2800 4492
563 233 645 294 96
1040 246 1093 290 s.
1137 243 1369 288 suosne
1412 241 1737 293 aemma-is
1779 243 2093 288 orusctma

564 381 672 423 non
705 362 1017 422 considerat
1046 359 1206 416 aliter
1245 374 1409 432 quam
1456 359 1550 415 sit.
1575 359 1693 415 Non
1728 358 1874 414 enim
1916 358 2171 431 intelligit
2209 359 2409 418 lineam
2458 377 2608 420 esse

564 455 683 511 sine
708 449 940 508 materia
965 448 1229 513 sensibili,
1246 447 1342 504 sed
1366 447 1677 503 considerat
1702 445 1903 502 lineam
1920 453 1977 502 et
2000 447 2117 518 ejus
2145 448 2425 520 passiones
2462 450 2607 506 sine

565 539 1002 599 consideratione
1027 536 1277 594 materiae
1299 533 1594 603 sensibilis,
1622 541 1677 591 et
1706 535 1787 592 sic
1820 551 1927 592 non
1950 540 2035 592 est
2065 535 2403 593 dissonantia
2432 537 2605 594 inter

565 629 905 686 intellectum
930 632 986 682 et
1009 642 1143 693 rem,
1171 625 1303 699 quia
1333 625 1502 692 etiam
1530 623 1830 680 secundum
1860 638 1975 679 rem
1999 623 2056 680 id
2084 624 2231 695 quod
2255 631 2340 680 est
2370 625 2443 682 de
2481 643 2608 684 na-

567 724 690 773 tura
710 716 886 782 lineae,
915 730 1022 771 non
1040 713 1312 787 dependet
1341 712 1412 769 ab
1435 727 1499 768 eo
1530 727 1638 784 quo
1686 711 1817 768 facit
1854 711 2143 768 materiam
2181 728 2303 770 esse
2338 714 2603 771 sensibi-

543 805 693 873 lem,
726 804 822 861 sed
854 804 1028 881 magis
1054 819 1084 858 e
1113 817 1376 858 converso
1403 818 1418 856 ε
1446 805 1503 857 et
1527 800 1610 857 sic
1632 807 1783 873 patet
1809 801 1955 873 quod
1991 800 2429 859 abstrahentiam
2474 819 2604 860 non

567 899 652 950 est
675 889 1041 956 mendacium,
1075 895 1136 946 ut
1164 889 1366 945 dicitur
1393 903 1439 944 11
1464 887 1626 960 Phys.

638 980 723 1037 Ad
776 978 1075 1036 secundum
1129 977 1443 1047 dicendum,
1484 976 1630 1049 quod
1670 976 1953 1032 materiale
1995 992 2101 1033 non
2146 976 2321 1034 solum
2370 979 2602 1036 dicitur

567 1071 722 1141 cujus
743 1085 870 1141 pars
885 1077 940 1124 et
971 1067 1223 1135 materia,
1250 1065 1347 1122 sed
1375 1065 1545 1121 etiam
1591 1065 1646 1119 in
1680 1065 1828 1138 quod
1858 1065 1913 1120 in
1954 1066 2189 1123 materia
2226 1083 2347 1122 esse
2384 1066 2598 1135 habet,

565 1157 862 1215 secundum
891 1171 1054 1228 quem
1086 1153 1310 1210 modum
1351 1153 1495 1209 linea
1537 1152 1810 1208 sensibilis
1852 1153 2135 1211 materiale
2160 1153 2438 1227 quoddam
2468 1157 2599 1214 dici

567 1252 770 1320 potest.
795 1244 950 1301 Unde
975 1260 1070 1316 per
1097 1243 1202 1299 hoe
1229 1258 1335 1298 non
1365 1240 1682 1315 prohibetur
1706 1242 1839 1315 quin
1867 1241 2009 1299 linea
2032 1243 2150 1298 sine
2188 1246 2419 1301 materia
2444 1261 2600 1302 sen-

567 1335 742 1391 sibilis
765 1339 1112 1407 comparatur
1142 1330 1211 1387 ad
1242 1330 1456 1398 lineam,
1483 1331 1625 1386 sicut
1660 1345 1807 1403 pare,
1839 1329 1935 1388 sed
1981 1331 2125 1389 sicut
2166 1333 2481 1404 subjectum
2530 1336 2597 1390 in

565 1438 678 1495 quo
700 1437 819 1478 esse
846 1421 1028 1486 habet,
1057 1428 1113 1476 et
1131 1419 1212 1476 sic
1235 1425 1320 1474 est
1342 1419 1411 1474 de
1436 1417 1726 1490 superficie
1754 1425 1810 1473 et
1835 1433 2084 1490 corpore.
2115 1419 2236 1475 Non
2274 1421 2423 1476 enim
2450 1438 2595 1478 ma·-

567 1511 894 1567 thematicus
945 1507 1257 1575 considerat
1303 1521 1503 1579 corpus
1552 1506 1698 1578 quod
1740 1513 1827 1562 est
1873 1505 1927 1561 in
1980 1521 2180 1578 genere
2226 1508 2586 1578 substantiae,

566 1607 728 1674 prout
766 1599 885 1670 ejus
927 1611 1054 1670 pars
1090 1604 1174 1652 est
1224 1595 1474 1661 materia,
1502 1594 1597 1650 sed
1640 1593 1938 1650 secundum
1987 1595 2133 1667 quod
2173 1600 2255 1650 est
2291 1597 2347 1652 in
2374 1614 2590 1669 genere

569 1686 895 1760 quantitatis
917 1684 1090 1740 tribus
1112 1681 1541 1739 dimensionibus
1571 1682 1892 1754 perfeetum,
1924 1690 1981 1738 et
2010 1685 2089 1740 sic
2122 1695 2478 1757 comparatur
2512 1688 2589 1744 ad

566 1788 766 1844 corpus
788 1771 937 1844 quod
959 1775 1042 1827 est
1066 1769 1123 1824 in
1141 1785 1341 1840 genere
1367 1768 1709 1838 substantiae,
1724 1771 1882 1842 cujus
1907 1786 2033 1843 pars
2057 1780 2142 1829 est
2171 1774 2401 1831 materia
2431 1775 2593 1850 phy-

569 1861 704 1927 sica,
737 1859 880 1916 sicut
907 1858 1162 1914 accidens
1185 1857 1256 1914 ad
1277 1857 1607 1929 subjectum.
2598 1919 2606 1924 ,

637 1948 720 2005 Ad
749 1947 972 2004 tertium
997 1945 1307 2014 dicendum,
1339 1944 1486 2019 quod
1512 1947 1744 2002 materia
1769 1961 1877 2003 non
1899 1953 1984 2004 est
2012 1947 2341 2022 principium
2381 1952 2593 2010 diver-

569 2037 752 2094 sitatis
773 2034 1073 2093 secundum
1098 2050 1401 2101 numerum,
1430 2035 1535 2091 nisi
1565 2035 1867 2092 secundum
1892 2035 2039 2108 quod
2072 2039 2129 2092 in
2159 2037 2359 2096 multas
2389 2052 2590 2112 partes

569 2125 747 2182 divisa
780 2125 848 2204 ‚in
893 2123 1121 2194 singulis
1169 2122 1415 2195 partibus
1456 2123 1687 2180 formam
1733 2123 2004 2197 recipiens
2050 2125 2296 2196 ejusdem
2343 2129 2588 2187 rationis

571 2214 726 2286 plura
752 2213 1032 2270 individua
1061 2212 1304 2283 ejusdem
1341 2212 1542 2284 speciei
1584 2213 1891 2269 constituit.
1920 2214 2147 2270 Materia
2186 2222 2370 2272 autem
2399 2219 2587 2278 dividi

570 2318 678 2359 non
705 2300 1002 2375 potestnisi
1026 2317 1093 2356 ex
1116 2299 1511 2373 praesupposita
1523 2301 1851 2374 quantitate,
1869 2314 1976 2374 qua
2002 2309 2231 2370 remota,
2265 2305 2587 2367 substantia

569 2390 747 2446 omnis
782 2389 1422 2456 indivisibilisremanet,
1457 2395 1515 2445 et
1555 2389 1637 2445 sic
1673 2387 1848 2461 prima
1886 2389 2025 2446 ratio
2071 2391 2486 2452 diversificandi
2517 2414 2587 2454 ea

573 2495 697 2552 quae
743 2488 872 2536 sunt
917 2479 1078 2535 unius
1111 2477 1334 2551 speciei,
1380 2485 1465 2534 est
1503 2492 1668 2550 penes
1709 2478 2096 2551 quantitatem.
2146 2479 2303 2550 Quod
2348 2485 2586 2556 quidem

571 2568 870 2642 quantitati
897 2566 1161 2638 competit
1189 2566 1244 2621 in
1274 2571 1540 2638 quantum
1564 2565 1621 2621 in
1651 2581 1750 2622 sua
1773 2567 1987 2622 ratione
2008 2567 2195 2635 situm,
2227 2573 2387 2642 quasi
2417 2573 2587 2631 diffe-

571 2657 805 2712 rentiam
829 2653 1244 2710 constitutivam
1270 2651 1454 2719 habet,
1482 2653 1627 2726 quod
1656 2653 1785 2709 nihil
1813 2659 1900 2711 est
1921 2653 2068 2711 aliud
2093 2672 2259 2730 quam
2286 2661 2425 2716 ordo
2446 2679 2586 2736 par..

572 2743 729 2799 tium.
775 2741 930 2798 Unde
973 2741 1141 2796 etiam
1184 2739 1463 2798 abstracta
1508 2743 1817 2813 quantitate
1861 2760 1895 2800 a
1934 2745 2168 2802 materia
2204 2747 2453 2805 sensibili
2482 2768 2587 2825 per

572 2829 929 2898 intellectum,
964 2829 1140 2885 adhuc
1167 2829 1435 2900 contingit
1470 2829 1769 2902 imaginare
1810 2832 2027 2890 diversa
2050 2834 2352 2893 secundum
2376 2853 2587 2897 nume·-

571 2934 695 2976 rum
719 2919 879 2974 unius
917 2917 1141 2990 speciei,
1172 2918 1314 2974 sicut
1341 2917 1526 2990 plures
1567 2919 1866 2992 triangulos
1908 2920 2277 2994 aequilateroS,
2307 2931 2364 2980 et
2393 2926 2585 2999 plures

568 3008 744 3065 lineas
773 3013 952 3064 rectas
978 3006 1238 3078 aequales.
1518 3028 1522 3032 ·
2562 3049 2567 3056 .

640 3097 724 3153 Ad
749 3102 1006 3170 quartum
1029 3095 1340 3163 dicendum,
1359 3095 1504 3168 quod
1530 3095 1919 3154 mathematica
1945 3113 2051 3153 non
2082 3099 2350 3158 abstrahit
2374 3119 2410 3160 a
2434 3123 2586 3179 qua-

568 3185 703 3241 libet
733 3186 981 3251 materia,
1009 3185 1107 3242 sed
1140 3179 1316 3240 solum
1339 3200 1372 3240 a
1410 3184 1644 3241 materia
1668 3185 1931 3242 sensibili.
1958 3187 2149 3245 Partes
2182 3198 2369 3248 autem
2395 3213 2586 3268 quan-

573 3274 751 3330 titatis
778 3291 810 3331 a
836 3273 1034 3347 quibus
1057 3273 1451 3330 demonstratio
1480 3280 1697 3346 sumpta
1726 3275 2149 3347 quodammodo,
2178 3278 2320 3337 sicut
2345 3278 2584 3344 a'causa

572 3361 840 3418 materiali
865 3363 1005 3417 sumi
1035 3360 1269 3427 videtur,
1302 3375 1412 3416 non
1440 3368 1567 3417 sunt
1597 3363 1825 3419 materia
1848 3363 2139 3433 sensibilia,
2172 3367 2269 3424 sed
2299 3374 2585 3442 pertinent

573 3451 642 3509 ad
669 3450 954 3506 materiam
978 3449 1390 3521 intelligibilem,
1416 3465 1542 3525 quae
1570 3450 1737 3507 etiam
1766 3451 1821 3508 in
1843 3452 2247 3513 mathematicis
2274 3457 2580 3535 invenitur,

575 3545 636 3598 ut
665 3538 815 3613 pate‘t
846 3555 901 3596 v1
925 3539 1200 3613 Metaphy.
2273 3567 2280 3575 ·

643 3628 726 3685 Ad
752 3628 1002 3701 quintum
1025 3627 1334 3694 dicendum,
1364 3628 1509 3701 quod
1548 3636 1729 3686 motus
1774 3631 2073 3687 secundum
2122 3639 2376 3692 naturam
2420 3655 2583 3698 suam

571 3733 678 3772 non
707 3717 938 3789 pertinet
962 3715 1032 3771 ad
1048 3731 1219 3786 genus
1243 3717 1590 3788 quantitatiS,
1604 3717 1700 3772 sed
1725 3719 2019 3791 participat
2042 3719 2252 3795 aliquid
2276 3722 2346 3780 de
2376 3737 2584 3786 natura

575 3804 897 3878 quantitatis
937 3803 1174 3875 aliunde,
1218 3803 1521 3862 secundum
1563 3805 1710 3878 quod
1752 3805 1949 3865 divisio
1986 3815 2169 3868 motus
2214 3813 2458 3872 sumitur
2521 3833 2584 3875 ex
