2800 4492
630 398 633 401 ⁴
740 357 859 403 ιιι.
891 372 969 387 -
998 357 1424 409 Quocum-rum
1461 350 1792 408 'sneunmm
2119 336 2267 405 (181
2371 345 2377 352 ‘

258 470 587 535 tentiosum.
630 504 698 517 —
736 474 841 531 Sed
879 481 1091 544 contra,
1137 478 1436 534 secundum
1478 478 1864 553 Philosophum
1901 477 1968 534 in·
2001 493 2045 534 11
2089 476 2270 534 Ethic.

251 562 397 634 (cap.
444 563 503 633 1),
550 564 783 621 intentio
826 564 1155 637 legislatoris
1186 574 1271 623 est
1312 568 1463 625 cives
1503 568 1684 625 facere
1721 568 1910 624 bonos,
1944 566 2100 637 Quod
2142 578 2274 638 ergo

258 649 393 706 iicet
419 653 726 709 secundum
748 654 911 726 legeS,
945 670 1051 711 non
1076 661 1163 711 est
1192 658 1528 713 contrarium
1555 658 1927 714 conscientiae.
2050 722 2055 727 ,

329 742 383 793 4.
412 740 521 797 Sed
546 748 741 799 contra
770 750 873 812 est,
900 744 1032 817 quia
1055 745 1354 801 secundum
1373 746 1527 817 *leges
1555 746 1744 803 civiles
1771 747 1817 802 si
1849 746 2049 819 aliquis
2069 744 2272 801 vendat

256 829 463 885 animal
493 832 823 901 morbidum,
855 838 1074 889 tenetur
1114 834 1183 890 de
1228 835 1383 891 vitio.
1411 835 1553 908 Ergo
1597 842 1812 893 tenetur
1854 836 2038 893 dicere
2079 834 2274 892 vitium

260 920 518 991 emptori.

332 1012 387 1064 2.
414 1009 708 1074 Praeteree,
741 1010 949 1068 Tutlius
972 1012 1108 1069 dicit
1142 1012 1198 1069 in
1225 1011 1363 1069 libro
1390 1012 1461 1069 de
1491 1012 1716 1079 Officiis,
1751 1012 1900 1086 quod
1934 1012 2003 1069 ad
2037 1012 2274 1069 officium

259 1096 390 1152 boni
412 1096 513 1153 viri
540 1100 779 1171 pertinet
799 1108 860 1155 ut
886 1100 1038 1159 dicat
1057 1102 1291 1175 emptori
1320 1101 1452 1158 iuud
1487 1117 1585 1174 pro
1610 1118 1719 1176 quo
1745 1118 1836 1157 res
1862 1102 2046 1158 minus
2069 1102 2276 1158 vende-

261 1190 437 1239 retur.
480 1184 804 1257 Hujusmodi
846 1192 1031 1245 autem
1074 1198 1159 1245 est
1198 1190 1391 1246 vitium
1429 1189 1508 1245 rei
1551 1188 1807 1245 venditae.
1837 1189 1981 1260 Ergo
2023 1188 2275 1246 venditor

263 1279 484 1329 tenetur
513 1274 697 1331 dicere
722 1277 953 1348 emptori
978 1275 1175 1333 vitium
1198 1277 1275 1333 rei
1296 1276 1556 1334 venditae.

332 1363 657 1435 Respondeo
696 1364 1006 1433 dicendum,
1048 1364 1195 1440 q‘uod
1237 1366 1448 1439 aliquid
1487 1367 1724 1439 pertinet
1752 1367 1821 1425 ad
1849 1368 2054 1425 bonum
2099 1367 2276 1424 virum

264 1451 337 1507 nd
363 1452 511 1523 quod
538 1457 718 1509 tamen
740 1453 987 1511 homines
1006 1468 1115 1509 non
1142 1460 1427 1523 tenentur-3
1456 1456 1598 1511 sicut
1627 1456 1696 1511 ad
1721 1456 1921 1514 bonum
1943 1458 2121 1511 virum
2147 1472 2278 1529 per-

264 1540 411 1595 tinet
452 1542 595 1613 quod
625 1541 923 1599 liberaliter
960 1544 1138 1599 amico
1174 1558 1273 1599 sua
1312 1543 1455 1600 bona
1485 1543 1768 1615 largietur,
1800 1546 2052 1617 quamvis
2081 1544 2151 1600 ad
2175 1544 2279 1599 hoc

264 1645 379 1683 non
409 1636 679 1686 teneatur.
718 1630 825 1687 Sed
864 1631 1070 1705 aliquid
1108 1632 1345 1705 pertinet
1373 1632 1444 1688 ad
1483 1632 1684 1689 bonum
1710 1634 1889 1690 virum
1918 1633 1988 1690 ad
2014 1632 2160 1705 quod
2191 1640 2278 1688 te-

265 1724 463 1788 netur3
502 1719 713 1775 scilicet
750 1720 897 1793 quod
943 1720 1139 1781 reddat
1184 1720 1348 1777 alicui
1376 1722 1522 1794 quod
1556 1722 1766 1794 justum
1804 1731 1922 1791 est3
1956 1737 2080 1779 nam
2123 1728 2280 1779 actus

257 1808 499 1879 justitiae
522 1819 605 1865 est
629 1817 689 1865 ut
719 1809 978 1866 reddatur
1006 1810 1169 1866 alicui
1196 1811 1341 1883 quod
1372 1810 1424 1867 oi
1453 1809 1710 1867 debetur..
1731 1810 1800 1867 Et
1826 1811 1953 1867 ideo
1981 1809 2281 1883 unusquis-

267 1912 382 1968 que
420 1898 669 1953 venditor
712 1897 779 1953 ad
826 1898 931 1954 hoc
960 1903 1178 1954 tenetur
1214 1903 1275 1953 ut
1305 1898 1514 1970 justam
1551 1899 1922 1955 venditionem
1949 1898 2136 1967 faciat,
2172 1912 2278 1955 non

266 1991 460 2041 autem
486 1994 542 2042 ut
566 1985 733 2043 saciat
758 1986 1127 2044 venditionem
1152 1986 1450 2056 liberalem,
1471 1988 1757 2047 dimittens
1777 1987 1985 2060 aliquid
2008 1987 2078 2043 de
2103 1986 2282 2059 pretio

259 2076 439 2145 justo.
457 2075 677 2131 lustitia
695 2083 882 2132 autem
902 2076 1193 2149 aequatitas
1216 2077 1472 2149 quaedam
1499 2084 1603 2142 est,
1635 2084 1696 2133 ut
1717 2076 1920 2134 dicitur
1940 2076 1994 2132 in
2015 2092 2051 2131 v
2073 2075 2277 2141 Ethic„

267 2178 398 2235 cap.
444 2180 504 2220 u.
537 2163 632 2220 Est
672 2180 803 2237 ergo
843 2166 993 2237 justa
1040 2165 1302 2233 venditi0‚
1350 2166 1568 2238 quando
1598 2159 1837 2238 pretium
1879 2169 2166 2237 acceptum
2211 2164 2282 2220 ab

268 2253 509 2308 habente
538 2260 790 2326 aequatur
819 2254 896 2309 rei
928 2250 1191 2323 venditae3
1215 2255 1417 2320 iniusta
1446 2262 1648 2321 autem,
1677 2254 1724 2310 si
1754 2270 1862 2312 non
1883 2260 2152 2325 aequetur,
2184 2251 2280 2308 sod

265 2341 395 2413 plus
423 2341 677 2414 accipiat.
706 2342 763 2416 Si
789 2357 917 2413 ergo
946 2341 1141 2398 vitium
1170 2342 1249 2397 rei
1280 2342 1517 2398 venditae
1544 2341 1712 2398 faciat
1748 2358 1864 2397 rem
1891 2340 2070 2396 minus
2098 2340 2280 2395 valere

267 2445 441 2501 quam
470 2430 703 2503 pretium
733 2430 1047 2504 impositum
1078 2447 1109 2487 a
1139 2430 1442 2497 venditore,
1477 2430 1680 2501 injusta
1707 2430 1812 2484 erit
1849 2427 2112 2494 venditio,
2139 2426 2282 2482 unde

268 2525 465 2591 peccat
492 2518 775 2575 occultans
804 2518 1029 2587 vitinm3
1070 2518 1115 2575 si
1159 2526 1341 2575 autem
1380 2534 1488 2573 non
1527 2516 1694 2573 faciat
1733 2532 1849 2573 rem
1893 2516 2074 2572 minus
2102 2515 2282 2571 valere

267 2622 440 2678 quam
462 2606 699 2679 pretium
724 2607 1061 2679 impositum,
1090 2607 1219 2679 quia
1250 2606 1391 2662 sorte
1420 2605 1880 2684 venditor-minus
1909 2604 2146 2678 pretium
2175 2606 2282 2658 im-

266 2694 425 2767 ponit
452 2702 675 2767 propter
702 2694 913 2763 vitium,
952 2701 1081 2751 tunc
1106 2710 1213 2751 non
1244 2700 1434 2767 peccat
1467 2700 1654 2750 tacens
1682 2694 1896 2760 vitium,
1929 2690 2059 2765 quia
2088 2692 2282 2747 vendi-

269 2783 353 2840 tio
393 2798 499 2839 non
530 2789 613 2839 est
644 2785 850 2856 injusta
881 2800 893 2837 :
928 2791 983 2839 et
1025 2784 1165 2840 forte
1202 2792 1346 2840 esset
1376 2782 1480 2839 sibi
1521 2784 1862 2849 damnosum,
1895 2782 1942 2837 si
1971 2780 2166 2837 vitium
2193 2780 2284 2840 di-

270 2880 451 2940 ceret3
497 2873 629 2945 quia
678 2878 893 2945 emptor
940 2871 1103 2928 vellet
1142 2871 1343 2928 habere
1384 2872 1696 2936 remetiam
1739 2887 1838 2944 pro
1881 2870 2076 2926 minori
2108 2868 2282 2941 pretio

272 2976 443 3035 quam
487 2960 719 3017 valeret.
760 2959 1082 3016 Liberaliter
1124 2968 1306 3018 tamen
1349 2960 1574 3028 feceret,
1619 2960 1666 3015 si
1707 2960 1964 3016 damnum
2003 2958 2282 3031 proprium

272 3056 653 3126 contemneret
696 3056 754 3105 ut
795 3048 1137 3107 satisfaceret
1164 3050 1432 3109 voluntati
1476 3049 1720 3116 alteriue,
1763 3048 1890 3104 iicet
1920 3047 1988 3103 ad
2032 3046 2134 3102 ho'c
2175 3062 2284 3101 non

275 3147 547 3196 teneatur.
998 3133 1010 3146 ‘

345 3228 428 3283 Ad
459 3229 695 3299 primum
736 3244 867 3300 ergo
908 3226 1220 3296 dicendum,
1254 3229 1399 3301 quod
1433 3243 1528 3300 per
1573 3226 1706 3283 illud
1752 3225 1958 3283 dictum
2001 3224 2136 3297 legis
2176 3241 2285 3283 non

274 3317 511 3375 habetur
540 3316 687 3390 qnod
728 3317 940 3373 licitum
980 3318 1055 3373 sit
1081 3317 1315 3389 simplici
1356 3316 1623 3374 venditori
1670 3317 1922 3389 decipere
1959 3324 2280 3391 emptorem,

272 3413 332 3461 et
358 3423 388 3461 6
430 3422 723 3475 converso;
768 3408 865 3462 sed
897 3406 1099 3463 dicitur
1142 3406 1349 3479 aliquid
1380 3420 1500 3461 esse
1531 3406 1741 3461 licitum
1769 3404 2067 3461 secundum
2111 3404 2285 3476 legem

273 3496 422 3566 quod
454 3512 550 3566 per
588 3496 764 3567 legem
803 3511 907 3552 non
945 3495 1198 3569 punitur‚.
1219 3495 1362 3551 sicut
1389 3496 1690 3551 secundum
1726 3495 1902 3567 legem
1929 3502 2172 3552 veterem
2216 3494 2286 3551 li-

271 3583 450 3639 bellus
478 3583 714 3657 repudii.
1683 3597 1690 3605 ·
1857 3589 1862 3595 '
2121 3620 2126 3625 -

349 3672 431 3739 Ad
460 3674 761 3729 secundum
806 3674 1117 3741 dicendum,
1150 3674 1293 3748 quod
1328 3681 1600 3747 praecepta
1638 3674 1774 3746 legis
1801 3681 1930 3731 sunt
1966 3671 2189 3729 ductiva
2217 3669 2287 3725 ad

274 3760 577 3834 perfectam
619 3762 879 3817 virtutem
913 3780 927 3817 :
969 3770 1150 3819 tamen
1174 3772 1349 3821 ‘ectus
1378 3763 1634 3835 perfectae
1675 3763 1897 3821 virtutis
1933 3776 2042 3816 non
2082 3760 2286 3815 cadunt

276 3848 385 3905 sub
414 3856 685 3921 praecepto
725 3849 861 3921 legis
901 3851 1185 3921 humanae3
1216 3852 1311 3907 sed
1349 3851 1600 3924 prohibet
1642 3850 1894 3924 quaedam
1923 3847 2194 3921 graviora,
2227 3854 2288 3926 ut

258 3936 553 4008 ‚gradatim
576 3938 826 3995 homines
863 3939 1083 3996 retracti
1116 3955 1149 3997 a
1184 3940 1342 3997 malis
1371 3956 1468 4012 per
1491 3955 1552 3996 se
1579 3938 1726 4011 ipsos
1749 3937 1816 3994 ad
1845 3936 2102 3996 virtutem
2127 3951 2289 3993 exer·
2371 4012 2374 4015 ‚
