2800 4492
777 395 890 441 111.
921 393 1002 426 -·-
1028 393 1457 446 ouonmnmun
1498 393 1799 440 ocnvuu·
2169 378 2297 441 437-

261 511 991 572 ecclesiasticum-*officium
1037 509 1274 584 aliquem
1317 511 1411 584 qui
1442 509 1515 566 sit
1556 511 1732 566 bonus
1769 509 2123 584 simpliciter;
2156 513 2297 586 quia

263 620 376 676 per
419 601 703 676 quodlibet
747 607 1033 673 peccatum
1075 599 1307 654 mortale
1358 599 1559 672 aliquis
1611 598 1858 655 redditur
1910 599 2163 672 indignus
2217 601 2293 657 ad·

265 691 561 765 quodlibet
593 689 878 763 spirituale
903 689 1282 761 exequendum
1313 705 1326 743 ε
1354 689 1497 744 unde
1524 687 1661 744 dicit
1698 688 1993 761 Dionysius
2041 687 2095 744 in
2138 689 2291 761 epis·

270 780 393 837 tola
437 780 506 836 ad
549 779 927 852 Demophilum
970 775 1314 840 monachum,
1349 776 1575 848 loquens
1614 776 1683 832 de
1724 777 2011 833 sacerdote
2048 778 2140 850 qui
2180 793 2286 834 non

270 877 364 926 est
387 869 566 940 gratia
591 861 928 924 illuminatus
961 883 977 920 τ
1004 866 1131 923 Non
1155 871 1232 920 est
1255 866 1352 920 iste
1379 865 1643 931 sacerdos,
1669 865 1759 921 secl
1787 865 2034 922 inimicus
2058 866 2285 934 dolosus,

273 958 488 1014 delusor
511 955 600 1012 sui
627 954 816 1026 ipsius,
840 961 890 1009 et
918 954 1072 1025 lupus
1111 971 1281 1026 supra
1308 953 1625 1028 dominicum
1643 955 1917 1026 populum,
1938 956 2071 1026 pelle
2099 967 2288 1012 arma*

275 1054 366 1103 tus
393 1046 718 1101 ovina.Non
759 1052 939 1100 tamen
983 1049 1200 1115 oportet
1242 1043 1386 1117 quod
1427 1059 1643 1116 semper
1685 1043 1917 1116 eligatur
1954 1044 2045 1100 ille
2085 1045 2179 1116 qui
2204 1044 2289 1102 est

275 1134 474 1190 melior
503 1133 858 1205 simpliciter3
891 1131 1148 1202 possibile
1175 1141 1258 1188 est
1287 1133 1435 1188 enim
1459 1133 1604 1203 quod
1637 1132 1717 1187 ilii
1742 1133 1834 1204 qui
1863 1140 1948 1188 est
1978 1133 2034 1188 in
2056 1135 2287 1190 caritate

279 1223 596 1297 perfectior,
623 1221 882 1277 deficiant
919 1220 1092 1276 multa
1119 1236 1247 1292 quae
1271 1222 1626 1293 requiruntur
1656 1221 1723 1276 ad
1754 1221 1857 1276 hoc
1901 1223 2047 1295 quod
2089 1222 2289 1296 aliquis

279 1313 352 1370 sit
382 1311 642 1386 praelatus
669 1311 912 1374 idoneus»,
941 1325 1068 1383 quae
1103 1309 1156 1364 in
1196 1309 1303 1365 alio
1341 1311 1435 1382 qui
1464 1319 1547 1366 est
1576 1309 1803 1365 minoris
1830 1310 2098 1375 caritatis,
2130 1313 2289 1368 inve-

281 1401 508 1458 niuntur
539 1417 554 1455 :
583 1407 643 1456 ut
673 1407 802 1454 sunt
830 1397 1081 1467 scientia,
1115 1397 1402 1462 industria,
1437 1397 1701 1470 potentia,
1735 1406 1790 1454 et
1818 1398 1926 1455 alia
1955 1399 2283 1472 hujusmodi,

279 1491 436 1549 Unde
460 1505 567 1544 non
599 1494 812 1560 oportet
840 1502 1067 1557 semper
1105 1485 1305 1557 eligere
1343 1485 1624 1542 meliorem
1656 1485 1996 1558 simpliciter,
2028 1488 2123 1544 sed
2162 1505 2286 1546 eum
2356 1492 2360 1496 ’

280 1596 376 1654 qut
405 1579 478 1634 sit
509 1576 697 1632 melior
723 1574 792 1631 ad
815 1574 920 1630 boc
944 1573 1201 1629 officium.

351 1668 407 1725 Si
439 1675 625 1722 autem
651 1664 818 1736 eligat
841 1652 965 1736 quis
993 1677 1117 1718 eum
1148 1677 1312 1734 quem
1346 1668 1565 1734 reputat
1593 1662 1771 1720 minus
1800 1663 2053 1720 idoneum
2079 1666 2147 1722 ad
2180 1667 2287 1724 tale

281 1757 540 1822 officium,
571 1758 784 1828 peccat.
810 1754 929 1809 Non
958 1752 1103 1806 enim
1129 1759 1310 1823 potest
1336 1767 1457 1808 esse
1484 1754 1629 1826 quod
1681 1755 1749 1810 de
1790 1755 2002 1812 duobus
2038 1773 2177 1814 unus
2202 1758 2288 1814 al-

284 1847 389 1904 teri
419 1844 772 1918 praeeligatur
812 1841 917 1897 nisi
938 1847 1174 1913 ,propter
1214 1840 1420 1914 aliquid
1464 1841 1517 1896 in
1547 1843 1665 1916 ipso
1694 1844 2117 1902 consideratum.
2148 1847 2287 1902 Illud

283 1940 472 1992 autem
514 1931 659 2004 quod
693 1930 1071 1986 consider-atur
1103 1931 1154 1984 in
1198 1945 1263 1985 eo
1315 1930 1409 2003 qui
1453 1937 1537 1987 est
1578 1931 1755 1986 minus
1796 1933 2041 1998 idoneus,
2070 1935 2138 1992 ad
2186 1934 2289 1992 boc

282 2023 432 2098 quod
463 2021 637 2092 magis
660 2011 854 2076 idoneo
883 2017 1224 2092 praeferatur,
1255 2026 1340 2074 est
1367 2018 1551 2092 aliqua
1590 2019 1829 2076 conditio
1877 2021 2117 2078 indebite
2157 2040 2287 2080 ›mo-

281 2127 450 2179 vens;
477 2110 560 2164 vel
587 2107 950 2172 familiarita3‚
985 2106 1071 2162 vel
1096 2107 1559 2177 consanguinitas,
1593 2107 1677 2162 vel
1706 2107 1913 2182 aliquid
1942 2109 2285 2182 hujusmodi3

283 2215 394 2258 nou
419 2198 772 2271 enim'potest
793 2211 913 2251 esse
942 2194 1126 2267 aliqua
1153 2187 1396 2250 conditio
1423 2195 1701 2267 pertinens
1735 2196 1805 2252 ad
1828 2197 2040 2270 praelati
2076 2199 2292 2256 idonei-

211 2351 216 2354 ·
285 2295 478 2354 tatem,
507 2303 574 2342 ex
599 2302 706 2360 quo
744 2285 884 2341 alter
917 2282 1240 2355 simpliciter
1276 2283 1451 2353 magis
1494 2283 1721 2338 idoneus
1766 2279 2086 2356 reputatur-3
2111 2295 2169 2344 et
2208 2289 2289 2345 sic
2370 2277 2373 2280 ⁴

283 2377 530 2436 indebite
558 2382 771 2442 movet;
800 2378 856 2428 et
891 2373 974 2428 sic
1006 2373 1059 2426 in
1097 2371 1193 2428 tali
1222 2369 1488 2427 electione
1516 2371 1621 2427 erit
1648 2371 1721 2427 ibi
1748 2375 1995 2446 acceptio
2023 2392 2288 2447 persona·-

284 2483 428 2534 rum‚
457 2481 582 2538 quae
603 2464 720 2518 sine
747 2467 973 2534 peccato
999 2477 1102 2515 non
1131 2460 1210 2515 fit.

357 2555 442 2612 Ad
470 2555 700 2626 primum
728 2565 858 2622 ergo
887 2548 1198 2614 dicendum,
1219 2547 1363 2619 quod
1381 2563 1507 2604 cum
1528 2531 1751 2604 dicitur.
1773 2548 1973 2623 Eligite
1998 2554 2288 2626 meliorem,

285 2641 616 2714 intelligitur
643 2640 711 2694 de
736 2637 948 2694 meliori
975 2637 1042 2692 ad
1066 2636 1230 2693 talem
1250 2636 2273 2708 dignitatem..

359 2733 444 2788 Ad
469 2728 768 2786 secundum
797 2726 1108 2792 dicendum,
1141 2725 1326 2797 quod
1315 2741 1369 2780 ιιι
1418 2726 1826 2798 comparatione
1854 2730 2067 2802 praelati
2091 2733 2291 2792 debent

288 2836 410 2878 esse
446 2817 616 2874 ceteri
653 2814 812 2888 quasi
847 2829 998 2884 grex,
1025 2829 1134 2868 non
1175 2805 1521 2870 considerata
1561 2813 1676 2871 sola
1714 2819 2009 2898 sanctitate
2056 2835 2301 2894 morum,‘

287 2910 387 2967 sed
416 2906 765 2970 discretione,
793 2912 848 2960 et
872 2903 1215 2970 strenuitate,
1244 2909 1300 2960 et
1325 2903 1449 2962 aliis
1475 2903 1807 2977 hujusmodi,
1836 2925 1961 2981 quae
1988 2912 2041 2968 in
2072 2923 2291 2986 pastore

289 2997 584 3069 exiguntur
609 2993 677 3050 ad
703 2991 1022 3064 regendum.

362 3085 449 3143 Ad
480 3084 704 3140 tertium
727 3081 1019 3137 dicendum
1043 3079 1186 3135 sicut
1215 3079 1284 3135 ad
1307 3081 1563 3153 primum.

361 3173 730 3245 Ad‘quartum
759 3161 1068 3234 dicendum,
1097 3167 1244 3240 quod
1271 3167 1362 3222 ille
1385 3170 1479 3240 qui
1510 3168 1733 3240 eligitur
1770 3170 1823 3228 in
1854 3173 2161 3245 praelatum,
2188 3195 2297 3239 non

293 3261 518 3334 eligitur
543 3260 699 3333 quasi
729 3259 796 3315 ad
818 3257 1181 3314 hereditatem
1211 3256 1625 3329 possidendam
1652 3260 1780 3331 quia
1807 3260 2081 3322 hereditas
2110 3267 2299 3326 Chris-

293 3351 570 3407 tianorum
597 3364 704 3403 non
729 3354 814 3403 est
842 3347 899 3402 in
925 3351 1090 3411 terra,
1115 3345 1210 3400 sed
1241 3350 1325 3400 est
1354 3344 1411 3402 in
1440 3344 1602 3414 coelo,
1622 3348 1835 3406 scilicet
1860 3352 1977 3426 ipse
2002 3355 2177 3424 Deus;
2206 3373 2301 3414 se..

295 3437 536 3496 cundum
565 3435 696 3492 illud
726 3434 869 3491 Psal.
901 3450 998 3500 xv,
1026 3435 1059 3488 5
1096 3450 1111 3488 ε
1153 3431 1415 3489 Dominus
1436 3451 1567 3508 pars
1614 3437 1926 3498 hereditatis
1953 3461 2101 3500 meoe.
2126 3445 2302 3518 Eligi-

296 3534 390 3584 tur
412 3533 598 3583 autem
621 3524 770 3580 velut
797 3523 1142 3596 dispensator
1172 3520 1459 3581 infantilia
1487 3525 1691 3582 domini
1722 3529 1971 3601 alicujus,
2002 3532 2303 3595 'secundum

297 3615 432 3672 illud
462 3614 484 3669 1
512 3612 756 3670 Corinth.
791 3628 868 3678 lv,
897 3613 958 3667 4.
974 3609 1061 3666 Sic
1087 3627 1182 3667 nos
1205 3611 1473 3670 existimet
1497 3614 1648 3671 homo
1674 3623 1737 3671 ut
1763 3617 2041 3675 ministros
2070 3619 2300 3688 Christi,

297 3709 352 3759 et
373 3701 760 3774 dispensatores
785 3701 1166 3773 mysteriorum
1187 3701 1303 3758 Dei.
1333 3702 1691 3776 Dispensator
1727 3711 1911 3760 autem
1952 3723 2061 3763 ιιοιι
2088 3723 2305 3782 semper

299 3789 522 3861 eligitur
545 3789 639 3861 qui
668 3797 754 3845 est
777 3791 1152 3862 proqinquior,
1185 3789 1280 3845 sed
1311 3791 1404 3862 qui
1426 3796 1511 3844 est
1534 3790 1709 3860 magis
1736 3777 1990 3848 idoneus·

305 3934 312 3938 ,
371 3877 454 3934 Ad
483 3875 736 3950 quintum
761 3877 1072 3945 dicendum,
1093 3878 1238 3950 quod
1263 3877 1517 3932 similiter
1538 3877 1707 3934 etiarn
1732 3879 2115 3953 contingeret'
2102 3901 2155 3940 ιιι
2176 3901 2308 3958 pro-

302 3966 596 4024 curatione·
631 3964 775 4023 servi
829 3965 1060 4038 alicujus
1111 3964 1316 4022 domini
1365 3963 1679 4040 temporalis
1729 3967 1877 4042 quod
1932 3985 2040 4028 non
2092 3981 2307 4046 oportet
