2800 4492
708 332 796 378 xi.
828 349 908 366 -
933 334 1002 380 m
1053 335 1323 380 sonuum
1363 335 1443 380 ns
1482 333 1807 380 ‘ramirus
2141 316 2260 380 119

246 443 482 502 definita
501 452 628 502 sunt
647 448 981 521 praecognita
1003 449 1251 523 partibus
1269 449 1623 509 delinitionis·
1648 450 1879 524 Oportet
1900 450 2047 508 enim
2072 451 2259 508 scien-

249 543 364 588 tem
389 532 662 591 bominem
681 549 820 603 esse,
847 543 906 594 et
926 545 1262 610 quaerentem
1288 539 1421 611 quid
1442 547 1529 596 est
1552 538 1736 605 homo,
1766 553 1865 612 per
1885 537 2261 600 definitionem

246 620 392 678 scire
404 622 536 694 quid
551 620 658 680 hoc
671 637 866 682 nomen
883 644 910 680 α
933 625 1096 684 homo
1115 646 1142 680 ιο
1158 627 1451 698 significat.
1479 628 1597 685 Nec
1609 627 1713 684 hoc
1730 633 1877 702 esset
1890 625 2075 700 aliquo
2095 626 2259 684 modo

247 709 356 768 nisi
372 709 616 784 aliquam
644 728 764 769 rem
788 714 1118 787 conciperet,
1146 731 1312 788 quam
1335 716 1443 774 scit
1464 731 1605 784 esse,
1633 715 1885 790 quamvis
1909 715 2119 774 nesciat
2140 716 2261 787 ejus

247 796 641 856 definitionem.
685 800 936 873 Concipit
957 803 1103 859 enim
1128 802 1404 861 hominem
1432 805 1729 862 secundum
1757 803 2125 875 cognitionem
2151 801 2263 860 ali-

248 886 408 958 cujus
433 889 650 958 generis
677 890 938 961 proximi,
957 890 1043 948 vel
1071 893 1286 958 remoti,
1311 901 1370 950 et
1406 891 1717 966 aliquorum
1739 890 2109 950 accidentium
2132 905 2263 964 quae

250 980 407 1032 extra
443 983 710 1048 apparent
735 977 804 1034 de
833 979 972 1052 ipso.
1007 979 1238 1054 Oportet
1270 980 1420 1040 enim
1454 980 1836 1040 definitionum
1864 979 2257 1054 cognitionem,

249 1063 396 1120 sicut
417 1070 474 1121 et
499 1064 1046 1137 demonstrationum,
1077 1085 1148 1126 ex
1177 1068 1362 1144 aliqua
1399 1068 1772 1142 praeexistenti
1798 1068 2111 1142 cognitione
2146 1068 2261 1132 ini·

251 1153 392 1208 tium
427 1169 664 1211 sumere.
699 1155 758 1212 Si
785 1171 916 1229 ergo
949 1157 1018 1216 de
1054 1158 1187 1226 Deo,
1221 1166 1278 1216 et
1305 1158 1375 1215 de
1401 1157 1527 1216 aliis
1562 1156 1887 1216 substantiis
1917 1157 2263 1217 immateria-

253 1240 396 1298 libus
434 1257 543 1298 non
570 1258 862 1316 possumus
890 1246 1034 1304 scire
1076 1262 1148 1304 an
1175 1251 1280 1314 est,
1310 1246 1419 1304 nisi
1454 1245 1721 1308 sciremus
1746 1245 2151 1321 quodammodo
2190 1246 2262 1303 de

251 1331 334 1388 eis
371 1331 505 1404 quid
533 1342 616 1390 est
647 1333 751 1390 sub
783 1335 1020 1409 quadam
1050 1335 1539 1411 confusione.fiHoc
1574 1343 1759 1392 autem
1786 1350 1894 1394 non
1922 1341 2105 1408 potest
2140 1349 2263 1392 esse

250 1435 351 1492 per
388 1423 753 1493 cognitionem
791 1425 1022 1499 alicujus
1057 1425 1274 1497 generis
1314 1425 1569 1499 proximi,
1612 1423 1701 1481 vel
1747 1424 1963 1492 remoti,
2008 1438 2076 1480 eo
2111 1423 2261 1496 quod

251 1509 401 1566 Deus
435 1508 489 1566 in
514 1510 661 1568 nullo
696 1529 895 1585 genere
927 1521 1012 1570 est
1038 1527 1166 1570 cum
1193 1527 1300 1570 non
1339 1513 1559 1579 habeat,
1586 1511 1733 1584 qued
1760 1511 1893 1585 quid
1933 1519 2021 1570 cst
2043 1509 2192 1569 aliud
2226 1527 2261 1568 a

250 1611 352 1654 suo
391 1613 532 1666 esse,
571 1600 718 1675 quod
759 1602 1057 1676 requiritur
1095 1603 1154 1660 in
1181 1601 1437 1668 omnibus
1473 1601 1784 1674 generibus,
1830 1606 1894 1657 ut
1927 1599 2065 1657 dicit
2099 1598 2259 1657 Avic.

249 1685 392 1744 Aliae
423 1694 608 1744 autem
644 1689 970 1757 substantias
993 1689 1384 1754 immateriales
1418 1699 1625 1748 creatae
1664 1702 1793 1747 sunt
1817 1689 2043 1767 quidem
2076 1690 2131 1745 in
2159 1705 2261 1761 ge-

249 1791 402 1832 nere,
431 1776 502 1832 Et
523 1779 775 1850 quamvis
797 1779 974 1852 logice
1000 1779 1394 1837 considerando
1418 1779 1746 1836 conveniant
1773 1794 1898 1837 cum
1931 1779 2055 1836 istis
2077 1778 2263 1835 sensi-

249 1863 452 1920 bilibus
477 1866 534 1922 in
560 1881 761 1938 genere
796 1873 1028 1936 remoto,
1057 1867 1206 1942 quod
1233 1875 1320 1926 est
1355 1867 1687 1935 substantia,
1720 1867 2045 1929 naturaliter
2076 1873 2260 1924 tamen

249 1952 524 2026 loquendo
551 1969 655 2010 non
690 1957 1023 2014 conveniunt
1049 1956 1105 2013 in
1137 1957 1330 2014 eodem
1357 1972 1579 2029 genere,
1617 1956 1763 2016 sicut
1800 1971 1902 2012 nec
1936 1956 2105 2017 etiam
2131 1972 2262 2013 cor-

249 2055 386 2116 pora
411 2041 658 2100 coelestia
691 2059 818 2102 cum
851 2045 975 2103 istis
1010 2029 1378 2105 inierid‘ribus.
1418 2046 1713 2119 Corporale
1738 2044 1885 2102 enim
1908 2051 1965 2101 et
2004 2045 2263 2116 incorpo-

249 2129 366 2187 rale
405 2145 512 2188 non
539 2138 668 2188 sunt
691 2133 942 2206 ejusdem
963 2133 1204 2208 generis,
1233 2140 1295 2191 ut
1331 2134 1539 2192 dicitur
1566 2149 1609 2192 x
1644 2134 1809 2192 Meta.
1852 2133 2087 2205 Logicus
2112 2133 2263 2196 enim

249 2214 561 2277 considerat
612 2220 860 2278 absolute
895 2221 1244 2289 intentiones,
1302 2221 1604 2282 secundum
1644 2234 1785 2296 quas
1828 2219 1963 2278 nibil
2009 2221 2259 2296 prohibet

249 2308 542 2363 convenire
580 2309 888 2369 materialia
915 2309 1387 2380 immaterialibus,
1436 2317 1495 2368 et
1520 2310 1957 2383 incorruptibilia
1982 2310 2263 2384 corrupti-

249 2394 469 2452 bilibus.
493 2396 602 2452 Sed
629 2397 896 2464 naturalis
920 2404 976 2460 et
1002 2398 1358 2472 philosophus
1383 2399 1595 2472 primus
1621 2397 1971 2455 considerant
1993 2397 2263 2454 essentias

249 2483 549 2542 secundum
589 2485 738 2558 quod
775 2485 978 2550 babent
1004 2502 1128 2544 esse
1157 2488 1214 2543 in
1251 2486 1435 2554 rebus,
1474 2494 1531 2542 et
1566 2484 1693 2542 ideo
1718 2483 1813 2541 ubi
1849 2485 2134 2543 inveniunt
2170 2484 2263 2550 ‹li-2

251 2587 471 2630 versum
499 2573 722 2640 modum
749 2574 1012 2647 potentiae
1044 2582 1101 2631 et
1123 2583 1316 2642 actus,
1357 2581 1415 2630 et
1440 2591 1539 2648 per
1572 2573 1681 2636 hoc
1717 2572 1996 2630 diversum
2037 2572 2261 2630 modum

249 2660 487 2731 essendi,
529 2661 722 2720 dicunt
773 2677 896 2720 esse
933 2663 1152 2724 diversa
1192 2679 1413 2735 genere.
1454 2662 1719 2721 Similiter
1758 2661 1927 2719 etiam
1970 2662 2115 2724 Deus
2152 2676 2261 2718 non

250 2748 415 2808 habet
441 2749 663 2823 aliquod
709 2750 985 2822 accidens,
1015 2758 1078 2810 ut
1103 2751 1245 2810 infra
1273 2751 1613 2824 probabitur.
1654 2751 1797 2812 Aliae
1838 2766 1969 2808 vero
1996 2751 2259 2808 immate-

249 2837 416 2896 riales
436 2837 762 2898 substantiae
778 2841 827 2898 si
850 2839 1054 2898 habent
1076 2840 1262 2915 aliqua
1280 2840 1606 2909 accidentia,
1635 2857 1742 2900 non
1770 2846 1899 2898 sunt
1922 2839 2079 2896 nobis
2104 2843 2257 2908 nota,

249 2935 306 2984 et
345 2926 472 2984 ideo
515 2942 624 2985 non
649 2943 958 3004 ‚possumus
990 2944 1338 3001 cognoscere,
1369 2929 1519 3003 quod
1547 2928 1774 2988 confusa
1813 2928 2125 3000 cognitione
2161 2941 2261 2986 co-

249 3021 584 3090 gnoscantur
609 3033 644 3074 a
667 3016 828 3077 nobis
861 3016 1186 3076 substantiae
1213 3016 1607 3076 immateriales
1642 3032 1741 3090 per
1764 3016 2134 3088 cognitionem
2160 3031 2264 3088 ge-

251 3104 398 3162 neris
433 3111 491 3163 et
526 3106 907 3180 apparentium
934 3105 1301 3165 accidentium
1345 3123 1360 3162 :
1390 3105 1490 3163 sed
1526 3105 1647 3163 loco
1685 3105 2015 3176 cognitionis
2046 3104 2263 3176 generis

250 3191 516 3252 habemus
535 3194 593 3250 in
621 3194 742 3252 istis
767 3194 1092 3254 substantiis
1113 3195 1483 3266 cognitionem
1507 3209 1607 3267 per
1632 3196 1998 3268 negationem,
2035 3200 2100 3250 ut
2134 3208 2263 3252 cum

249 3282 456 3340 scimus
479 3284 630 3356 quod
663 3282 978 3357 huJ'usmodi
1015 3283 1339 3341 substantiae
1379 3288 1509 3339 sunt
1545 3279 1939 3342 immateriales
1981 3288 2039 3340 et
2074 3280 2263 3347 incor-

249 3387 434 3446 poreae
455 3387 563 3430 non
589 3372 856 3440 babentes
891 3373 1112 3444 figuras,
1139 3379 1198 3430 et
1225 3371 1334 3430 alia
1365 3370 1699 3444 hujusmodi.
1736 3370 1809 3427 Et
1831 3377 2041 3445 quanto
2074 3370 2265 3446 plures

251 3462 570 3533 negationes
594 3461 666 3518 de
693 3461 828 3535 ipsis
855 3461 1254 3534 cognoscimus,
1290 3467 1447 3518 tanto
1480 3461 1661 3524 minus
1697 3465 1785 3518 est
1818 3460 2046 3518 confusa
2071 3474 2262 3517 earum

250 3549 492 3621 segnitie
512 3549 570 3606 in
597 3550 774 3619 nobis,
808 3566 878 3608 eo
899 3550 1047 3626 quod
1070 3566 1168 3623 per
1197 3550 1519 3623 negationes
1539 3556 1835 3624 sequentes
1867 3549 2020 3623 prior
2040 3548 2261 3620 negatio

251 3639 590 3698 contrahitur
607 3648 666 3697 et
689 3639 1108 3708 determinatur,
1131 3639 1276 3700 sicut
1297 3654 1472 3712 genus
1491 3644 1762 3696 remotum
1784 3654 1884 3711 per
1900 3636 2259 3694 differentias.

251 3729 408 3790 Unde
433 3729 602 3790 etiam
628 3744 861 3804 corpora
885 3728 1133 3791 coelestia
1167 3729 1226 3786 in
1252 3736 1524 3804 quantum
1544 3735 1673 3789 suut
1703 3726 1931 3786 alterius
1950 3723 2167 3798 generis
2189 3723 2263 3782 ab

253 3817 376 3876 istis
402 3817 768 3886 inferioribus,
801 3834 835 3877 a
862 3817 1020 3876 nobis
1043 3817 1423 3892 utplurimum
1450 3831 1548 3890 per
1574 3816 1893 3888 negationes
1919 3826 2264 3884 cognoscun-

254 3913 368 3980 tur,
417 3913 627 3981 utpote,
673 3908 806 3984 quia
841 3923 1018 3984 neque
1060 3915 1189 3992 sunt
1228 3907 1438 3982 gravia,
1487 3921 1667 3982 neque
1710 3907 1837 3962 sunt
1878 3901 2041 3972 levia,
2084 3917 2263 3976 neque
