2800 4492
801 311 918 372 itti.
951 342 1030 358 —
1058 311 1483 376 onoomssr'tm
1532 317 1805 370 mnrium
1858 376 1865 386 ,
2191 305 2307 373 ἒ37

289 445 414 503 tiva
448 448 508 501 et
543 442 900 516 imaginativa
941 447 1322 515 corrumpatur
1363 455 1593 513 corpore
1637 448 1915 512 corrupto,
1940 456 2007 498 eo
2049 443 2198 514 quod
2224 453 2309 501 est

290 535 470 594 virtus
493 531 686 604 organi
723 530 1055 603 corporalis;
1085 529 1333 603 sequitur
1363 529 1510 602 quod
1534 528 1717 585 anima
1743 536 1865 602 post
1892 537 2126 588 mortem
2157 532 2305 588 nullo

291 623 456 681 modo
492 619 802 692 intelligere
827 619 1013 698 possit
1047 635 1142 690 per
1185 618 1399 692 aliquas
1444 618 1657 690 species
1692 634 1724 675 a
1757 618 1919 676 rebus
1958 619 2307 678 sensibilibus

294 721 553 785 acceptas
584 726 599 765 ε
629 709 773 766 unde
811 706 1159 780 relinquitur,
1191 706 1493 764 secundum
1521 721 1635 775 θος,
1663 707 1809 780 quod
1840 699 2023 764 anima
2055 718 2309 782 separata

295 799 566 870 intelligat
595 813 692 870 per
720 795 932 869 species
950 803 1288 861 concreataS‚
1319 795 1463 850 sicut
1492 802 1547 850 et
1573 795 1787 866 Angeli.
1814 796 1918 852 Sed
1940 795 2059 853 baec
2087 796 2309 869 quidem

294 890 494 963 positio
524 885 860 943 irrationalis
890 885 1106 940 videtur
1133 889 1399 956 quantum
1423 884 1492 939 ad
1519 892 1811 956 utrumque
1838 883 2305 955 dictorum.Quod

295 980 438 1036 enim
461 977 676 1050 species
704 973 1072 1045 intelligibiles
1101 974 1155 1028 in
1187 972 1469 1029 intellectu
1492 973 1734 1046 possibili
1757 988 1865 1028 non
1894 983 2303 1043 conserventur,

294 1074 380 1124 est
399 1072 594 1122 contra
617 1063 907 1119 rationem.
940 1062 1093 1131 Quod
1125 1061 1268 1118 enim
1306 1062 1361 1116 in
1391 1062 1576 1134 aliquo
1605 1062 1887 1136 recipitur,
1919 1071 2003 1119 est
2032 1063 2089 1118 in
2118 1081 2182 1121 eo
2208 1081 2303 1137 per
2379 1073 2384 1078 '

293 1157 516 1213 modum
559 1149 902 1222 recipientis;
932 1149 1093 1216 unde,
1131 1165 1256 1206 cum
1292 1150 1915 1222 intellectus.possibilis
1952 1151 2153 1209 habeat
2184 1169 2304 1210 esse

292 1245 486 1305 stabile
515 1252 572 1299 et
598 1239 1140 1313 immobilefoportet
1165 1240 1308 1311 quod
1337 1241 1547 1310 species
1585 1239 1955 1311 intelligibiles
1984 1242 2036 1297 in
2062 1257 2129 1298 eo
2158 1244 2303 1299 reci-

292 1337 516 1409 piantur
551 1330 822 1388 stabiliter
863 1335 917 1386 et
956 1327 1326 1385 immobiliter.
1355 1328 1454 1383 Est
1486 1329 1653 1384 etiam
1696 1337 1885 1385 contra
1923 1331 2297 1399 Aristotelem,

295 1423 540 1497 quidicit
559 1421 616 1475 in
637 1435 705 1474 ιιι
733 1419 802 1474 de
825 1418 1020 1473 Anima
1043 1420 1199 1487 (text.
1229 1431 1371 1472 com.
1404 1416 1479 1485 8),
1509 1416 1654 1489 quod
1686 1416 1996 1474 intellectus
2019 1420 2296 1492 possibilis

293 1530 418 1573 cum
437 1513 580 1569 sciat
603 1507 836 1580 singula,
866 1507 971 1563 hoc
995 1513 1078 1562 est
1103 1507 1376 1578 accipiens
1394 1505 1605 1579 species
1631 1505 1987 1577 singulorum,
2012 1514 2072 1563 ut
2098 1509 2298 1576 sciens,

291 1605 349 1660 id
379 1611 466 1660 est
498 1601 644 1656 sicut
684 1596 953 1668 contingit
985 1596 1042 1650 in
1077 1594 1326 1661 scientia,
1360 1592 1446 1650 vel
1481 1594 1536 1649 in
1560 1609 1627 1650 eo
1655 1593 1749 1667 qui
1780 1594 1943 1651 habet
1980 1596 2300 1669 scientiam;

294 1701 421 1751 tunc
443 1689 648 1746 dicitur
677 1685 974 1742 secundum
1000 1691 1183 1740 actum
1213 1700 1226 1738 ι
1254 1682 1357 1738 hoc
1381 1689 1567 1738 autem
1605 1682 1891 1740 confestim
1922 1683 2143 1752 accidit,
2174 1702 2299 1742 cum

293 1780 463 1856 possit
495 1775 711 1851 operari
753 1790 850 1848 per
887 1776 951 1830 se'
987 1774 1184 1846 ipsum.
1213 1772 1310 1828 Est
1353 1787 1483 1842 ergo
1526 1772 1749 1845 quidem
1786 1779 1841 1827 et
1879 1778 2010 1830 tunc
2056 1777 2299 1846 potentia

294 1865 726 1946 quodammod03
755 1878 862 1920 non
903 1870 1088 1919 tamen
1128 1860 1471 1934 simpliciter,
1506 1861 1652 1917 sicut
1699 1866 1825 1918 ante
1874 1861 2300 1920 addiscere·aut

291 1959 558 2018 invenire.
605 1955 684 2009 Ex
733 1951 931 2026 quibus
967 1950 1149 2008 verbis
1195 1955 1440 2032 apparet,
1488 1950 1632 2023 quod
1670 1950 1879 2022 species
1930 1950 2297 2024 intelligibiles

294 2048 622 2124 quandoque
650 2049 779 2098 sunt
820 2041 1008 2096 babitu
1047 2041 1100 2096 in
1131 2039 1411 2096 intellectu
1453 2038 1717 2112 possibili,
1746 2040 1995 2112 quamvis
2039 2047 2166 2096 actu
2192 2058 2295 2097 non

292 2143 567 2213 operetur.
592 2131 729 2187 Illud
760 2130 926 2186 etiam
949 2128 1096 2202 quod
1125 2128 1332 2194 dicunt,
1362 2127 1600 2184 animam
1626 2127 1918 2184 humanam
1941 2127 2144 2184 habere
2172 2145 2301 2202 spe-

292 2229 400 2286 cies
453 2219 825 2292 intelligibiles
875 2224 1221 2284 concreatae,
1268 2215 1719 2272 irrationabiliter
1768 2215 1991 2272 dicitur.
2044 2215 2101 2274 Si
2153 2218 2299 2274 enim

291 2325 472 2391 potest
514 2313 596 2370 eis
638 2311 718 2366 uti
749 2309 878 2364 dum
905 2313 989 2364 est
1027 2305 1238 2378 corpori
1267 2305 1454 2373 unita3
1486 2304 1733 2376 sequitur
1758 2304 1904 2376 quod
1938 2306 2109 2377 possit
2136 2305 2296 2362 bomo

293 2403 597 2474 intelligere
631 2414 697 2455 ea
742 2411 974 2470 quorum
1019 2408 1240 2451 sensum
1274 2407 1383 2448 non
1418 2391 1658 2463 accepit;
1690 2399 1884 2462 utputa
1931 2392 2074 2463 quod
2119 2409 2297 2448 caecus

292 2493 562 2564 intelligat
587 2487 823 2555 colores;
855 2485 997 2558 quod
1031 2488 1181 2556 patet
1211 2497 1332 2538 esse
1375 2480 1594 2535 falsum.
1621 2479 1676 2536 Si
1710 2487 1891 2534 autem
1920 2495 2017 2550 per
2042 2481 2295 2536 unionem

291 2581 536 2655 corporis
559 2575 804 2634 totaliter
838 2573 1134 2646 impeditur
1163 2571 1345 2626 anima
1371 2568 1609 2624 humana
1638 2575 1694 2624 ut
1723 2567 2007 2639 speciebus
2037 2568 2300 2642 intelligi-

292 2671 490 2730 bilibus
516 2664 825 2724 concreatis
866 2663 946 2718 uti
977 2676 1081 2716 non
1113 2658 1318 2732 possit;
1345 2656 1595 2730 sequitur
1619 2655 1766 2728 quod
1806 2655 1933 2711 unio
1971 2658 2214 2729 corporis
2242 2666 2297 2714 et

261 2771 266 2775 “
295 2762 492 2818 animae
517 2771 624 2812 non
655 2753 727 2808 sit
759 2748 1061 2826 naturalis:
1088 2748 1144 2804 id
1172 2746 1316 2804 enim
1341 2743 1489 2819 quod
1514 2750 1597 2802 ea
1624 2745 1681 2800 iu
1712 2751 1908 2802 natura
1942 2746 2040 2813 rei,
2070 2761 2175 2802 non
2209 2753 2297 2802 to-

297 2849 478 2906 taliter
501 2842 798 2918 impeditur
825 2855 920 2911 per
963 2835 1169 2908 aliquid
1202 2834 1347 2908 quod
1381 2841 1465 2889 est
1502 2832 1582 2889 rei
1612 2831 1888 2903 naturale;
1910 2832 2154 2908 alioquin
2196 2852 2301 2892 na-

296 2947 414 2995 tura
443 2936 650 2991 faceret
677 2927 909 2985 alterum
938 2925 1152 2981 illorum
1182 2923 1407 2979 frustra.
1668 2931 1673 2938 ·

363 3027 452 3082 Sic
476 3035 607 3092 ergo
636 3015 926 3073 dicendum
955 3022 1058 3081 est,
1089 3013 1231 3085 quod
1272 3011 1452 3068 anima
1482 3018 1735 3084 separata
1778 3010 2081 3082 intelligere
2120 3017 2300 3084 potest

297 3113 549 3188 quaedam
579 3124 674 3182 per
701 3097 909 3179 species
943 3099 1310 3172 intelligibiles
1339 3115 1477 3172 quas
1505 3114 1603 3171 per
1626 3114 1817 3155 sensus
1843 3115 1875 3155 a
1912 3098 2078 3154 rebus
2105 3101 2299 3172 acqui-

295 3203 422 3260 sivit
447 3201 580 3257 dum
610 3201 754 3253 esset
779 3195 832 3250 in
857 3205 1102 3264 corpore.
1131 3188 1236 3246 Sed
1263 3189 1366 3244 iste
1395 3187 1591 3243 modus
1617 3188 1980 3258 cognoscendi
2007 3201 2113 3243 non
2142 3187 2299 3245 sufli-

297 3292 398 3359 cit;
430 3289 562 3362 quia
603 3282 775 3340 multa
820 3277 1101 3352 cognoscit
1149 3267 1623 3348 anima'separata
1666 3291 1790 3348 quae
1834 3291 1932 3330 nos
1962 3276 2015 3330 in
2057 3276 2160 3333 hac
2185 3277 2300 3334 vita

296 3393 404 3436 non
425 3372 835 3448 cognoscimus;
857 3369 1090 3424 maxime
1119 3366 1248 3438 quia
1273 3363 1662 3420 inconveniens
1688 3363 1907 3421 videtur
1937 3365 2081 3438 quod
2106 3366 2302 3423 animae

297 3467 510 3524 illorum
535 3462 629 3537 qui
657 3462 710 3517 in
741 3457 1002 3514 maternis
1031 3454 1202 3511 uteris
1227 3453 1553 3519 moriuntur,
1587 3469 1711 3526 quae
1737 3452 1875 3510 forte
1900 3453 2103 3509 nullum
2136 3454 2300 3510 intel-

297 3555 468 3612 lectus
495 3566 658 3608 usum
685 3544 1010 3611 habuerunt,
1043 3551 1098 3599 et
1123 3558 1220 3615 per
1243 3557 1585 3614 consequens
1611 3557 1715 3598 nec
1738 3541 1874 3598 alias
1898 3542 2107 3614 species
2136 3540 2303 3596 intel-

313 3625 530 3716 igibiles
566 3637 886 3711 acquisitas,
917 3631 1049 3688 nihil
1094 3636 1218 3704 post
1260 3637 1495 3686 mortem
1536 3630 1862 3702 intelligant.
1891 3629 2045 3685 Unde
2088 3636 2302 3700 oportet

296 3733 516 3795 addere,
539 3727 686 3802 quod
715 3725 896 3782 anima
923 3721 976 3776 in
993 3720 1077 3775 sui
1108 3719 1454 3792 separatione
1482 3733 1515 3774 a
1538 3733 1785 3791 corpore,
1815 3717 2010 3789 recipit
2038 3715 2303 3772 inflexum
2354 3739 2361 3748 ·

295 3821 601 3894 specierum
643 3809 1067 3882 intelligibilium
1094 3824 1125 3865 a
1169 3813 1366 3863 natura
1410 3805 1697 3879 superiori,
1726 3805 1939 3861 scilicet
1972 3803 2177 3870 divina,
2208 3819 2304 3860 se·
2410 3792 2415 3795 ¹

294 3909 534 3970 cundum
558 3901 864 3964 naturalem
892 3898 1159 3967 ordinem,
1192 3912 1302 3972 quo
1330 3894 1641 3972 experimur
1661 3893 1809 3970 quod
1845 3892 2030 3952 anima
2065 3891 2305 3958 bumana
