2800 4492
743 342 831 388 x1.
863 358 942 373 —
968 343 1038 387 m
1087 342 1360 389 nonnum
1400 344 1479 389 nn
1520 344 1846 390 rnna-ram
2221 329 2302 389 73

292 464 480 530 gnatoe
526 458 605 513 sic
639 466 768 516 sunt
805 458 1190 533 intelligendae‚
1237 466 1301 517 ut
1339 477 1437 534 per
1480 460 1657 517 lucem
1699 459 2036 533 intelligatur
2062 460 2204 533 ignis
2246 461 2300 517 in

288 547 509 621 propria
528 548 757 604 materia
779 548 1038 617 existenS‚
1065 550 1195 607 dato
1219 551 1407 618 etiam,
1434 556 1497 607 ut
1514 550 1739 623 quidam
1758 550 1966 617 dicunt,
1994 551 2138 623 quod
2160 552 2300 623 ignis

286 635 346 691 in
391 637 613 710 propria
654 637 871 710 sphaera
899 652 1006 694 non
1050 638 1254 697 luceat.
1291 640 1456 696 Lucis
1491 640 1636 696 enim
1676 655 1785 695 non
1829 648 1915 696 est
1954 639 2155 706 lucere,
2204 640 2301 695 sed

287 726 434 797 quod
480 727 596 797 ejus
637 726 1060 799 participatione
1104 728 1212 785 alia
1259 726 1497 784 luceant.
1528 728 1597 784 Et
1630 728 1881 784 similiter
1920 726 2063 799 ignis
2101 728 2205 783 etsi
2245 729 2300 784 in

285 814 508 887 propria
549 814 764 887 sphaera
791 831 899 872 non
941 815 1140 884 luceat,
1189 822 1372 873 tamen
1416 816 1533 889 ejus
1574 815 1993 890 participatione
2038 814 2144 872 alia
2191 816 2299 871 ful-

285 903 475 974 gentia
513 916 664 960 sunt.
713 904 816 960 Per
860 904 1138 962 flammam
1180 912 1366 977 autem
1408 904 1732 977 intelligitur
1780 904 1927 976 ignis
1960 903 2017 959 in
2068 906 2298 961 materia

287 1006 470 1059 aerea,
509 1008 608 1065 per
645 992 938 1049 carbonem
981 993 1036 1049 in
1067 994 1297 1051 materia
1329 998 1528 1050 terrea.
1560 994 1621 1049 In
1652 992 1881 1050 materia
1914 999 2097 1049 autem
2124 1008 2296 1065 aquea

287 1093 396 1135 non
419 1087 604 1152 potest
627 1080 769 1151 ignis
793 1080 1128 1139 invalescere
1158 1082 1212 1138 in
1239 1088 1452 1140 tantum
1472 1081 1619 1155 quod
1642 1081 1783 1153 ignis
1800 1088 2056 1138 naturam
2082 1080 2294 1148 habeat,

287 1158 420 1241 quia
445 1184 588 1241 aqua
611 1167 776 1225 habet
804 1184 994 1226 omnes
1017 1168 1316 1244 qualitates
1337 1169 1619 1243 oppositas
1645 1170 1779 1242 igni.

359 1255 449 1312 Ad
481 1257 731 1330 quintum
753 1258 1065 1327 dicendum,
1098 1259 1242 1332 quod
1273 1258 1326 1315 in
1355 1257 1501 1316 ferro
1530 1259 1703 1331 ignito
1738 1274 1848 1333 non
1884 1263 2014 1315 sunt
2039 1257 2149 1313 duo
2174 1273 2301 1313 cor-

285 1358 444 1417 pora,
471 1344 566 1401 sed
593 1360 762 1403 unum
789 1360 987 1418 corpus
1013 1345 1222 1403 habens
1249 1345 1475 1419 quidem
1502 1346 1741 1419 speciem
1769 1345 1919 1417 ferri,
1950 1345 2049 1403 sed
2087 1345 2300 1418 aliquas

289 1433 660 1505 proprietates
688 1433 850 1505 ignis.

360 1520 446 1578 Ad
480 1528 700 1579 sextum
732 1521 1045 1593 dicendum,
1077 1524 1223 1597 quod
1247 1523 1352 1581 etsi
1387 1528 1662 1596 ponantur
1684 1522 1957 1579 elementa
1992 1523 2049 1579 in
2070 1537 2300 1595 corpore

289 1603 465 1667 mixto
501 1624 783 1667 remanere
810 1612 1111 1669 secundum
1139 1628 1268 1669 suas
1296 1612 1502 1669 formas
1532 1611 1940 1679 substantiales»,
1977 1627 2085 1667 non
2116 1619 2299 1670 tamen

291 1704 565 1773 ponentur
586 1714 710 1757 esse
747 1700 906 1773 plura
930 1714 1160 1775 corpora
1186 1702 1242 1757 in
1267 1709 1414 1768 actu,
1444 1701 1581 1758 alias
1605 1700 1811 1757 nullum
1841 1716 2043 1773 corpus
2066 1701 2299 1757 mixtum

289 1804 412 1847 esse
432 1804 562 1847 vere
584 1804 773 1856 unum,
799 1791 898 1847 sed
921 1797 1008 1849 est
1036 1790 1194 1863 plura
1219 1792 1484 1863 potentia,
1508 1796 1565 1846 et
1593 1804 1759 1846 unum
1788 1798 1937 1855 actu.
1963 1788 2298 1846 probabilior

287 1886 479 1935 tamen
521 1878 739 1934 videtur
775 1878 960 1951 opinio
999 1880 1460 1937 commentatoris
1505 1894 1573 1936 ιιι
1612 1880 1725 1935 Cae.·
1756 1886 1811 1935 et
1836 1878 1985 1933 Mun.
2016 1878 2112 1950 qui
2157 1876 2299 1934 hanc

286 1967 599 2039 opinionem
630 1966 857 2025 Avicen.
885 1968 1218 2041 improbanS,
1263 1969 1342 2025 ait
1369 1968 1764 2023 elementorum
1791 1966 1994 2023 formas
2033 1966 2091 2021 in
2125 1967 2297 2022 m²xto

284 2069 395 2114 non
426 2070 728 2123 remanere,
757 2070 856 2112 nec
893 2055 1136 2114 totaliter
1161 2056 1462 2129 corrumpi,
1503 2054 1599 2112 sed
1628 2055 1746 2111 lieri
1771 2070 1842 2112 ex
1870 2054 1951 2110 eis
1980 2068 2142 2111 unam
2179 2069 2299 2109 me-

285 2144 440 2200 diam
479 2140 813 2221 formam‚in
847 2147 1114 2215 quantum
1151 2144 1458 2217 suscipiunt
1484 2142 1665 2215 magis
1696 2148 1751 2198 et
1781 2142 1973 2198 miuus-
2000 2158 2015 2198 ι
2048 2140 2143 2197 sed
2172 2155 2297 2197 cum
2388 2182 2395 2188 .
2441 2220 2446 2227 ἡ

283 2230 480 2289 formae
505 2230 850 2289 substantiali
876 2232 1154 2305 suscipere
1176 2232 1352 2303 magis
1375 2239 1433 2288 et
1460 2231 1641 2287 minus
1667 2231 1741 2287 sit
1770 2231 2055 2299 absonum,
2082 2230 2299 2289 videtur

282 2322 406 2393 ejus
433 2320 641 2376 dictum
679 2319 1091 2392 intelligendum
1132 2321 1236 2377 hoc
1271 2320 1455 2387 modo,
1492 2320 1641 2394 quod
1680 2319 1871 2377 sormae
1904 2319 2296 2377 elementorum

283 2409 592 2481 suscipiunt
613 2409 790 2481 magis
818 2415 874 2465 et
899 2407 1081 2465 minus
1109 2424 1218 2465 non
1248 2408 1549 2465 secundum
1578 2424 1655 2476 se,
1698 2408 1795 2465 sed
1824 2408 2124 2465 secundum
2150 2410 2295 2481 quod

281 2504 510 2553 manent
547 2495 755 2555 virtute
789 2497 846 2553 in
882 2496 1246 2570 qualitatibus
1275 2494 1699 2553 elementaribus
1726 2496 1884 2569 quasi
1914 2496 2149 2568 propriis
2181 2498 2297 2553 ins-

281 2584 595 2652 trumentis,
625 2589 689 2641 ut
710 2584 793 2640 sic
813 2583 1047 2650 dicatur,
1079 2584 1272 2641 formae
1309 2583 1612 2640 secundum
1638 2598 1700 2640 se
1727 2598 1836 2639 non
1865 2589 2167 2651 remanent,
2201 2584 2295 2639 sed

243 2660 258 2673 ’
281 2672 464 2729 solum
499 2678 662 2745 prout
695 2677 824 2729 sunt
854 2674 1062 2732 virtute
1089 2672 1145 2729 in
1187 2672 1302 2730 suis
1328 2671 1709 2746 qualitatibu3‚
1754 2688 1821 2729 ex
1858 2671 2059 2746 quibus
2100 2672 2161 2729 fit
2192 2688 2295 2729 una

281 2762 468 2819 media
493 2762 753 2836 qualitas.

356 2852 441 2908 Ad
466 2852 760 2925 septimum
787 2851 1097 2921 dicendum,
1129 2852 1276 2925 quod
1311 2850 1579 2925 quamvis·
1600 2851 1967 2909 dimensiones
1997 2852 2298 2907 secundum

283 2956 350 2997 se
378 2938 484 2997 non
512 2940 721 3013 possint
749 2940 960 3012 replere
983 2940 1182 3009 locum,
1213 2947 1398 2998 tamen
1425 2954 1625 3013 corpus
1654 2941 1903 2999 naturale
1932 2956 1998 2997 ex
2025 2940 2128 2996 boc
2152 2940 2295 3013 quod

285 3031 410 3102 ejus
445 3030 676 3085 materia
712 3027 1033 3101 intelligitur
1059 3028 1308 3103 subjecta
1334 3028 1784 3098 dimensionibus,
1823 3027 1990 3086 habet
2018 3029 2163 3101 quod
2207 3046 2299 3086 re·-

283 3117 441 3191 pleat
463 3117 665 3174 locum.

362 3206 448 3263 Ad
483 3212 742 3264 octavum
779 3206 1091 3276 dicendum,
1129 3208 1276 3281 quod
1318 3207 1504 3280 opinio
1532 3205 1809 3263 Ptolemaei
1845 3206 1916 3262 de
1954 3206 2215 3282 epicyclis
2242 3216 2298 3267 et

277 3294 608 3353 eccentricis
665 3309 775 3352 non
819 3296 1036 3353 videtur
1075 3310 1376 3353 consonare
1428 3293 1713 3369 principiis
1758 3294 2119 3363 naturalibus,
2172 3314 2299 3371 quae

276 3382 454 3439 Arist.
480 3382 652 3454 ponit,
695 3388 752 3439 et
775 3383 900 3439 ideo
927 3383 1022 3441 illa
1050 3384 1232 3457 opinio
1258 3384 1623 3441 sectatoribus
1659 3384 1888 3441 Aristot.
1931 3400 2039 3441 non
2069 3385 2250 3459 placet
2280 3403 2293 3442 ε

278 3470 329 3528 si
361 3478 544 3529 tamen
583 3472 902 3540 sustinetur,
933 3471 1081 3529 nulla
1116 3473 1417 3530 necessitas
1442 3473 1505 3530 fit
1532 3473 1681 3545 quod
1708 3472 1816 3529 duo
1844 3476 2073 3545 corp'ora
2102 3476 2212 3532 sint
2241 3477 2298 3532 in

279 3559 478 3617 eodem
508 3558 649 3629 loco,
689 3561 820 3634 quia
843 3561 1142 3619 secundum
1171 3568 1421 3619 tenentes
1458 3560 1609 3620 illam
1646 3561 1975 3633 opinionem,
2014 3562 2213 3635 triplex
2242 3564 2295 3620 in

279 3649 605 3723 corporibus
636 3650 952 3708 coelestibus
995 3652 1305 3710 substantia
1333 3652 1710 3725 distinguitur,
1750 3651 1961 3709 scilicet
1988 3653 2297 3711 substantia

281 3736 566 3795 stellarum
611 3754 739 3813 quas
779 3746 865 3795 est
907 3740 1194 3809 luminosa,
1237 3746 1296 3797 et
1330 3739 1637 3797 substantia
1675 3738 2013 3813 spbaerarum
2046 3756 2171 3811 quae
2212 3751 2298 3800 est

283 3826 564 3900 diapbana
586 3835 640 3885 et
668 3828 843 3886 solida
869 3844 979 3886 non
1009 3828 1317 3898 divisibiliS‚
1345 3836 1401 3887 et
1430 3828 1738 3887 substantia
1763 3827 1871 3885 alia
1898 3842 2023 3900 quae
2049 3834 2132 3885 est
2154 3829 2297 3888 inter

286 3918 534 3998 spbaeras
557 3917 846 3980 divisibilis
886 3925 941 3977 et
977 3918 1336 3997 inspissabilis
1374 3918 1446 3982 ad
1474 3918 1697 3979 modum
1724 3916 1885 3987 aeris,
1918 3918 2171 3997 quamvis
2208 3921 2295 3977 in-
