2800 4492
752 377 872 429 ιω.
902 394 983 414 -
1007 375 1437 434 ouonmenrtm
1475 379 1766 429 ocuvnu
2149 357 2270 429 429

258 493 447 563 'autem
488 491 740 558 caritatis
776 498 863 559 vel
898 499 1131 558 ‘alterius
1170 499 1393 557 habitus
1423 479 1718 556 eliciuntur
1761 497 1833 558 ab
1875 499 1995 573 ipsa
2042 500 2277 559 caritate

260 589 346 651 vel
382 588 453 648 ab
489 587 596 647 alio
641 587 833 645 habitu
860 603 958 661 per
985 589 1261 661 propriam
1301 590 1597 647 essentiam
1635 587 1886 648 caritatis
1922 590 2009 648 vel
2050 590 2278 648 alterius

257 680 481 738 habitus
512 695 527 734 z
556 683 613 736 et
636 693 735 752 per
756 676 899 734 hunc
926 677 1148 736 modum
1172 677 1373 736 dicitur
1401 678 1604 752 aliquis
1629 694 1690 735 se
1718 693 2046 752 cognoscere
2071 679 2273 738 habere

262 770 551 829 caritatem
572 766 661 827 vel
690 767 855 824 alium
885 766 1133 824 habitum
1162 783 1257 842 per
1286 767 1462 841 ipsam
1491 767 1786 826 essentiam
1822 767 2046 826 habitus
2072 784 2276 826 secun-

264 861 395 917 dum
426 875 545 915 esse
572 856 823 915 naturale
852 856 997 930 quod
1026 856 1192 914 habet
1231 856 1288 912 in
1318 873 1501 914 rernm
1528 861 1746 928 natura,
1789 865 1844 914 et
1881 873 1988 914 non
2017 857 2194 915 solum
2222 858 2278 914 in

263 946 566 1004 intellectu.
586 945 677 1003 Sic
706 950 889 1002 autem
916 943 1097 1000 nutius
1121 950 1303 1017 potest
1328 960 1658 1018 cognoscere
1687 945 1976 1002 caritatem
2004 947 2110 1002 nisi
2133 947 2278 1004 cari·

264 1043 437 1094 tatem
472 1035 706 1105 habens;
739 1034 869 1108 quia
898 1040 1053 1090 actus
1081 1033 1331 1090 caritatis
1360 1041 1418 1090 et
1446 1033 1678 1091 aliarum
1704 1033 1972 1091 virtutum
2006 1037 2280 1112 praecipue

264 1127 569 1184 consistunt
596 1126 651 1181 in
692 1123 933 1181 motibus
974 1123 1344 1192 interioribus,
1378 1124 1473 1195 qui
1509 1139 1614 1179 non
1642 1130 1872 1198 possunt
1911 1141 2030 1180 esse
2074 1126 2279 1198 cogniti

266 1217 371 1275 nisi
394 1211 661 1289 operanti,
689 1211 791 1269 nisi
816 1217 1086 1285 quatenus
1112 1211 1532 1268 manifestantur
1559 1227 1624 1267 ex
1650 1212 1866 1269 actibus
1885 1213 2279 1283 exterioribus;

267 1311 321 1362 et
365 1305 445 1362 sic
471 1320 569 1380 per
598 1302 892 1376 quamdam
938 1301 1311 1372 conjecturam
1360 1300 1562 1372 aliquis
1604 1315 1711 1356 non
1757 1301 1960 1357 habens
1989 1302 2278 1358 caritatem

266 1401 445 1467 potest
471 1389 753 1466 percipere
781 1389 951 1445 alium
986 1388 1277 1446 caritatem
1304 1387 1526 1443 habere.
1560 1389 1674 1444 Hoc
1704 1397 1887 1446 autem
1917 1389 2042 1445 dico
2071 1405 2278 1462 suppo-

265 1482 442 1540 nendo
467 1480 615 1554 quod
644 1477 843 1550 aliquis
886 1477 1056 1548 possit
1085 1476 1225 1533 scire
1250 1491 1309 1531 se
1340 1475 1540 1532 habere
1571 1476 1886 1546 caritatem3
1920 1477 2068 1549 quod
2094 1483 2275 1533 tamen

265 1589 373 1630 non
396 1576 530 1643 puto
559 1583 679 1624 esse
702 1580 890 1622 verum
924 1581 937 1619 τ
969 1565 1099 1637 quia
1128 1564 1185 1620 in
1209 1563 1436 1637 actibus,
1459 1565 1630 1636 ipsius
1657 1566 1909 1622 caritatis
1946 1582 2050 1621 non
2080 1581 2279 1639 possu-
2325 1587 2330 1592 ·

266 1676 391 1717 mus
412 1656 741 1714 sufficienter
762 1653 1042 1726 percipere
1066 1652 1212 1726 quod
1236 1653 1345 1709 sint
1369 1668 1402 1709 a
1423 1653 1656 1710 caritate
1680 1652 1850 1710 eliciti
1877 1659 2097 1726 propter
2121 1655 2280 1710 simi-

266 1747 556 1804 litudinem
584 1742 893 1800 dilectionis
917 1741 1184 1798 naturalis
1211 1757 1336 1798 cum
1362 1741 1654 1798 dilectione
1679 1743 1940 1814 gratuita.

338 1836 423 1893 Ad
455 1837 689 1909 primum
728 1847 856 1904 ergo
898 1829 1211 1897 dicendum,
1258 1830 1403 1903 quod
1445 1831 1500 1886 in
1543 1846 1648 1886 non
1691 1831 1926 1888 habente
1969 1831 2278 1898 caritatem,

264 1943 377 1986 non
415 1924 714 1982 secundum
741 1936 861 1978 esse
901 1927 1132 1988 naturae‚
1174 1919 1270 1976 sed
1308 1919 1612 1977 secundum
1640 1935 1759 1976 esse
1789 1919 2150 1992 intelligibile,
2197 1927 2281 1976 est

269 2015 510 2074 essentia
534 2011 804 2070 caritatis.

339 2106 423 2162 Ad
448 2102 747 2160 secundum
771 2098 1082 2166 dicendum,
1116 2097 1262 2170 qnod
1302 2105 1595 2172 postquam
1622 2097 1819 2170 aliquis
1843 2097 2046 2154 desinit
2081 2097 2284 2154 habere

271 2194 559 2252 caritatem
596 2188 894 2246 secundum
934 2201 1051 2242 esse
1082 2185 1351 2252 naturale,
1390 2185 1570 2242 adhuc
1599 2186 1800 2242 caritas
1846 2187 1899 2241 in
1941 2186 2060 2260 ipso
2099 2193 2284 2242 manet

271 2282 571 2340 secundum
611 2294 733 2336 esse
772 2273 1134 2346 intelligibile,
1177 2281 1231 2330 et
1269 2274 1349 2330 sic
1393 2279 1574 2347 potest
1603 2273 1744 2329 scire
1780 2273 1911 2347 quid
1954 2275 2027 2330 sit
2057 2276 2282 2331 caritas.

271 2374 489 2429 Manent
516 2369 684 2426 etiam
712 2367 768 2422 in
796 2364 1061 2422 memoria
1090 2364 1207 2434 ejus
1234 2369 1391 2417 actus
1415 2361 1667 2418 caritatis
1690 2377 1827 2434 quos
1851 2361 2000 2430 fecit,
2035 2363 2202 2419 etiam
2228 2365 2282 2417 in

272 2460 536 2519 memoria
571 2453 812 2514 sensibili
860 2457 1084 2525 propter
1127 2460 1283 2506 actus
1323 2449 1609 2506 sensibiles
1655 2450 1925 2515 caritati5‚
1965 2450 2059 2523 qui
2099 2441 2287 2522 ntique

270 2553 496 2609 manent
536 2545 835 2604 secundum
879 2542 965 2596 sui
994 2538 1426 2605 similitudinem,
1467 2537 1609 2593 sicut
1653 2545 1707 2593 et
1732 2544 1934 2595 caetera
1975 2538 2284 2608 sensibilia3
2328 2541 2333 2545 ’

272 2647 331 2697 et
356 2655 425 2696 ex
450 2637 535 2693 his
558 2632 756 2708 aliquis
781 2636 1115 2687 memoratur
1144 2644 1203 2685 se
1232 2626 1488 2684 habuisse
1511 2627 1822 2683 caritatem.

346 2727 430 2784 Ad
468 2724 692 2782 tertium
736 2720 1047 2785 dicendum,
1080 2717 1225 2791 quod
1257 2716 1389 2772 illud
1441 2716 1584 2790 quod
1614 2723 1697 2774 est
1727 2715 1783 2772 in
1829 2717 2111 2788 memoria,
2145 2718 2288 2776 redit

274 2818 347 2876 ad
373 2811 804 2886 intelligentiam,
846 2824 951 2865 non
981 2809 1059 2865 ita
1088 2806 1235 2880 quod
1264 2805 1457 2863 eadem
1482 2806 1692 2879 species
1716 2821 1940 2862 numero
1969 2822 2094 2880 quae
2117 2812 2203 2864 est
2230 2809 2285 2864 in

276 2903 539 2962 memoria
570 2897 915 2972 postmodum
946 2896 1044 2952 fiat
1082 2894 1138 2950 in
1172 2892 1488 2960 intellectu3
1519 2893 1613 2948 sed
1644 2908 1742 2966 per
1773 2892 1925 2948 illum
1952 2893 2173 2950 modum
2203 2893 2290 2950 lo-

276 2993 478 3070 quendi
498 3004 606 3065 quo
626 2989 1007 3062 phantasmata
1031 2984 1285 3041 dicuntur
1314 2981 1432 3039 fieri
1459 2981 1516 3038 in
1536 2981 1924 3055 intellectu‚·ut
1947 2983 2156 3039 dictum
2180 2988 2286 3040 est.

990 3155 1389 3234 QUAESTIO
1435 3151 1554 3222 ΙΙΙ.

354 3296 563 3356 Deinde
609 3290 873 3367 quaeritur
908 3287 977 3342 de
1017 3285 1103 3341 his
1140 3301 1265 3358 quae
1310 3283 1585 3358 pertinent
1624 3282 1694 3340 ad
1737 3297 1932 3357 corpus
1959 3283 2289 3358 humanum;

276 3397 471 3448 utrum
496 3384 815 3443 alimentum
843 3380 1193 3433 convertatur
1218 3373 1272 3428 in
1299 3371 1591 3428 veritatem
1618 3370 1870 3431 humanae
1899 3382 2132 3432 naturae.

1003 3534 1458 3598 AR'PIGULUS
1499 3534 1578 3597 V.

301 3674 521 3743 Utrum
542 3667 897 3734 alimmum
919 3663 1301 3724 convertatur
1322 3658 1389 3720 in
1410 3656 1724 3721 veritatem
1744 3655 2017 3718 humana·
2037 3658 2291 3719 natum.

366 3797 449 3812 --
478 3763 564 3841 (1,
593 3759 738 3821 dist.
770 3756 873 3828 44,
905 3755 1114 3833 quast.
1145 3750 1203 3825 1,
1236 3752 1359 3810 art.
1390 3746 1454 3822 2,
1480 3749 1692 3826 quast.
1738 3745 1811 3819 43
1844 3747 1901 3806 et
1926 3744 1987 3817 2,
2014 3743 2161 3816 dist,
2191 3745 2293 3819 30,

370 3853 582 3935 quaest.
614 3850 671 3921 1,
703 3849 824 3910 art.
853 3844 897 3904 2
922 3839 1115 3921 corp.)

362 3975 433 4034 Et
460 3973 675 4034 videtur
708 3967 853 4045 quod
884 3981 1011 4023 non.
1054 3959 1195 4032 Quia
1232 3959 1289 4015 in
1325 3969 1555 4028 corpore
1577 3952 1814 4010 humano
1851 3952 1908 4010 id
1944 3955 2092 4031 quod
2121 3962 2204 4012 cst
2233 3956 2299 4012 de
