2800 4492
686 332 798 378 x11.
830 348 908 362 —
937 333 1361 384 ouonnins‘ruu
1412 335 1683 380 'ramum
2076 323 2193 386 197

182 453 454 524 ignotum,
483 454 546 506 ut
583 447 878 530 dicitur-in
908 451 938 504 3
983 448 1144 522 Phys,
1173 450 1327 520 (text.
1361 465 1503 508 com.
1545 451 1661 524 56)r
1688 451 1964 511 Infinitum
2008 462 2193 514 autem

180 539 488 598 secundum
517 537 748 595 sormam
780 533 864 594 est
901 539 1202 594 secundum
1229 550 1290 594 se
1327 540 1695 608 notissimum,
1727 543 1822 597 sed
1858 545 2040 616 quoad
2096 563 2194 604 nos

179 637 263 687 est
288 630 556 701 ignotum,
585 627 715 702 quia
740 626 954 683 excedit
977 627 1148 682 nostri
1179 627 1491 685 intellectus
1514 630 1940 702 proportionem.
1966 633 2033 690 Et
2062 637 2194 709 quia

179 720 466 794 quantitas
493 723 578 774 est
621 716 908 790 dispositio
945 717 1212 784 materiae,
1245 726 1300 772 et
1337 716 1611 786 infinitum
1650 719 1977 793 quantitatis
2006 731 2191 781 atten-

177 811 328 866 ditur
355 807 654 866 secundum
679 806 980 880 potentiam
1008 806 1066 862 in
1087 805 1414 863 assumendo
1443 823 1611 864 unum
1638 815 1761 880 post
1778 809 2039 882 alterum
2067 814 2189 873 ideo

176 897 450 954 infinitum
496 895 826 969 quantitatis
872 901 955 952 est
995 893 1296 950 secundum
1335 888 1396 951 se
1442 894 1709 967 ignotum,
1756 905 1812 954 et
1854 915 1959 956 non
2006 907 2191 973 potest

178 985 382 1060 aliquis
405 983 716 1042 intellectus
743 997 1072 1055 cognoscere
1092 983 1375 1062 infinitum
1417 977 1745 1057 quantitatis
1770 987 1825 1043 in
1856 997 1997 1060 post,
2030 1007 2191 1049 assu-

176 1076 375 1133 mendo
425 1089 594 1132 unum
645 1079 768 1148 post
815 1073 1082 1144 alterum,
1139 1072 1350 1130 scilicet
1410 1074 1746 1132 numerando
1801 1084 2015 1150 partem
2066 1091 2189 1154 post

174 1171 412 1240 partem.

245 1257 384 1311 Item
405 1250 857 1309 considerandum
887 1257 992 1320 est,
1033 1215 1179 1324 quod
1220 1258 1453 1325 utroque
1482 1253 1644 1311 modo
1672 1255 1943 1328 contingit
1978 1258 2187 1334 aliquid

174 1360 299 1401 esse
335 1342 608 1399 infinitum
653 1339 996 1414 simpliciter,
1042 1347 1098 1397 et
1149 1339 1358 1412 aliquid
1403 1342 1703 1398 secundum
1745 1345 1899 1417 quid.
1936 1347 1993 1404 Si
2040 1350 2186 1406 enim

173 1433 398 1506 aliquod
427 1445 624 1504 corpus
663 1429 735 1486 sit
765 1429 1040 1485 infinitum
1069 1429 1370 1484 secundum
1411 1428 1825 1502 longitudinem,
1856 1449 1965 1492 non
2000 1446 2185 1495 autem

171 1521 474 1579 secundum
501 1517 873 1587 latitudinem3
904 1523 988 1573 est
1011 1517 1284 1574 infinitum
1310 1519 1611 1576 secundum
1637 1520 1767 1594 quid
1794 1523 1875 1578 :si
1908 1540 2036 1582 vero
2062 1527 2186 1584 fue-

172 1614 247 1670 rit
274 1611 548 1668 infinitum
575 1608 874 1665 secundum
913 1608 1101 1663 omnes
1124 1607 1511 1678 dimensioneS,
1544 1611 1650 1666 erit
1671 1611 1944 1670 infinitum
1968 1615 2186 1689 simpli-

171 1703 333 1758 citer.
366 1698 632 1758 Similiter
653 1698 699 1755 si
739 1697 1076 1768 intelligatur
1109 1697 1285 1754 forma
1309 1697 1543 1770 alicujus
1579 1700 1781 1772 speciei
1818 1715 1941 1758 esse
1978 1720 2083 1761 non
2128 1707 2184 1764 in

171 1790 429 1859 materia,
478 1793 538 1843 ut
575 1786 840 1844 Platonici
888 1793 1207 1861 posuerunt,
1253 1787 1359 1842 erit
1403 1786 1620 1844 infinita
1668 1790 1969 1848 secundum
2026 1795 2179 1868 quid,

171 1884 443 1952 quantum
471 1877 681 1937 scilicet
706 1875 774 1932 ad
811 1875 1091 1932 individua
1129 1874 1274 1932 illius
1304 1877 1540 1948 speciei3
1571 1883 1753 1937 tamen
1781 1881 1886 1935 erit
1916 1881 2092 1950 finita,
2125 1885 2182 1941 in

169 1975 443 2041 quantum
481 1966 689 2023 scilicet
719 1964 1118 2021 determinatur
1161 1964 1228 2020 ad
1258 1953 1433 2036 genus
1454 1972 1521 2022 -et
1564 1959 1824 2038 speciem.
1858 1969 1963 2026 Sed
1994 1971 2181 2030 divina

169 2057 412 2114 essentia
437 2061 521 2111 est
567 2053 886 2128 simpliciter
922 2052 1150 2120 infinita,
1196 2053 1330 2126 quia
1375 2059 1461 2108 est
1506 2052 1755 2111 absoluta
1784 2056 1855 2113 ab
1892 2043 2037 2116 omni
2068 2049 2184 2118 cir-

167 2144 596 2217 cumscriptione
625 2141 842 2214 generis
865 2140 951 2197 vel
981 2140 1203 2214 speciei.

238 2238 382 2292 Item
409 2230 864 2290 considerandum
894 2235 994 2298 est,
1028 2231 1173 2304 quod
1210 2228 1412 2302 duplex
1440 2237 1523 2286 est
1550 2232 1799 2290 scientia.
1833 2235 1951 2293 Una
1979 2237 2181 2310 dicitur
2212 2275 2219 2284 -

165 2323 405 2382 scientia
433 2321 675 2387 visioniS‚
705 2335 801 2392 per
836 2335 1002 2392 quam
1031 2325 1435 2391 cognoscuntur
1463 2336 1527 2377 ea
1555 2337 1679 2393 quae
1705 2331 1851 2390 sunt,
1886 2317 2064 2396 erunt,
2094 2330 2179 2385 vel

165 2415 412 2471 fuerunt.
458 2411 580 2468 Alia
607 2408 870 2482 siin-plicis
897 2406 1128 2476 notitias,
1163 2425 1262 2482 per
1289 2402 1455 2481 quam
1506 2418 1909 2480 cognoscuntur
1946 2431 2011 2472 ea
2054 2427 2189 2490 quae'

163 2519 272 2562 nec
299 2505 428 2558 sunt
452 2514 553 2556 nec
577 2505 734 2555 erunt
766 2512 865 2553 nec
887 2495 1124 2563 suerunt,
1157 2497 1254 2552 sed
1282 2511 1402 2553 esse
1429 2505 1682 2571 possunt.
1982 2549 1985 2552 ,

235 2588 542 2648 Dicendum
584 2593 668 2644 est
693 2601 854 2658 -ergo,
904 2585 1049 2660 quod
1079 2586 1225 2640 Deus
1252 2587 1629 2657 cognoscendo
1657 2604 1813 2646 suam
1858 2593 2171 2664 essentiam,
2208 2625 2211 2632 ·

162 2681 302 2756 quia
325 2676 734 2752 comprehendit
763 2691 903 2743 eam,
936 2675 1216 2748 cognoscit
1247 2675 1479 2732 scientia
1510 2675 1775 2750 simplicis
1810 2682 2020 2741 notitiae
2046 2685 2175 2742 infi-

162 2771 286 2828 nita
327 2766 668 2840 simpliciter,
716 2765 846 2839 quia
883 2765 1163 2836 cognoscit
1200 2763 1383 2821 omnia
1425 2765 1551 2840 quas
1588 2766 1703 2839 ipse
1744 2767 1925 2828 facere
1959 2781 2171 2846 potest;

161 2869 278 2917 non
317 2866 500 2914 tamen
531 2849 812 2927 cognoscit
847 2867 911 2909 ea
941 2853 994 2909 in
1028 2859 1153 2927 post
1195 2855 1542 2922 assumendo,
1586 2856 1796 2914 scilicet
1837 2865 2175 2923 numerando

159 2961 340 3004 unum
370 2949 494 3021 post
521 2942 688 3009 aliud,
729 2942 825 2997 sed
854 2941 1036 2998 omnia
1063 2940 1243 2999 simul.
1276 2943 1472 3000 Anima
1497 2960 1625 3001 vero
1655 2946 1855 3005 Christi
1885 2966 1992 3008 non
2021 2967 2176 3009 com-

159 3033 459 3110 prehendit
483 3031 775 3089 essentiam
802 3029 922 3097 Dei,
954 3038 1010 3087 et
1036 3047 1134 3105 per
1157 3046 1496 3104 consequens
1518 3049 1695 3108 neque
1719 3035 1981 3095 virtutem
2004 3042 2051 3113 ej
2062 3058 2122 3097 us
2157 3060 2173 3098 z

161 3125 316 3182 unde
357 3137 464 3178 non
511 3127 691 3194 potest
731 3134 1060 3190 cognoscere
1099 3118 1281 3177 omnia
1316 3137 1443 3193 quae
1477 3122 1623 3178 Deus
1664 3123 1846 3183 facere
1889 3134 2177 3199 potest‚-et

159 3213 292 3270 ideo
320 3227 430 3268 non
453 3208 734 3282 cognoscit
753 3207 964 3265 infinita
979 3207 1298 3280 simpliciter
1317 3225 1331 3276 ;
1357 3211 1770 3282 comprehendit
1789 3221 1973 3273 autem
1993 3219 2176 3278 anima

158 3301 370 3368 Christi
417 3307 591 3356 totam
632 3297 932 3371 potentiam
973 3304 1267 3354 creaturas:
1304 3298 1365 3352 In
1395 3299 1641 3370 potentia
1681 3310 1868 3361 autem
1904 3315 2175 3368 creaturae

156 3396 295 3449 sunt
324 3389 537 3446 infinita
575 3402 682 3444 non
722 3385 1063 3459 simpliciter,
1095 3385 1224 3459 quia
1261 3387 1505 3459 potentia
1534 3397 1803 3450 creaturae
1830 3409 1937 3452 non
1975 3413 2035 3455 se
2074 3415 2177 3458 ex-

157 3479 346 3538 tendit
381 3477 449 3534 ad
480 3476 663 3533 omnia
698 3481 825 3550 quae
865 3475 1013 3531 Deus
1042 3481 1240 3547 potest,
1272 3476 1367 3531 sed
1396 3477 1697 3536 secundum
1725 3480 1947 3555 aliquod
1972 3501 2174 3558 genus3

153 3563 319 3627 sicut'
366 3567 685 3624 continuum
732 3569 816 3621 est
862 3564 920 3621 in
969 3564 1214 3642 potentia
1254 3563 1322 3620 ad
1367 3563 1609 3624 infinitas
1654 3569 1969 3636 divisiones,
2022 3575 2177 3633 Unde

153 3655 352 3717 anima
380 3651 582 3714 Christi
609 3653 842 3711 scientia
869 3651 1132 3726 simplicis
1169 3652 1380 3711 notitiae
1420 3657 1703 3728 cognoscit
1740 3659 1953 3718 infinita
1980 3677 2179 3721 secun-

153 3747 292 3804 dum
329 3743 481 3820 quid,
510 3758 636 3817 quae
659 3741 868 3800 suntin
896 3741 1142 3814 potentia
1169 3749 1462 3801 creaturas.

186 3829 302 3892 Et
333 3849 430 3910 per
451 3833 556 3890 hoc
579 3838 731 3906 patet
754 3829 1034 3907 responsio
1059 3830 1128 3888 ad
1147 3831 1383 3903 objecta.
1411 3831 1552 3890 Nam
1576 3835 1767 3908 primae
1789 3835 1913 3896 duae
1936 3839 2178 3903 rationes

148 3923 475 4002 procedunt
501 3922 572 3980 de
599 3920 908 3994 cognitione
933 3919 1270 3978 infinitorum
1295 3920 1637 3994 simpliciter.
