2800 4492
714 341 831 389 ιιι.
857 355 938 373 --
965 343 1390 393 Quonmenruu
1434 343 1744 390 semmua
2122 325 2231 388 411

205 459 524 533 deponeret
549 473 703 515 arma
724 458 923 532 quibus
962 463 1148 532 posset
1185 473 1246 516 se
1274 457 1587 526 defendere,
1621 463 1863 517 tentaret
1900 457 2097 514 Deum.
2128 455 2236 512 Sed

206 547 306 604 ille
331 547 434 621 qui
457 546 722 620 relinquit
745 547 948 615 omnia,
977 553 1033 603 et
1061 563 1168 604 non
1197 546 1411 604 laborat
1448 547 1718 614 manibus,
1752 546 1943 619 abjicit
1979 561 2011 602 a
2039 561 2097 601 se
2133 560 2234 602 ne-

207 637 464 693 cessaria
491 637 690 704 victua„
720 636 919 709 quibus
946 637 1224 693 resistitur
1240 637 1653 710 consumptioni
1685 651 1809 708 quae
1838 636 1898 692 fit
1924 635 1979 690 in
2009 649 2236 707 corpore

207 741 314 798 per
343 725 588 782 calorem
609 725 936 782 naturalem.
959 725 1102 797 Ergo
1133 725 1256 781 talis
1281 732 1475 798 peccat
1504 726 1661 798 quasi
1687 732 1905 781 tentans
1928 726 2125 780 Deum.

287 816 344 870 7.
365 815 670 883 Praeterea,
703 815 772 872 ad
803 814 997 888 Philip.
1025 830 1112 880 ιιι,
1143 815 1233 880 47,
1261 813 1398 870 dicit
1431 813 1727 886 Apostolus
1753 830 1767 868 z
1800 813 2106 870 Imitatores
2130 809 2232 867 mei

211 909 400 970 estote,
430 904 656 976 fratrea.
681 904 788 961 Sed
813 904 948 976 ipse,
978 903 1230 977 quamvis
1258 903 1603 977 praedicaret,
1628 903 1955 974 etoperibns
1982 903 2236 976 spiritua·

213 993 366 1049 libus
395 998 640 1061 vacaret,
672 992 1034 1049 nihilominus*
1051 1008 1212 1065 opere
1233 1009 1494 1048 manuum
1523 993 1729 1050 victum
1758 991 2073 1064 quaerebat;
2098 992 2143 1047 11
2166 991 2235 1046 ad

215 1081 450 1139 Thessal
481 1099 566 1150 ιιι,
601 1083 636 1138 ’7
663 1099 678 1138 :
710 1082 824 1154 Ipsi
855 1081 1020 1148 scitis,
1063 1082 1503 1154 quemadmodum
1542 1088 1593 1139 et
1618 1098 1707 1137 vos
1742 1087 1983 1154 oporteat
2018 1079 2237 1136 imitari

215 1187 315 1227 uos
343 1187 366 1228 .·
389 1171 643 1243 quoniam
681 1187 790 1226 non
819 1170 1048 1242 inquieti
1074 1170 1280 1243 fuimus
1318 1170 1465 1243 apud
1492 1187 1603 1236 vos,
1644 1164 1805 1241 neque
1834 1168 2011 1243 qratia
2032 1184 2229 1242 panem

217 1259 656 1316 manducavimus
679 1259 743 1315 ab
769 1260 966 1332 aliquo,
993 1259 1084 1314 sed
1123 1259 1184 1315 in
1213 1259 1391 1316 labore
1426 1266 1477 1315 et
1509 1259 1851 1332 fatiyatione,
1878 1265 2026 1316 nocte
2052 1257 2115 1314 in
2150 1256 2235 1312 die

217 1357 523 1422 operantes,
547 1366 612 1404 ue
637 1365 784 1421 quem
801 1356 1036 1406 vestrum
1058 1364 1431 1422 pravaremus.
1454 1349 1595 1420 Ergo
1621 1357 1728 1405 etc.

290 1445 348 1494 8.
378 1440 676 1506 Praeterea,
708 1439 909 1495 Genes-
941 1453 1074 1506 xm,
1107 1455 1272 1511 super
1297 1437 1454 1494 illud.
1484 1437 1847 1518 confirmatus
1874 1443 1946 1493 est
1968 1451 2098 1510 aper
2121 1442 2238 1492 etc.

219 1527 360 1584 dicit
387 1527 607 1592 (Messa,
645 1527 791 1599 quod
826 1526 1094 1599 perfectus
1139 1526 1463 1598 praedicator
1494 1527 1731 1582 animam
1773 1541 1927 1581 suam
1961 1524 2237 1580 abscondit.

215 1616 314 1671 sub
363 1615 490 1670 bone
526 1615 852 1687 operationis
887 1623 942 1672 et
980 1615 1775 1687 contemplationis.re9imine‚·
1813 1614 1896 1671 ita
1932 1619 1981 1670 et
2028 1613 2113 1670 illi
2139 1612 2231 1685 qui

217 1703 470 1776 operibus
491 1702 868 1775 spiritualibus
895 1703 1153 1760 insistunt
1183 1720 1287 1776 per
1313 1703 1824 1776 contemplationem,
1854 1703 2037 1760 debent
2065 1702 2229 1758 etiam

217 1789 470 1862 operibus
497 1789 852 1847 exterioribus
873 1807 1064 1846 vacare
1087 1804 1190 1863 per
1212 1790 1507 1858 actionem3
1536 1796 1591 1846 et
1620 1791 1701 1846 sic
1724 1806 1890 1864 opera
1918 1787 2227 1862 spiritualia

217 1896 330 1935 non
360 1885 625 1935 excusant
654 1896 687 1936 a
707 1879 890 1935 labore
913 1895 1198 1936 manuum.

291 1971 347 2024 l.
379 1967 488 2026 Sed
516 1975 726 2036 contra,
759 1969 922 2024 Lucae
965 1985 1047 2036 ix,
1077 1972 1144 2024 60
1178 1986 1192 2024 :
1222 1967 1350 2025 Sine
1375 1977 1440 2027 ut
1474 1968 1677 2026 mortui
1703 1969 1961 2041 sepeliant
1986 1975 2225 2026 mortuos

215 2074 372 2126 suosg
397 2057 534 2114 dicit
561 2057 756 2115 Glossa
784 2074 800 2114 x
829 2058 1089 2114 Dominus
1115 2058 1260 2116 docet
1287 2059 1505 2114 minora
1530 2059 1663 2114 bona
1680 2075 1783 2130 pro
1808 2058 2101 2130 majoribus
2119 2074 2222 2114 esse

216 2147 563 2204 dimittenda.
588 2147 696 2203 Sed
737 2162 903 2220 opera
939 2145 1246 2220 spiritualia
1289 2153 1417 2203 sunt
1444 2149 1653 2218 majora
1685 2147 1827 2204 bona
1856 2163 2024 2220 quam
2060 2162 2224 2221 opera

219 2237 520 2294 manualia.
547 2235 690 2308 Ergo
711 2236 876 2292 debet
903 2236 1023 2292 haec
1046 2237 1471 2309 praetermittere
1492 2243 1719 2308 propter
1745 2235 1857 2292 illa.
2154 2307 2163 2314 ⁸

231 2311 242 2322 ’
291 2331 345 2384 2.
369 2327 660 2391 Praeterea,
693 2339 856 2398 opera
886 2323 1110 2398 pietatis
1145 2331 1272 2381 sunt
1301 2324 1513 2396 potiora
1551 2333 1715 2397 quam
1740 2324 2003 2381 exercitia
2028 2339 2228 2398 corpo-

217 2414 396 2483 ralia;
427 2414 450 2468 Ι
479 2413 548 2469 ad
591 2414 734 2470 Tim.
765 2429 843 2481 lv,
875 2419 907 2468 8
933 2431 955 2479 ,z
989 2413 1301 2485 corporalis
1327 2413 1639 2468 exercitatio
1676 2412 1747 2467 ad
1782 2412 2041 2467 modicum
2068 2413 2220 2468 utilis

217 2511 315 2570 est,
334 2502 510 2576 pietas
531 2508 712 2558 autem
737 2502 809 2558 ad
833 2501 1014 2564 omnia
1036 2503 1193 2558 valet.
1221 2501 1326 2557 Sed
1357 2517 1523 2570 opera
1549 2499 1939 2557 misericordiae
1959 2505 2015 2556 et
2045 2500 2227 2572 pieta·

219 2594 292 2649 tis
338 2599 466 2647 sunt
504 2591 849 2658 dimittenda,
895 2599 958 2648 ut
1005 2597 1230 2646 vacetur
1275 2589 1704 2662 praedicationi:
1748 2593 1988 2645 Actuum
2031 2605 2110 2654 νι,
2144 2593 2223 2646 2:

215 2683 342 2740 Non
365 2688 444 2738 est
463 2697 668 2752 (equum
697 2697 791 2736 noa
830 2670 1132 2753 relihquere
1163 2680 1384 2735 verbum
1426 2678 1545 2744 Dei,
1576 2685 1624 2734 et
1660 2679 1976 2735 ministrare
2009 2678 2221 2735 mensis.

215 2774 383 2828 Lucae
411 2785 494 2836 ιιι,
528 2774 594 2825 60
627 2786 641 2824 z
673 2770 798 2826 Sine
825 2777 1062 2826 mortuos
1097 2769 1322 2841 sepelire
1341 2775 1579 2824 mortuos
1601 2784 1721 2823 suos
1735 2783 1756 2835 ,·
1774 2775 1844 2824 ’tu
1868 2775 2045 2824 autem
2072 2767 2222 2833 vade,

215 2869 266 2917 et
285 2859 561 2916 αηηαηιία
581 2875 802 2931 reqnum
827 2858 946 2915 Dei.
971 2860 1112 2930 Ergo
1140 2858 1310 2914 multo
1330 2857 1524 2913 fortius
1540 2864 1763 2930 propter
1782 2857 2227 2930 praedicationem

217 2957 271 3005 ct
301 2948 410 3006 alia
436 2963 601 3020 opera
641 2947 948 3020 spiritualia
979 2958 1064 3004 est
1101 2948 1488 3004 dimittendum
1526 2965 1663 3022 opus
1698 2948 1972 3014 manuale,
2014 2952 2071 3003 et
2116 2946 2224 3003 alia

215 3053 344 3112 quae
371 3039 440 3094 ad
464 3038 912 3092 exercitationem
940 3038 1214 3109 pertinent
1241 3037 1600 3110 corporalem.

193 3142 198 3146 ·
287 3131 342 3180 3.
377 3127 668 3191 Praeterea,
696 3125 743 3180 11
769 3125 836 3179 ad
863 3124 1208 3181 Timotheum
1234 3141 1297 3188 11,
1329 3127 1360 3179 4
1389 3141 1403 3178 t
1435 3124 1601 3180 Nemo
1632 3122 1871 3179 militans
1902 3122 2010 3178 Deo
2034 3120 2221 3192 impli-

215 3222 298 3271 cat
321 3231 375 3270 se
411 3213 634 3285 neyotiis
674 3213 1048 3281 saecularibus3
1079 3214 1279 3269 Gtossa
1312 3229 1326 3268 ε
1374 3213 1479 3269 Illa
1519 3219 1642 3266 sunt
1684 3210 1973 3267 soecularia
2014 3210 2221 3283 neqotia

215 3303 404 3374 quibus
424 3303 638 3358 animus
657 3309 946 3375 occupatur
971 3301 1270 3373 colliyendoe
1286 3299 1525 3372 pecuniae
1555 3315 1706 3355 cura.
1734 3300 1837 3356 Sed
1864 3301 1956 3373 qui
1986 3316 2226 3373 operan-

216 3401 306 3447 tur
333 3391 602 3459 manime,
637 3391 841 3448 habent
864 3407 1053 3448 curam
1082 3391 1150 3446 de
1179 3389 1483 3462 colligenda
1499 3391 1749 3462 pecunia.
1768 3389 1908 3461 Ergo
1940 3390 2227 3463 implican-

217 3489 306 3536 tur
338 3483 570 3552 negotiis
596 3481 978 3549 saecularibus;
1007 3487 1057 3536 et
1087 3480 1168 3538 ita
1193 3477 1298 3535 illis
1334 3478 1428 3550 qui
1462 3479 1697 3536 militant
1726 3481 1839 3535 Deo
1870 3480 1923 3534 in
1963 3478 2225 3550 spiritua-

215 3569 357 3624 libus
383 3569 660 3642 operibus,
690 3585 792 3625 non
824 3568 1024 3624 debent
1048 3567 1304 3640 operibus
1329 3583 1586 3622 manuum
1613 3567 1888 3639 occupari.

284 3659 610 3730 Respondco
639 3658 950 3724 dicendum,
1001 3658 1146 3731 quod
1195 3657 1399 3713 veritas
1438 3657 1601 3728 hujus
1642 3655 1963 3728 quaestionis
1994 3658 2220 3726 apparet

212 3765 278 3802 ex
311 3748 396 3804 his
427 3765 550 3820 quoe
580 3749 632 3802 in
675 3748 941 3820 superiori
983 3747 1283 3820 quaestione
1325 3752 1453 3801 sunt
1496 3746 1665 3800 dicta.
1704 3743 1925 3798 Dictum
1964 3748 2049 3798 est
2077 3742 2221 3797 enim

211 3853 398 3910 supra,
435 3837 582 3910 quod
618 3836 696 3893 illi
737 3843 950 3894 tantum
978 3836 1288 3909 obligantur
1314 3835 1382 3892 ad
1408 3832 1845 3890 observationem
1884 3831 2047 3904 hujus
2074 3847 2222 3906 prae-

210 3927 379 4001 cepti,
407 3927 619 3983 scilicet
642 3927 710 3984 de
747 3943 910 4000 opere
939 3941 1219 3997 manuum,
1248 3925 1343 3999 qui
1369 3939 1477 3982 nou
1502 3921 1707 3980 habent
1744 3920 1881 3980 alias
1906 3921 2049 3982 unde
2074 3922 2164 3980 lici
2186 3928 2239 3982 te
2266 3915 2273 3923 ’
