2800 4492
535 337 646 400 36·
1013 351 1064 398 s.
1110 351 1344 396 ‘rquAE
1383 349 1709 400 AQUINATIS
1752 347 2061 392 orusoum

607 472 661 525 ὃ.
691 469 849 536 Item,
891 466 1021 538 Sap.
1072 482 1155 522 vn
1184 465 1386 521 dicitur
1432 481 1445 518 :
1494 463 1660 530 Quam
1702 463 1815 517 sine
1860 462 2072 533 fictione
2116 460 2301 527 didici,
2329 469 2397 528 et
2430 461 2557 516 sine

537 557 745 613 invidia
785 554 1104 612 communico
1145 553 1305 611 :sed
1349 553 1443 626 qui
1491 551 1767 610 occultant
1796 566 1903 607 non
1944 551 2386 621 communicant3
2416 566 2556 622 ergo

544 646 793 701 videntur
817 644 1039 700 invidiae
1068 643 1168 698 rei.

586 739 660 790 -6,
693 736 846 799 item,
878 738 1016 806 Aug.
1045 748 1124 789 ιν.
1155 731 1224 788 de
1253 728 1515 787 Doctrina
1542 729 1839 787 christiana
1876 745 1889 783 z
1935 748 1961 782 α
1994 727 2344 801 Expositores
2374 743 2559 786 sacrae

538 823 833 892 Scripturae
879 837 984 876 non
1027 821 1108 878 ita
1155 819 1301 892 loqui
1345 818 1565 885 debent,
1618 824 1880 890 tanquam
1940 817 2150 890 seipsos
2197 818 2557 891 exponendos

539 911 704 967 simili
749 911 1075 967 auctoritate
1118 913 1442 981 proponant,
1493 907 1591 962 sed
1620 905 1872 962 omnibus
1898 905 2240 961 sermonibus
2280 905 2394 960 suis
2429 905 2557 976 pri-

539 1000 706 1067 mitus
741 1004 798 1054 et
828 997 1060 1054 maxime
1101 1003 1164 1052 ut
1192 995 1567 1067 intelligantur
1610 993 1856 1050 laborent
1894 1009 1960 1050 ea
1988 999 2255 1066 quantum
2296 1000 2553 1066 possunt,

540 1088 930 1160 perspicuitate
962 1086 1200 1152 dicendi,
1236 1091 1294 1141 ut
1322 1083 1556 1140 multum
1595 1083 1785 1139 tardus
1822 1083 1895 1138 sit
1923 1083 2015 1155 qui
2051 1098 2160 1138 non
2195 1082 2489 1154 intelligat.
2528 1101 2555 1134 n

609 1175 717 1232 Sed
765 1183 957 1242 contra
983 1181 1070 1230 est
1111 1173 1258 1247 quod
1288 1173 1489 1229 dicitur
1526 1171 1719 1228 Matth.
1750 1187 1832 1227 vn
1868 1187 1880 1226 ε
1914 1171 2096 1229 Nolite
2136 1177 2377 1226 sanctum
2418 1169 2558 1226 dare

541 1261 779 1329 canibus,
804 1269 935 1330 etc.,
979 1261 1145 1334 glosS.
1179 1282 1206 1314 α
1239 1263 1348 1318 Res
1377 1260 1641 1317 absconsa
1680 1259 1895 1315 avidius
1922 1259 2209 1332 quaeritur,
2246 1257 2424 1314 celata
2456 1273 2556 1314 ve-

543 1350 838 1408 nerabilius
864 1349 1216 1422 conspicitur,
1264 1350 1358 1405 diu
1387 1349 1621 1421 quaesita
1648 1347 1831 1404 carius
1870 1355 2107 1404 tenetur.
2145 1367 2172 1398 ι»
2216 1347 2351 1403 Cum
2384 1345 2558 1416 igitur

541 1455 698 1497 sacra
733 1440 1060 1495 documenta
1107 1437 1366 1510 expediat
1409 1451 1622 1492 summa
1671 1437 2031 1502 veneratione,
2066 1435 2287 1504 intueri,
2332 1434 2558 1492 videtur

541 1527 687 1600 quod
724 1527 976 1600 expediat
1007 1543 1072 1584 ea
1101 1525 1330 1582 obscure
1361 1524 1527 1580 tradi.
1603 1583 1607 1588 ,
2342 1515 2347 1522 ’

576 1663 584 1666 .
613 1618 768 1682 ltem,
797 1617 957 1672 Dion.
987 1632 1006 1670 1
1034 1631 1084 1670 c.
1117 1614 1312 1670 eccles.
1341 1613 1535 1669 Hierar
1566 1629 1579 1666 :
1610 1632 1635 1664 α
1661 1611 1891 1669 Omnem
1918 1618 2167 1668 sanctam
2191 1611 2410 1668 laudem
2445 1626 2559 1667 non

545 1704 731 1760 tradas
759 1701 915 1758 alteri
960 1707 1158 1774 praeter
1192 1717 1350 1773 aeque
1388 1699 1683 1756 ordinatas·
1698 1700 1794 1756 Dei
1834 1700 2055 1768 formaS,
2099 1699 2155 1755 id
2198 1708 2301 1764 est,
2338 1699 2561 1756 divinas

564 1790 752 1856 audeS,
785 1790 984 1860 quibus
1021 1789 1203 1845 omnia
1245 1793 1588 1864 sacramenta
1630 1788 2029 1860 complectitur,
2071 1805 2178 1844 non
2223 1787 2407 1844 tradas
2448 1789 2558 1843 nisi

546 1879 645 1935 tibi
689 1877 986 1947 similibus;
1021 1897 1046 1930 u
1089 1877 1183 1932 sed
1214 1875 1259 1932 si
1309 1877 1490 1933 verbis
1536 1877 1843 1948 conspicuis
1872 1877 2257 1939 scriberentur,
2304 1876 2561 1934 omnibus

545 1972 832 2038 paterent3
876 1980 1004 2036 ergo
1047 1973 1258 2020 secreta
1287 1965 1413 2039 fidei
1452 1970 1579 2020 sunt
1622 1965 1955 2022 obscuritate
1984 1965 2271 2021 verborum
2299 1964 2559 2024 velanda·

617 2055 772 2119 Item,
801 2054 932 2108 Luc.
971 2068 1080 2109 vm
1117 2069 1132 2106 ι
1180 2052 1332 2110 Vobis
1365 2053 1549 2108 datum
1594 2059 1671 2110 est
1715 2069 1860 2108 nosse
1892 2053 2204 2124 mysterium
2234 2053 2386 2124 requi
2430 2053 2560 2118 Dei,

546 2141 604 2198 id
626 2146 730 2210 est,
758 2141 1172 2212 intelligentiam
1197 2141 1621 2213 scripturarum,
1656 2151 1714 2199 ut
1739 2150 1891 2213 patet
1915 2158 2011 2213 per
2036 2141 2109 2212 gl.
2136 2141 2351 2197 caeteris
2370 2149 2563 2196 autem

545 2231 604 2286 in
634 2229 937 2302 parabolis;
973 2245 1102 2301 ergo
1132 2236 1348 2302 oportet
1377 2229 1669 2286 verborum
1706 2229 2041 2286 obscuritate
2084 2229 2267 2302 aliqua
2297 2245 2330 2286 a
2365 2229 2562 2286 multi-

549 2317 738 2374 tudine
765 2317 968 2375 velare.
1223 2375 1228 2381 (
2203 2387 2209 2390 ‚

617 2405 941 2479 Respondeo
999 2403 1310 2474 dicendum,
1359 2405 1505 2478 quod
1561 2405 1727 2462 verba
1776 2407 2024 2462 docentis
2063 2405 2139 2462 ita
2192 2405 2563 2464 debent'esso

547 2495 830 2552 moderata
869 2501 930 2562 ut
973 2494 1287 2580 proficiant,
1296 2511 1427 2552 non
1474 2501 1707 2550 noceant
1758 2494 2021 2551 audienti.
2070 2495 2354 2564 Quaedam
2374 2507 2560 2550 autern

551 2589 676 2640 sunt
703 2599 828 2656 quae
855 2583 1043 2639 audita
1072 2582 1205 2654 nulli
1231 2589 1448 2660 nocent,
1476 2583 1618 2640 sicut
1642 2599 1707 2638 ea
1736 2599 1901 2660 quae
1880 2598 2067 2660 omnes
2092 2584 2231 2639 scire
2262 2589 2558 2638 tenentur:

551 2679 606 2726 et
635 2671 765 2726 talia
792 2685 900 2726 non
921 2677 1056 2724 sunt
1081 2670 1425 2736 occultanda,
1453 2670 1549 2725 sed
1581 2669 1869 2727 manifeste
1906 2671 2157 2726 omnibus
2186 2671 2560 2744 proponenda.

551 2758 813 2830 Quaedam
843 2773 970 2812 vero
1009 2765 1135 2819 sunt
1163 2774 1290 2830 quae
1325 2758 1603 2832 proposita
1632 2759 1920 2816 manifeste
1949 2760 2289 2816 auditoribus
2317 2767 2558 2816 nocent:

551 2847 698 2918 quod
723 2845 945 2918 quidem
968 2845 1234 2917 contingit
1260 2846 1569 2918 dupliciter.
1600 2849 1719 2905 Uno
1748 2848 1927 2915 modo,
1968 2849 2014 2904 si
2046 2864 2245 2905 arcana
2281 2848 2405 2905 fidei
2435 2845 2565 2903 infi-

553 2933 768 2990 delibus
810 2932 971 2989 fidem
1029 2933 1445 2990 abhorrentibus
1486 2935 1830 2992 denudentur
1870 2953 1883 2990 z
1929 2938 2009 2993 eis
2052 2936 2461 3013 enimyenient
2507 2937 2565 2992 in

551 3021 809 3087 derisum,
852 3026 907 3075 et
948 3026 1164 3092 propter
1202 3020 1307 3076 hoc
1335 3021 1537 3078 dicitur
1572 3023 1705 3078 Mat.
1744 3039 1829 3080 vn
1876 3041 1888 3078 ι
1930 3024 2112 3082 Nolite
2148 3031 2391 3080 sanctum
2428 3024 2565 3078 dare

552 3108 823 3165 canibus.-
849 3114 906 3162 et
941 3108 1189 3180 Dionysi.
1221 3123 1266 3164 11
1290 3123 1341 3164 c.
1369 3110 1493 3166 coel.
1530 3111 1776 3166 Hierar.
1764 3129 1776 3140 ·
1786 3132 1838 3165 α
1871 3112 2012 3168 Audi
2045 3118 2231 3168 sancte
2269 3111 2439 3170 dicta
2472 3113 2567 3166 di-

552 3197 712 3252 vinus
747 3195 1074 3261 divinorum,
1124 3197 1182 3250 in
1227 3196 1477 3253 doctrina
1514 3197 1711 3263 factus,
1752 3205 1817 3278 :et
1867 3199 2065 3253 mentis
2106 3199 2323 3274 occulta
2368 3205 2567 3254 sancta

553 3266 1098 3339 circumabscondens
1127 3283 1198 3339 ab
1234 3285 1517 3342 immunda
1558 3285 1907 3342 multitudine
1960 3293 2020 3340 ut
2061 3301 2226 3357 quam
2269 3269 2566 3342 uniformia

552 3371 846 3426 custodi.»
877 3371 1126 3426 Secundo
1151 3380 1334 3427 autem
1364 3373 1545 3438 mod0‚
1574 3373 1619 3427 si
1646 3373 1829 3446 aliqua
1858 3361 2079 3428 subtilia
2107 3372 2334 3428 rudibus
2360 3377 2568 3446 propo-

553 3466 772 3523 nantur,
822 3475 888 3514 e).
930 3459 1129 3531 quibus
1169 3459 1412 3532 perfecte
1464 3475 1568 3516 non
1610 3459 1963 3542 apprehensis
2009 3461 2297 3516 materiam
2342 3469 2570 3517 sumunt

553 3546 804 3612 errandi;
833 3547 975 3603 unde
1001 3549 1026 3603 1
1053 3547 1479 3608 Cor.111:Non
1502 3549 1653 3618 potui
1675 3549 1817 3606 vobis
1840 3533 1982 3622 loqui
2006 3555 2281 3622 tanquam-
2291 3549 2571 3622 spiritua-

553 3635 710 3700 libus,
735 3635 824 3690 sed
849 3635 1001 3706 quasi
1028 3636 1378 3693 carnalibus:
1420 3645 1671 3710 tauquam
1697 3638 1945 3709 parvulis
1973 3637 2033 3692 in
2074 3637 2289 3693 Christo
2318 3637 2399 3692 lac
2425 3638 2571 3695 vobis

547 3731 734 3796 potum
759 3723 900 3789 dedi,
924 3740 1030 3779 non
1045 3741 1230 3780 escam.
1249 3725 1404 3781 Unde
1432 3741 1595 3798 super
1618 3724 1749 3780 illud
1778 3725 1911 3780 Ex0.
1941 3741 2078 3782 xxi:
2105 3725 2165 3780 Si
2192 3724 2310 3800 quis
2333 3742 2569 3797 aperue-

553 3813 670 3868 ναῖε
694 3812 995 3877 cisternam,
1024 3812 1158 3867 dicit
1188 3812 1294 3884 glo.
1323 3811 1491 3884 Greg.
1514 3833 1539 3866 α
1560 3813 1662 3883 Qui
1689 3814 1746 3869 in
1770 3829 1927 3869 sacro
1956 3814 2173 3887 eloquio
2196 3815 2313 3886 jam
2341 3813 2453 3870 alta
2482 3816 2566 3870 in·

555 3899 772 3972 telligit,
801 3901 1061 3959 sublimes
1089 3907 1282 3958 sensus
1296 3915 1483 3960 coram
1500 3918 1605 3959 non
1622 3902 1967 3974 capientibus
1982 3919 2078 3981 per
2094 3901 2371 3960 silentium
2390 3910 2566 3974 tegat,
