2800 4492
735 306 867 376 ‚xm
897 323 980 342 -
1006 304 1433 366 Quontmn'ruu
1482 309 1736 372 snxruu
1770 348 1775 354 .
2132 294 2256 367 355

242 421 492 508 Reddere
519 424 985 505 autem-debitum
1027 433 1112 484 est
1135 433 1294 485 actus
1325 428 1595 502 justitiae3
1624 433 1682 486 et
1710 426 1835 486 ideo
1867 427 1939 486 ad
1970 428 2079 488 hoc
2106 429 2256 504 quod

243 512 404 570 alicui
448 513 708 571 reddatur
737 517 882 588 quod
925 518 975 572 ei
1021 517 1270 585 debetur,
1303 533 1410 574 non
1439 517 1607 574 refert
1636 523 1820 575 utrum
1856 518 1931 574 sit
1974 519 2129 576 dives
2164 517 2255 591 ve!

243 617 469 674 pauper.
492 603 732 662 Decimae
757 611 936 660 autem
959 605 1334 663 sacerdotibus
1357 605 1626 663 debentur
1649 607 1704 662 in
1728 607 2001 663 communi
2025 605 2250 680 quidem

243 691 541 748 secundum
563 693 658 764 ,ius
702 693 971 750 naturale.
1019 695 1298 751 Naturalis
1340 704 1526 753 autem
1569 697 1710 754 ratio
1738 695 1913 753 dictat
1944 701 2003 752 ut
2045 695 2125 751 illi
2160 694 2257 768 qui

243 795 338 853 pro
370 781 605 855 populo
590 797 647 838 m
674 781 1050 855 spiritualibus
1079 783 1348 854 laborant,
1382 801 1416 842 a
1442 781 1642 859 populo
1676 785 1947 859 stipendia
1981 799 2097 841 suae
2126 799 2254 840 sus-

241 871 564 926 tentationis
590 871 894 944 accipiant3
926 876 982 929 et
1005 874 1306 936 secundum
1330 873 1434 933 hoc
1462 875 1630 931 etiam
1659 873 1713 938 in
1748 888 1887 932 novo
1922 879 2251 931 testamento

245 956 332 1016 'ont
343 957 678 1030 iun-edivinia
695 961 1013 1018 sancitum:
1034 978 1186 1028 Μαι,
1211 970 1274 1018 ut
1299 962 1499 1020 dicitur
1529 963 1641 1019 lad
1663 964 1787 1020 Cor.
1820 979 1969 1018 xiv·
1996 959 2255 1018 Dominus

245 1047 515 1104 ordinavit
555 1049 638 1106 his
664 1051 756 1122 qui
785 1049 1137 1124 Evanqelium
1153 1052 1519 1116 annuntiant,
1549 1059 1613 1109 ut
1638 1051 1705 1106 de
1728 1051 2019 1122 Evangelio
2042 1051 2252 1106 vivant.

244 1137 347 1193 Sed
393 1138 451 1193 in
491 1137 610 1210 lego
655 1139 830 1195 veteri
855 1140 1106 1212 judiciali
1149 1150 1427 1215 praecepto
1473 1147 1658 1198 taxata
1705 1149 1789 1198 ost
1826 1139 2255 1213 quantitasejus

245 1228 388 1300 quod
419 1225 684 1298 ministris
728 1227 827 1284 Dei
869 1241 954 1284 est
983 1243 1019 1284 a
1045 1229 1243 1302 populo
1290 1229 1628 1295 solvendum,
1660 1229 1873 1285 scilicet
1911 1229 2153 1297 decima;
2197 1233 2255 1292 et

245 1314 348 1371 hoc
371 1315 538 1372 etiam
566 1315 810 1386 Ecclesia
837 1317 1033 1373 statuit
1061 1317 1116 1374 in
1146 1317 1343 1390 populo
1373 1317 1673 1374 christiano
1702 1317 2043 1374 solvendum.
2074 1316 2251 1382 Unde,

245 1418 370 1473 cum
411 1403 786 1461 sacerdotibus
831 1404 1060 1461 decimae
1088 1403 1390 1463 debeantur
1420 1412 1535 1461 tum
1564 1405 1632 1462 de
1666 1406 1793 1478 jure
1834 1404 2089 1474 naturali,
2136 1413 2256 1474 turn

245 1492 460 1569 dejure
486 1492 692 1560 divino,
721 1497 838 1548 tum
865 1492 1034 1548 etiam
1063 1509 1131 1548 ex
1157 1499 1369 1550 statuto
1395 1493 1672 1559 Ecclesiae,
1714 1493 1964 1566 quamvis
1996 1492 2256 1568 sacerdos

244 1575 316 1638 sit
344 1582 520 1648 diveS,
549 1580 898 1637 nihilominus
927 1598 1130 1656 pauper
1157 1590 1375 1639 tenetur
1391 1583 1441 1639 ei
1468 1583 1709 1642 decimas
1736 1581 1968 1638 solvere.

313 1669 399 1750 Ad
436 1670 671 1742 primum
699 1687 827 1743 ergo
868 1677 1084 1744 oportet
1113 1673 1441 1744 respondere
1482 1670 1795 1744 dupliciter.
1842 1670 1958 1726 Uno
1988 1668 2149 1729 modo
2194 1677 2255 1725 ut

245 1754 488 1826 dicatum
511 1759 656 1831 quod
692 1759 1027 1817 decimarum
1055 1747 1255 1816 solutio
1294 1765 1377 1816 est
1403 1760 1656 1816 instituta
1692 1775 1799 1816 non
1826 1759 2003 1814 solum
2033 1757 2103 1814 ad
2128 1773 2257 1836 sus--2

247 1849 603 1905 tentationem
639 1849 1012 1906 ministrorum
1049 1849 1327 1916 Ecclesiae,
1360 1849 1457 1906 sed
1495 1849 1662 1906 etiam
1692 1849 1759 1906 ad
1796 1847 2255 1922 sustentationem

245 1954 562 2010 pauperum,
613 1938 812 2012 quibus
847 1938 1010 1996 debet
1057 1939 1124 1995 de
1170 1940 1332 1995 domo
1369 1939 1469 1996 Dei
1512 1938 1823 2012 provideri;
1870 1937 2013 1994 unde
2049 1935 2255 1996 dicitu-r

245 2026 472 2082 Malach.
503 2043 588 2096 m,
621 2028 688 2082 to
717 2043 730 2080 t
759 2027 966 2098 Inserta
990 2043 1192 2084 omnem
1215 2026 1635 2102 decimationem,
1665 2033 1725 2082 ut
1754 2027 1826 2083 sit
1854 2025 1997 2104 cibus
2019 2025 2079 2080 in
2103 2025 2255 2083 domo

243 2131 358 2171 mea
376 2131 396 2183 ‚·
441 2122 497 2172 et
519 2115 600 2172 sic
635 2115 928 2183 sacerdoti,
960 2115 1056 2186 diui
1085 2133 1192 2172 non
1221 2115 1549 2190 solumhsibh
1581 2117 1677 2172 sed
1708 2113 2256 2188 pauperibusprovi7

247 2199 376 2260 dere
398 2203 581 2273 debet,
612 2211 1114 2277 quantumcumque
1139 2203 1316 2272 diviti,
1350 2212 1479 2260 sunt
1501 2204 1733 2260 dccimae
1757 2203 2099 2259 necessariae.
2132 2201 2255 2266 Alio

245 2293 408 2348 modo
433 2300 611 2366 potest
637 2293 766 2360 dici,
798 2294 943 2366 quod
973 2292 1274 2350 necessitas
1299 2293 1715 2352 sustentationis
1742 2291 2114 2347 ministrorum
2150 2288 2257 2348 fuit

244 2383 387 2448 ratio
424 2380 814 2440 ecclesiasticae
847 2382 1206 2437 institutionis
1246 2380 1316 2436 de
1344 2380 1697 2456 decimarum¹
1718 2377 2023 2445 solutione;
2054 2377 2149 2433 sed
2186 2392 2257 2443 ex

246 2486 356 2545 quo
379 2469 617 2526 officium
645 2477 728 2526 est
766 2469 926 2525 alicui
957 2469 1200 2525 debitum
1232 2485 1326 2540 per
1357 2474 1626 2526 statutum
1655 2466 1934 2534 Ecclesiae,
1976 2465 2257 2530 nihilomi-

244 2575 349 2618 nus
375 2559 425 2615 ei
453 2559 704 2626 debetur,
737 2557 988 2631 quamvis
1016 2559 1090 2616 sit
1117 2558 1292 2615 dives,
2128 2601 2133 2608 .
2186 2595 2191 2602 -

297 2648 398 2710 Ad
439 2646 740 2704 secundum
779 2646 1090 2713 dicendum,
1137 2647 1282 2720 q'uod
1330 2647 1475 2704 sicut
1516 2645 1717 2706 Paulus
1753 2643 2099 2702 laudabiliter
2146 2657 2255 2706 non

247 2736 499 2810 exigebat
525 2742 776 2809 sumptus
804 2735 894 2808 qui
923 2735 1024 2791 sibi
1055 2743 1277 2809 propter
1303 2736 1753 2809 praedicationem
1777 2734 2055 2804 Evangelii
2085 2731 2257 2790 debe-

247 2827 466 2893 bantur,
509 2843 576 2881 ne
613 2825 759 2899 quod
795 2825 1244 2903 impedimentum
1274 2825 1433 2880 fieret·
1458 2824 1771 2900 Evangelio,
1804 2827 1899 2880 aut
1938 2820 2255 2878 scandalum

250 2914 502 2972 fidelibus
547 2914 780 2984 Chi-istu
813 2966 818 2970 ,
843 2916 951 2970 non
1001 2919 1184 2970 tamen
1225 2913 1300 2968 illi
1354 2913 1656 2987 peccabant
1703 2927 1823 2988 ‚non
1879 2910 2256 2970 ministrantes

245 3013 496 3077 sumptus
525 3019 660 3076 quos
701 3002 993 3074 Apostolus
1023 3003 1126 3065 sibi
1155 3002 1369 3058 debitos
1399 3001 1716 3058 remittebat
1749 3017 1762 3054 z
1797 3001 1873 3054 ita
1903 2998 2069 3054 etiam
2111 3013 2257 3068 praa-2

244 3091 343 3147 lati
381 3090 639 3145 Ecclesiae
674 3089 1019 3146 laudabiliter
1050 3090 1255 3146 faciunt
1287 3105 1392 3146 non
1422 3089 1689 3158 exigendo
1719 3087 1959 3141 decimas
2002 3087 2055 3139 in
2096 3086 2257 3156 terris

245 3177 354 3236 illis
381 3179 432 3233 in
467 3176 664 3250 quibus
703 3185 920 3250 propter
945 3178 1376 3234 dissuetudinem
1407 3178 1601 3234 timent
1629 3173 1945 3230 scandalum
1971 3174 2255 3244 generari3

245 3261 352 3326 uon
384 3272 613 3340 peccant
655 3264 729 3321 illi
769 3266 862 3336 qui
894 3279 1001 3320 non
1028 3264 1245 3320 solvunt
1282 3264 1523 3320 decimas
1553 3264 1609 3318 in
1652 3261 1811 3318 terris
1840 3261 1947 3317 illis
1974 3262 2025 3317 in
2056 3261 2257 3335 quibus

245 3373 351 3414 non
376 3362 460 3412 est
483 3359 834 3420 consuetum
864 3358 1152 3424 peccarent
1181 3361 1364 3409 autem
1389 3352 1435 3408 si
1464 3351 1737 3408 obstinate
1760 3350 2101 3422 exigentibus
2123 3351 2257 3410 dare

243 3449 596 3512 recusarent3
629 3449 684 3498 et
713 3442 852 3508 ideo,
888 3447 948 3496 ut
975 3440 1100 3497 huic
1127 3447 1354 3514 peccato
1387 3439 1607 3497 obvient
1632 3434 1964 3508 sacerdotes,
2000 3439 2053 3494 in
2094 3437 2257 3510 terris

245 3531 355 3590 illis
379 3548 485 3600 non
511 3531 734 3604 exigunt
761 3529 1025 3587 decimas·
1106 3517 1112 3522 ’

941 3727 1353 3838 ··QUAEsT1o
1390 3689 1545 3798 'vi

323 3887 530 3974 Deinde
557 3891 842 3964 quaesitum
861 3856 958 3949 ‘ost
987 3891 1054 3950 de
1080 3891 1293 3948 actibus
1321 3888 1592 3946 caritatis.
1614 3959 1617 3965 Ι
1637 3886 1704 3942 Et
1729 3883 1887 3943 lodo
1916 3865 2257 3967 obedientia}
