2800 4492
685 495 1379 595 QUODLIBETUM
1457 503 1897 593 TERTIUM

1191 681 1382 700 —

937 913 943 919 ‚
1035 829 1431 907 QUAESTIO
1476 835 1531 903 1.

351 983 767 1052 Quaesitumest
819 985 887 1042 de
924 986 1056 1056 Dee,
1090 989 1158 1044 de
1198 991 1439 1063 Angelis,
1468 993 1536 1048 de
1582 993 1894 1056 hominibus
1922 1009 1979 1059 et
2012 1003 2081 1060 de
2121 1022 2281 1074 enea·-

279 1064 418 1128 turis
458 1090 594 1145 pure
629 1074 1021 1146 corporalibus,
1063 1076 1144 1132 De
1186 1079 1301 1136 Deo
1334 1082 1628 1153 quaesitum
1668 1094 1751 1142 est
1796 1093 1849 1142 et
1902 1081 2167 1164 quantum
2212 1095 2285 1156 ad

279 1169 534 1218 naturam
560 1161 819 1225 divinam,
839 1171 894 1218 et
923 1170 1186 1236 quantum
1217 1167 1284 1222 ad
1313 1174 1569 1226 naturam
1593 1172 1890 1232 humanam
1919 1176 2278 1256 assumptam.

276 1251 435 1306 Circa
482 1250 724 1307 divinam
775 1256 1027 1308 naturam
1078 1257 1309 1324 quaesita
1361 1265 1491 1314 sunt
1527 1259 1634 1315 duo
1686 1262 1753 1318 de
1802 1270 2049 1336 potentia
2104 1263 2204 1330 Dei
2261 1293 2275 1330 ι

274 1340 337 1395 40
391 1349 577 1394 utrum
623 1341 766 1396 Deus
815 1341 988 1413 possit
1056 1342 1236 1400 facere
1286 1345 1433 1418 quod
1484 1334 1713 1406 materia
1771 1353 1844 1408 sit
1894 1357 2011 1414 sino
2066 1359 2275 1432 forma;

274 1432 336 1485 20
379 1436 562 1510 utrum
613 1429 782 1500 possit
823 1427 1004 1486 facere
1031 1431 1179 1503 quod
1223 1431 1368 1490 idem
1397 1450 1596 1508 corpus
1641 1439 1801 1496 simul
1848 1436 2095 1504 localiter
2122 1451 2195 1508 sit
2222 1453 2279 1510 in

273 1515 484 1573 duobus
513 1517 664 1573 locis,
1436 1543 1443 1549 ·

970 1697 1451 1763 .ART10ULUS
1491 1699 1541 1766 I.

237 1829 241 1832 ’
280 1829 498 1894 Utrum
525 1813 692 1894 D'eus
726 1831 924 1909 possit
961 1833 1159 1908 facere
1192 1834 1354 1913 quod
1388 1836 1645 1902 materia
1680 1839 1767 1904 eit
1792 1841 1920 1909 sine
1938 1848 2159 1924 forma.
2192 1873 2269 1901 a-

349 1921 407 1998 (1
449 1923 648 1999 part„
681 1924 890 1998 quast.
923 1921 985 1995 3,
1016 1926 1139 1984 art.
1165 1922 1226 1999 2,
1257 1929 1469 2003 quaest.
1501 1928 1562 2002 5,
1594 1934 1718 1993 art.
1748 1932 1810 2007 2,
1838 1936 2015 2016 acl-13
2046 1946 2260 2022 qamt,

343 2009 444 2085 66,
475 2013 596 2071 art.
633 2009 665 2068 1
697 2013 754 2071 et
779 2009 1019 2088 art.-2).

332 2141 416 2197 Ad
446 2141 682 2214 primum
722 2141 803 2197 sic
849 2141 1180 2214 proceditur.
1227 2143 1455 2219 Videtur
1498 2151 1642 2222 quod
1680 2150 1827 2212 Deus
1869 2161 2043 2231 possit
2084 2162 2262 2225 facere

260 2231 408 2303 quod
433 2230 663 2288 materia
680 2230 754 2286 sit
782 2230 900 2285 sine
936 2228 1128 2288 forma.
1161 2232 1314 2289 Sicut
1342 2236 1487 2292 enim
1524 2243 1755 2298 materia
1784 2249 2083 2308 secundum
2104 2269 2259 2312 suum

261 2337 380 2378 esse
409 2306 680 2393 dependet
715 2335 748 2375 a
777 2317 970 2386 forma,
1012 2321 1090 2377 ita
1116 2322 1370 2380 accidens
1394 2340 1426 2381 a
1471 2327 1739 2398 subjecto.
1770 2333 1876 2390 Sed
1910 2337 2055 2396 Deus
2080 2343 2259 2413 poteet

257 2411 440 2466 facere
483 2407 631 2482 quod
670 2407 924 2466 accidens
960 2407 1032 2464 sit
1057 2410 1176 2465 sine
1219 2411 1486 2483 subjecto,
1528 2421 1587 2470 ut
1628 2425 1779 2488 patet
1818 2422 1872 2477 in
1914 2441 2257 2491 sacramento

259 2498 470 2556 altaris·
498 2497 641 2568 Ergo
665 2503 842 2570 potest
867 2497 1049 2553 facere
1073 2499 1219 2570 quod
1243 2502 1476 2557 materia
1504 2503 1578 2558 sit
1605 2504 1721 2562 sine
1742 2507 1935 2568 forma.

327 2587 432 2644 Sed
461 2593 672 2652 contra,
705 2585 851 2642 Deus
883 2601 992 2642 non
1027 2593 1206 2658 potest
1254 2588 1433 2646 facere
1461 2595 1887 2656 contradictoria
1925 2611 2045 2661 esse
2073 2606 2255 2667 simul.

253 2676 362 2733 Sed
388 2675 676 2732 materiam
703 2689 822 2730 esse
846 2674 964 2730 sine
996 2675 1170 2731 forma
1201 2675 1446 2749 implicat
1476 2677 1983 2760 contradictionem,
2014 2711 2079 2752 eo
2108 2698 2254 2771 quod

253 2781 374 2821 esse
419 2763 664 2820 materiae
709 2763 970 2834 importat
1008 2771 1210 2830 actum,
1257 2765 1352 2837 qui
1399 2774 1483 2824 est
1528 2768 1721 2828 forma.
1764 2775 1884 2834 Non
1930 2797 2059 2856 ergo
2105 2788 2253 2846 Deus

250 2861 430 2928 potest
455 2853 633 2909 facere
662 2851 809 2924 quod
837 2852 1068 2907 materia
1092 2852 1306 2909 sit‘sine
1334 2854 1529 2913 forma.
2002 2917 2016 2930 .

219 2954 223 2958 -
321 2941 642 3015 Respondeo
666 2940 976 3007 dicendum,
1005 2941 1149 3012 quod
1180 2942 1608 3019 uniuscujusque
1636 2949 1715 3006 rei
1744 2951 1922 3014 virtus
1948 2962 2139 3022 *activa
2168 2973 2253 3022 est

249 3031 575 3090 aestimanda
615 3029 916 3086 secundum
960 3029 1183 3086 modum
1227 3034 1497 3102 essentiae,
1525 3051 1589 3091 eo
1632 3040 1780 3110 quod
1826 3053 2251 3127 unumquodque

250 3122 365 3193 „gig
391 3121 444 3176 in
472 3127 736 3191 quantum
765 3124 970 3173 esteris
997 3124 1145 3174 actu.
1177 3119 1334 3175 Unde
1358 3122 1406 3176 si
1436 3123 1491 3177 in
1526 3124 1712 3198 aliquo.
1739 3129 2048 3193 inveniatur
2076 3140 2249 3200 forma

249 3210 435 3283 aliqua
463 3206 548 3264 vel
578 3215 776 3274 natura
813 3221 919 3262 non
959 3205 1329 3264 limitata-seu
1357 3219 1660 3284 contracta,
1694 3219 1799 3276 erit
1832 3222 2011 3282 virtus
2034 3229 2153 3301 ejus
2189 3218 2271 3289 se'

249 3297 546 3355 extendens
571 3295 640 3352 ad
673 3309 862 3352 omnes
903 3301 1060 3374 actus
1083 3293 1168 3350 vel
1204 3295 1432 3354 effectus
1470 3305 1859 3366 convenientes
1894 3311 1973 3369 illi
1998 3325 2244 3392 naturae3

246 3394 398 3460 puta,
427 3385 476 3441 si
522 3382 918 3456 intelligeretur
953 3399 1072 3439 esse
1103 3382 1252 3440 calor
1279 3402 1376 3458 per
1403 3403 1463 3444 se
1500 3390 1824 3466 subsistenti,
1864 3403 1950 3458 vel
1979 3403 2035 3460 in
2062 3407 2248 3482 aliquo

243 3476 494 3547 subjecto
516 3473 662 3545 quod
685 3472 951 3545 reciperet
974 3471 1154 3544 ipsum
1175 3475 1477 3532 secundum
1505 3485 1677 3538 totum
1698 3487 1816 3558 ejus
1842 3506 2021 3561 posse,
2044 3510 2247 3570 seque-

240 3570 396 3620 retur
443 3561 591 3634 quod
633 3559 856 3616 haberet
901 3560 1162 3616 virtutem
1201 3562 1286 3618 ad>
1315 3567 1723 3645 producendum
1764 3589 2155 3652 omnes‚‚actus
2191 3591 2247 3644 et

181 3661 206 3680 ⁴
241 3653 471 3708 effectus
498 3648 716 3706 caloris.
754 3649 811 3705 Si
836 3665 967 3706 vero
993 3649 1213 3723 aliquod
1242 3652 1550 3726 subjectum
1576 3674 1684 3715 non
1713 3662 1980 3737 reciperet
2006 3653 2243 3732 calorem

236 3740 543 3798 gecundum
571 3740 698 3810 ejus
718 3744 894 3794 totum
923 3754 1100 3810 posse,
1133 3739 1231 3798 sed
1253 3757 1379 3806 cum
1403 3743 1589 3818 aliqua
1612 3739 1986 3810 contractione
2015 3763 2070 3812 et
2094 3758 2243 3818 limi-⁶

234 3829 470 3894 tatione,
503 3844 609 3884 non
651 3827 877 3883 haberet
908 3828 1170 3884 virtutem
1197 3829 1435 3888 activam
1476 3845 1727 3908 respectu
1754 3831 1997 3900 omnium
2020 3855 2243 3910 actuum

230 3918 330 3978 vel
354 3917 648 3975 effectuum
671 3915 888 3972 caloris.
915 3917 1048 3972 Cum
1075 3923 1258 3973 autem
1286 3921 1434 3976 Deus
1464 3922 1536 3979 sit
1565 3925 1745 3996 ipsum
1774 3944 1894 3995 esse
1916 3919 2244 4014 subsistenS,

739 4029 791 4078 Β.
822 4029 975 4081 Tuon.
1010 4033 1094 4086 Ao.
1129 4031 1390 4082 Oruscum.
1420 4055 1469 4074 -·
1510 4035 1568 4085 ΙΙ.
1595 4059 1656 4074 -
1690 4037 1747 4088 13
