2800 4492
795 329 910 376 111.
939 345 1020 362 -
1046 306 1473 383 documen-‘run
1514 329 1825 380 sne-rmum
2190 311 2313 376 375

297 453 433 502 sunt
475 444 640 502 unius
680 445 912 518 generis,
955 452 1011 504 et
1058 448 1111 504 in
1151 449 1341 506 eodem
1385 449 1575 506 ordine
1610 465 1670 506 se
1714 446 1915 506 habent
1958 447 2027 505 ad
2065 445 2320 504 intellec-

299 540 443 601 tum,
502 533 557 590 in
603 543 870 607 quantum
912 535 1201 608 perficiunt
1250 536 1589 593 intellectum
1640 537 1698 594 in
1742 543 1890 594 actu.
1935 536 2088 594 Unde
2134 534 2318 609 plures

301 623 521 695 species
570 622 940 696 intelligibiles
992 639 1052 681 se
1096 624 1299 683 habent
1339 625 1484 683 sicut
1530 625 1719 698 figurae
1761 624 1961 698 plures,
2002 623 2089 682 vei
2136 624 2321 698 plures

303 711 536 782 coloreS,
577 713 673 786 qui
703 712 863 769 simul
888 713 944 770 in
969 721 1098 774 actu
1128 715 1183 771 in
1211 715 1404 773 eodem
1444 731 1563 772 esse
1604 731 1712 772 non
1756 719 1985 788 possunt
2020 713 2321 772 secundum

303 799 474 858 idem.

375 891 459 947 Ad
497 891 734 963 primum
776 907 905 964 ergo
944 889 1256 960 dicendum,
1289 891 1437 965 quod
1475 890 1730 948 similiter
1780 891 2076 948 dicendum
2120 895 2205 948 est
2248 890 2319 946 de
2377 885 2382 888 ’

205 1029 210 1034 .
303 980 554 1052 potentia
577 979 858 1047 sensitiva,
879 979 933 1036 id
963 980 1228 1054 est,quod
1259 997 1363 1037 non
1392 987 1573 1054 potest
1600 980 1759 1054 plura
1783 980 1943 1036 simul
1974 979 2196 1048 sentire,
2220 979 2319 1036 sed

305 1086 373 1126 ex
419 1070 796 1142 consequenti,
823 1069 878 1125 in
925 1076 1192 1142 quantum
1236 1069 1392 1143 plura
1424 1071 1783 1143 accipiuntur
1822 1075 1880 1125 et
1932 1085 2127 1137 unum;
2174 1068 2319 1124 sicut

237 1161 245 1166 '
303 1156 466 1231 plura
508 1157 788 1214 sensibilia
831 1157 1090 1214 uniuntur
1131 1158 1186 1214 in
1233 1175 1344 1216 una
1387 1159 1718 1225 differentia,
1760 1164 1817 1213 et
1850 1158 2007 1231 plura
2036 1155 2318 1214 sensibilia

304 1261 434 1319 quae
479 1253 608 1303 sunt
644 1253 826 1318 partes
867 1247 1132 1304 uniuntur
1176 1247 1230 1302 in
1276 1263 1382 1303 uno
1433 1253 1586 1314 tot0,·
1623 1245 1767 1302 unde
1812 1246 2031 1320 quando
2080 1246 2318 1302 sentitur

305 1339 504 1402 totum,
553 1336 862 1392 sentiuntur
902 1334 1058 1391 simul
1102 1334 1286 1408 plures
1329 1343 1516 1408 partes
1555 1353 1623 1392 ex
1665 1336 2069 1408 consequenti:
2102 1341 2158 1390 et
2189 1340 2319 1391 tunc

304 1423 540 1481 intentio
567 1439 760 1481 sensus
789 1439 896 1480 non
926 1423 1098 1481 fertur
1136 1425 1205 1480 ad
1231 1424 1473 1498 aliquam
1516 1424 1757 1498 partium
1798 1423 2191 1497 principaliter,
2218 1423 2318 1478 sed

305 1512 378 1567 ad
406 1517 583 1569 totum
615 1529 629 1568 z
661 1513 790 1585 quia
814 1512 861 1568 si
898 1512 968 1570 ad
1021 1512 1277 1586 aliquam„
1310 1513 1550 1585 partium
1592 1511 1829 1568 ferretur
1870 1521 1929 1567 ut
1965 1513 2032 1568 ad
2060 1509 2320 1568 sensibile

306 1599 628 1673 principale,
661 1615 768 1657 non
788 1599 948 1656 simul
977 1600 1272 1658 sentiretur
1301 1600 1429 1657 alia.
1457 1601 1526 1656 Et
1548 1599 1749 1656 iterum
1775 1615 1966 1656 sensus
1988 1598 2316 1666 communiS,

306 1690 565 1762 quamvis
611 1689 684 1746 sit
728 1705 834 1746 una
885 1690 1129 1763 potentia
1170 1689 1473 1747 secundum
1517 1690 1834 1759 essentiam,
1893 1693 2075 1746 tamen
2130 1686 2321 1760 aliquo

305 1777 471 1834 modo
499 1777 895 1851 multiplicatur
932 1778 1231 1836 secundum
1275 1794 1415 1845 esse,
1444 1778 1499 1834 in
1528 1764 1796 1851 quantum
1836 1777 2185 1850 conjungitur
2229 1774 2321 1832 di-

306 1866 483 1923 versis
519 1866 770 1924 sensibus
814 1867 1069 1941 propriis,
1096 1868 1240 1924 sicut
1267 1882 1439 1924 unum
1479 1873 1727 1925 centrum
1766 1867 2113 1940 conjungitur
2143 1862 2325 1938 pluri-

306 1955 411 2012 bus
436 1954 616 2014 lineis.
642 1955 798 2012 Unde
826 1956 1234 2014 immutationes
1257 1958 1503 2014 omnium
1540 1955 1878 2013 sensibilium
1920 1955 2081 2012 simul
2126 1953 2323 2034 termi-

307 2050 507 2100 nantur
537 2043 606 2100 ad
631 2059 852 2100 sensum
877 2060 1240 2112 communem,
1268 2047 1413 2102 sicut
1453 2053 1634 2102 motus
1681 2045 1776 2118 qui
1816 2051 1962 2102 esset
1998 2060 2095 2118 per
2130 2058 2323 2102 omnes

309 2133 502 2201 lineas,
534 2141 719 2206 posset
760 2133 921 2190 simul
966 2135 1246 2191 terminari
1271 2129 1360 2190 'ad
1397 2139 1685 2202 centrum;
1716 2134 1812 2189 sed
1856 2132 2169 2189 intellectus
2213 2147 2322 2188 non

309 2221 707 2295 multiplicatur
731 2223 894 2280 modo
923 2223 1187 2297 praedicto
1209 2222 1266 2278 in
1296 2222 1482 2296 plures
1520 2221 1832 2296 potentias3
1862 2227 1918 2276 et
1946 2221 2069 2278 ideo
2103 2235 2206 2278 non
2236 2226 2324 2277 est

309 2309 511 2367 simile.
1886 2345 1889 2349 -
2088 2347 2093 2352 -

378 2401 464 2457 Ad
486 2400 786 2458 secundum
814 2399 1125 2468 dicendum,
1153 2400 1302 2474 quod
1325 2398 1718 2472 cognoscibilia
1746 2413 1869 2472 quae
1892 2395 2055 2454 simul
2080 2410 2320 2468 cognos-

309 2496 527 2558 cuntur,
551 2496 770 2563 oportet
792 2490 1132 2563 accipiantur
1163 2497 1225 2545 ut
1255 2488 1622 2561 cognoscibile
1652 2503 1821 2544 unum
1847 2501 2092 2543 numero.
2120 2485 2319 2542 Omnia

310 2586 498 2636 autem
548 2579 934 2651 intelligibilia,
961 2579 1015 2634 in
1055 2586 1322 2653 quantum
1351 2577 1683 2652 hujusmodi,
1714 2584 1842 2635 sunt
1885 2575 2053 2632 unum
2098 2589 2317 2646 genere,
2412 2633 2417 2639 ,

311 2682 420 2724 non
444 2682 702 2737 numen-03
731 2674 788 2723 et
817 2667 940 2724 ideo
969 2669 1111 2725 ratio
1137 2682 1244 2724 non
1273 2666 1541 2741 sequitur.

383 2758 468 2815 Ad
507 2758 730 2814 tertium
767 2757 1078 2825 dicendum,
1135 2757 1281 2830 quod
1326 2758 1445 2830 jam
1498 2763 1653 2830 patet
1712 2771 1781 2812 ex
1822 2753 2127 2830 praedictis«,
2176 2751 2326 2827 quod

313 2863 421 2903 non
475 2846 669 2903 eodem
714 2846 874 2901 modo
929 2861 988 2902 se
1035 2845 1198 2904 habet
1253 2845 1565 2903 intellectus
1615 2845 1671 2902 in
1715 2844 1906 2902 habitu
1953 2843 2024 2900 ad
2062 2841 2327 2914 intelligi-

313 2935 445 2993 bilia
484 2935 540 2991 in
581 2935 791 3004 habitu,
825 2949 950 3009 quae
991 2941 1117 2990 sunt
1145 2936 1201 2991 in
1229 2935 1350 3009 ipso
1391 2942 1454 2991 ut
1494 2935 1898 3008 dispositiones,
1932 2941 1986 2990 et
2016 2931 2327 2988 intellectus

311 3026 370 3081 in
396 3034 526 3082 actu
550 3025 619 3081 ad
643 3024 1008 3096 intelligibilia
1035 3024 1091 3081 in
1119 3031 1268 3094 actu,
1299 3040 1426 3100 quae
1458 3030 1585 3082 sunt
1629 3025 1687 3080 in
1715 3025 1833 3096 ipso
1872 3028 1933 3078 ut
1957 3021 2167 3077 ultimas
2192 3035 2326 3092 per-

313 3114 601 3170 rectiones

387 3204 470 3259 Ad
505 3209 766 3278 quartum
792 3203 1103 3272 dicendum,
1137 3202 1286 3276 quod
1315 3216 1422 3259 non
1465 3202 1641 3260 solum
1678 3199 1994 3274 prohibetur
2020 3213 2111 3254 res
2139 3196 2326 3272 aliqua

315 3307 436 3354 esse
478 3292 636 3366 plura
663 3293 939 3349 contraria
969 3299 1098 3350 actu
1127 3291 1308 3358 simul,
1341 3291 1437 3347 sed
1480 3291 1649 3347 etiam
1679 3289 1833 3362 plura
1867 3303 1987 3345 esse
2019 3286 2321 3361 disparata,

315 3387 378 3436 ut
405 3387 560 3455 patet
583 3397 650 3440 ex
675 3381 870 3451 dictis3
895 3381 1057 3448 unde,
1077 3380 1328 3454 quamvis
1354 3379 1545 3436 formae
1570 3377 1937 3450 intelligibiles
1957 3374 2013 3432 in
2040 3375 2326 3432 intellectu

315 3485 424 3526 non
455 3471 566 3526 sint
589 3471 897 3538 contrariae,
917 3470 1270 3526 nihilominus
1293 3474 1479 3525 tamen
1495 3467 1804 3525 intellectus
1822 3465 2139 3540 prohibetur
2161 3460 2328 3520 simul

298 3559 475 3633 ,plura
503 3559 825 3632 intelligere,
852 3565 914 3615 ut
938 3574 1004 3614 ex
1032 3556 1196 3614 dictis
1221 3564 1393 3630 patet.

388 3649 475 3706 Ad
520 3649 775 3722 quintum
813 3647 1124 3716 dicendum,
1157 3646 1304 3720 quod
1343 3647 1555 3721 species
1587 3643 1891 3710 sensibiles,
1924 3658 2053 3717 quae
2092 3645 2221 3698 sunt
2264 3640 2325 3697 in

319 3738 504 3795 medio
543 3737 842 3804 deferente,
873 3743 1002 3794 sunt
1044 3735 1118 3792 ibi
1154 3753 1253 3810 per
1297 3737 1521 3793 modum
1559 3733 1952 3806 dispositionis„
1988 3736 2045 3786 et
2085 3745 2193 3786 non
2225 3745 2325 3804 per

318 3828 546 3884 modum
572 3826 781 3884 ultimae
803 3826 1172 3900 perfectionis,
1197 3827 1330 3901 quia
1357 3831 1487 3883 sunt
1513 3823 1589 3881 ibi
1620 3824 1762 3881 sicut
1780 3822 1846 3880 in
1874 3817 2113 3893 quodam
2141 3817 2323 3891 fluxu;

319 3916 526 3975 et‘ideo
549 3932 658 3974 non
685 3924 772 3974 est
799 3915 998 3974 simile.
