2800 4492
509 329 630 391 322
986 349 1038 394 ιι.
1084 347 1317 394 moun
1356 345 1687 398 Λουιιιυιτιε
1726 346 2035 400 ιιι-ιιεουμι

511 464 710 532 facere,
739 480 863 521 eum
900 464 1084 521 debita
1134 473 1314 522 tamen
1365 463 1601 533 cautela,
1644 462 1691 519 si
1744 463 1870 520 tatis
1910 461 2315 520 administratio
2367 464 2521 516 esset

510 552 730 609 subdito
770 551 1071 625 periculosa
1115 554 1169 610 in
1217 559 1530 625 posterum3
1570 553 1823 626 quamvis
1850 551 2017 608 etiam
2056 559 2112 607 et
2156 549 2211 606 in
2250 550 2354 607 hoc
2380 564 2517 606 casu

511 641 703 695 melius
731 649 876 696 esset
901 640 1046 713 quod
1075 657 1199 696 eum
1225 640 1507 696 induceret
1533 640 1601 696 ad
1626 641 1928 697 cessionem
1954 638 2264 711 petendam.
2298 638 2355 694 Si
2384 651 2517 694 vero

512 728 808 802 periculum
839 729 891 783 in
914 736 1188 800 posterum
1221 743 1325 784 non
1355 729 1659 796 timeretur,
1689 743 1794 786 non
1820 734 2034 800 oportet
2063 726 2209 800 quod
2248 741 2347 799 pro
2380 741 2517 799 pec-

511 823 638 872 cato
677 815 955 889 praeterito
992 833 1088 889 per
1118 817 1733 886 poenitentiam-deleto·
1760 833 1884 873 eum
1924 817 1995 874 ab
2039 815 2518 874 administratione

513 913 846 972 removeren
886 905 1029 960 sicut
1069 906 1233 962 etiam
1272 908 1609 978 Augustinus
1650 907 1785 962 dicit
1828 907 1883 961 in
1930 904 2026 961 lib.
2072 904 2141 962 de
2191 899 2517 962 adulterinis

514 991 830 1064 conjugiis:
859 992 975 1049 Cur
1006 993 1175 1050 adhuc
1208 993 1517 1066 deputamur
1558 993 1826 1063 adulteros
1870 1009 1995 1066 quos
2035 994 2298 1050 credimus
2330 991 2518 1066 poem‘-

515 1083 685 1137 tentia
738 1081 1133 1140 esu-sanatos?
1169 1081 1507 1156 Quandoque
1562 1084 1707 1140 enim
1762 1085 2089 1158 poenitentes
2134 1081 2516 1140 innocentibus

519 1168 768 1226 meliores
792 1176 941 1227 sunt.

586 1257 652 1316 Et
676 1275 772 1335 per
795 1258 898 1316 hoc
922 1265 1076 1334 patet
1105 1260 1384 1333 responsio
1412 1259 1483 1318 ad
1513 1259 1749 1333 objecta.

1175 1435 1633 1498 ARTICULUS
1685 1434 1854 1496 XIV.

529 1569 747 1634 Utrum
780 1568 994 1632 melius
1032 1568 1332 1632 moriatur
1379 1539 1832 1648 crucesignatus
1872 1567 1982 1646 qui
2017 1566 2279 1628 moritur
2312 1565 2380 1628 in
2416 1567 2521 1628 via

598 1658 779 1721 eundi
798 1659 968 1720 ultra
985 1671 1168 1730 mare,
1191 1675 1373 1738 quam
1390 1657 1500 1736 qui
1516 1657 1777 1742 moritur
1794 1655 2108 1717 redeundo.
2128 1689 2207 1700 —
2223 1653 2392 1734 (Art.
2412 1655 2516 1732 38;

600 1751 656 1809 et
675 1752 734 1819 4,
766 1747 889 1808 dist
915 1747 1014 1819 20,
1041 1750 1252 1825 quoest.
1287 1747 1344 1821 1,
1371 1751 1494 1808 art.
1520 1747 1579 1821 2,
1608 1749 1820 1825 quoest.
1854 1745 1915 1819 3,
1948 1743 2030 1806 ad
2053 1743 2138 1823 4).

590 1875 675 1933 Ad
712 1875 1011 1932 secundum
1055 1877 1138 1932 sic
1174 1875 1509 1948 proceditur.
1555 1876 1785 1933 Videtur
1828 1875 1975 1948 quod
2017 1874 2209 1932 melius
2254 1874 2521 1931 moriatur

447 2015 452 2020 .
523 1964 932 2036 crucesignatus
954 1965 1046 2037 qui
1073 1965 1243 2036 inv-ia
1267 1964 1430 2037 eundi
1456 1964 1597 2021 ultra
1625 1980 1775 2038 mere
1802 1965 2052 2030 moritur,
2085 1979 2249 2037 quam
2294 1963 2384 2018 ille
2424 1963 2522 2035 qui

525 2053 755 2110 moritur
802 2053 1096 2110 redeunde.
1147 2051 1290 2145 Qui
1299 2054 1443 2108 enim
1483 2054 1714 2110 moritur
1746 2048 1803 2108 in
1845 2052 2042 2118 eundo,
2089 2053 2318 2107 moritur
2362 2051 2522 2124 quasi

528 2141 904 2234 prosequendo
928 2147 1123 2218 votum
1143 2157 1321 2214 suum,
1353 2148 1414 2197 ut
1444 2157 1503 2198 se
1532 2147 1766 2215 exponat
1794 2141 1954 2197 morti
1982 2155 2079 2213 pro
2104 2139 2339 2205 Christo,
2366 2148 2419 2196 et
2447 2141 2523 2195 ita

527 2225 760 2287 moritur
797 2209 1094 2308 tamquam
1121 2237 1358 2304 martyr;
1401 2231 1495 2304 qui
1562 2237 1744 2286 autern
1795 2229 2023 2286 moritur
2074 2229 2368 2295 redeundo,
2415 2244 2522 2284 non

533 2299 693 2376 morit
735 2335 762 2374 r
800 2336 854 2374 ιιι
893 2320 1170 2393 proposito
1206 2335 1266 2376 se
1305 2319 1610 2392 exponendi
1649 2333 1747 2392 pro
1796 2317 2041 2386 Christo;
2075 2327 2131 2373 et
2168 2318 2244 2373 ita
2294 2320 2521 2372 moritur

528 2318 1020 2577 quasi-&fessa
1051 2409 1153 2466 Sed
1200 2410 1373 2481 major
1408 2416 1491 2462 est
1529 2413 1706 2462 status
1746 2413 2049 2506 martyrum
2098 2421 2265 2477 quam
2305 2405 2525 2462 conses-

527 2508 710 2576 sorum
807 2505 899 2568 rgo
922 2513 974 2552 ιιι
1006 2496 1212 2552 meliori
1238 2503 1386 2570 statu
1416 2497 1648 2552 moritur
1676 2494 1769 2567 qui
1797 2495 2025 2551 moritur
2053 2493 2107 2549 in
2136 2493 2332 2562 eunde,
2360 2508 2525 2566 quam

528 2587 620 2658 qui
650 2569 876 2663 moritur
900 2587 954 2641 in
981 2585 1274 2642 redeundo.

597 2674 722 2730 Sed
731 2679 940 2752 contre,
951 2673 1066 2748 qui
1094 2674 1321 2729 moritur
1350 2674 1404 2728 in
1433 2673 1727 2741 redeundo,
1752 2655 1869 2745 jam
1910 2659 2309 2756 consummavit
2338 2681 2525 2729 votum

530 2777 718 2829 suum;
746 2763 838 2833 qui
877 2767 1058 2820 autem
1108 2761 1335 2816 moritur
1381 2763 1436 2814 in
1462 2763 1674 2834 θιιιιᾱο,
1704 2761 1944 2818 nondum
1977 2747 2396 2842 consummavit,
2426 2761 2525 2818 sed

531 2857 614 2906 est
643 2849 796 2922 quasi
826 2849 879 2903 in
905 2848 1188 2920 principio
1209 2827 1525 2904 Perfectum
1563 2833 1747 2906 autem
1779 2849 1970 2905 melius
1994 2859 2078 2906 est
2107 2835 2441 2923 imperfecte,
2470 2859 2526 2906 et

531 2938 652 2995 ssnis
680 2931 964 3012 principio.
1004 2935 1145 3007 Ergo
1185 2936 1378 2993 meiius
1415 2938 1643 3008 moritur
1673 2939 1729 2996 in
1764 2938 2038 2996 redeundo
2080 2938 2176 3011 qui
2219 2936 2446 3038 moritur
2469 2937 2526 2994 in

529 3025 731 3104 eundo.

595 3114 915 3198 Respondeo
942 3077 1250 3180 dicendum,
1279 3063 1427 3187 quod
1456 3123 1661 3188 quanto
1687 3115 1885 3189 aliquis
1912 3129 2037 3174 cum
2079 3114 2325 3187 pluribus
2357 3115 2529 3171 meri-

529 3179 601 3257 tis
631 3205 879 3270 moritur,
914 3210 1065 3280 tanto
1096 3201 1286 3259 melius
1314 3204 1566 3261 moritur.
1588 3204 1783 3261 Merita
1823 3211 2006 3260 autem
2049 3211 2269 3261 manent
2297 3203 2523 3273 homini,

525 3303 636 3358 non
663 3271 838 3346 solum
869 3290 958 3346 ilia
986 3306 1110 3364 quae
1135 3298 1262 3348 actu
1293 3293 1424 3364 agit,
1453 3294 1547 3349 sed
1578 3293 1861 3366 etiam-ilia
1888 3308 2013 3366 quae
2034 3294 2153 3365 jam
2185 3293 2336 3359 fecit,
2367 3293 2526 3365 quasi

515 3378 673 3462 ,qpud
720 3379 888 3436 Deum
919 3379 1185 3453 deposita,
1217 3381 1516 3456 secundum
1560 3381 1694 3454 illud
1742 3382 1787 3437 11
1827 3381 1896 3438 ad
1934 3380 2171 3436 Timotb.
2204 3397 2241 3446 ι,
2273 3382 2339 3437 42
2371 3399 2383 3434 ι
2410 3380 2527 3436 Scio

451 3540 458 3552 ,
528 3469 616 3540 cui
633 3467 834 3524 credidi
843 3486 863 3536 ,·
885 3477 934 3526 et
957 3474 1130 3526 certus
1155 3485 1272 3526 sum
1298 3470 1443 3544 qnia
1448 3478 1631 3546 potens
1656 3479 1735 3528 est
1758 3471 2049 3543 depositum
2087 3471 2261 3526 meum
2287 3486 2525 3526 servan.

516 3558 870 3614 Manifestum
895 3565 977 3615 est
998 3567 1201 3625 autem,
1225 3559 1371 3632 quod
1402 3559 1491 3616 ille
1498 3561 1615 3633 qui
1635 3560 1863 3617 moritur
1894 3560 1949 3614 in
1979 3559 2255 3615 redeundo
2289 3559 2359 3614 de
2383 3558 2528 3615 ultra

529 3663 696 3715 mare,
722 3647 921 3704 ceteris
944 3627 1181 3719 paribus,
1209 3659 1332 3722 cum
1363 3647 1607 3720 pluribus
1632 3648 1843 3724 meritis
1870 3648 2101 3703 moritur
2126 3662 2293 3720 quam
2324 3645 2412 3702 iile
2432 3650 2529 3718 qui

529 3737 758 3792 moritur
781 3737 833 3791 in
867 3737 1085 3792 eundo:
1123 3735 1286 3791 habet
1315 3735 1461 3808 enim
1495 3728 1751 3793 meritum
1792 3753 1859 3793 ex
1884 3738 2255 3818 assumptione
2294 3736 2527 3801 itineris,

525 3830 581 3877 et
604 3824 828 3879 ulterius
847 3840 912 3879 ex
939 3821 1335 3896 prosecutiom,
1367 3822 1422 3878 i'n
1448 3835 1555 3898 qua
1593 3824 1733 3882 forte
1762 3821 1933 3882 multa
1960 3825 2193 3902 gravia
2188 3829 2271 3878 est
2296 3839 2527 3896 passus;

527 3917 581 3965 et
610 3911 748 3978 ideo,
771 3913 968 3968 ceteris
993 3911 1232 3984 paribuS,
1255 3911 1448 3968 meiius
1472 3913 1808 3970 moriturille
1830 3914 1925 3987 qui
1952 3913 2182 3971 moritur
2207 3897 2527 3998 redeundo·
2512 3952 2531 3981 ,
