2800 4492
707 312 818 357 111.
851 328 930 341 -
959 312 1388 362 encomium-uu
1440 314 1715 359 »cavum
1748 376 1753 381 .
2100 304 2218 378 445

197 430 376 505 vovit,
426 428 473 487 si
503 445 607 486 non
649 427 910 486 vovisset.
941 428 996 484 Si
1041 434 1222 485 autem
1267 428 1475 489 feratur
1502 430 1709 487 directe
1730 446 1903 505 super
1937 431 2211 501 illicitum,

201 528 341 576 tunc
369 525 673 576 evacuatur
703 516 956 573 meritum
987 517 1132 584 voti;
1175 524 1234 571 ut
1275 533 1398 573 cum
1430 518 1628 592 aliquis
1660 520 1777 575 vuit
1816 518 2061 579 absolute
2087 524 2217 580 illud

121 636 134 649 ·
204 624 317 665 non
345 608 530 665 secere
558 606 702 681 quod
742 606 912 661 vovit.
956 604 1050 660 Ille
1075 611 1258 661 autem
1289 607 1381 678 qui
1424 606 1582 664 vult
1570 624 1648 663 ire
1685 607 1753 663 ad
1797 608 2095 667 Ecclesiam
2125 630 2221 685 pro

201 697 441 771 pecunia
465 696 606 752 sicut
635 710 734 769 pro
761 694 868 749 fine
897 692 1204 766 principali,
1236 693 1400 750 habet
1425 694 1763 754 voluntatem
1790 697 2028 756 delatam
2054 716 2221 815 super

199 786 486 855 illicitum,
514 790 571 841 et
592 782 714 841 ideo
745 788 958 856 peccat.

888 961 1337 1023 ARTICULUS
1395 962 1541 1023 XII.

221 1104 449 1169 Utrum
477 1100 586 1163 ille
612 1098 866 1180 quinon
893 1098 1004 1160 dat
1027 1098 1294 1177 pauperi
1317 1160 1322 1166 .
1327 1096 1560 1177 petenti
1585 1099 1642 1161 si
1674 1098 1886 1163 habeat
1913 1102 1983 1166 de
2006 1122 2220 1185 super-

290 1194 446 1273 fluo,
478 1192 694 1269 peccet.
727 1222 807 1233 —
837 1186 1009 1267 (Art.
1045 1188 1192 1263 1333
1237 1192 1294 1249 et
1321 1188 1457 1263 2-2,
1490 1193 1698 1267 quaest.
1731 1190 1831 1266 34,
1864 1196 1985 1254 art.
2012 1194 2099 1273 5).

283 1310 369 1381 Ad
395 1320 696 1379 secundum
727 1319 808 1375 sic
835 1318 1171 1394 proceditur.
1213 1320 1265 1375 ⁴.
1307 1319 1535 1393 Videtur
1565 1321 1710 1393 quod
1740 1321 1829 1378 ille
1857 1324 1950 1398 qui
1992 1342 2098 1383 non
2128 1329 2221 1387 dat

213 1397 444 1489 pauperi
469 1410 695 1483 petenti,
727 1408 772 1464 si
798 1407 994 1464 habeat
1023 1407 1090 1463 de
1118 1406 1412 1479 superfluo,
1441 1416 1654 1481 peccet.
1678 1410 1879 1467 Facere
1902 1414 2047 1469 enim
2075 1416 2223 1471 elee-

215 1512 504 1572 mosynem
538 1497 607 1553 de
635 1494 906 1568 superfluo
949 1504 1033 1551 est
1079 1496 1136 1551 in
1167 1501 1463 1567 praecepto.
1506 1498 1669 1554 Lucae
1698 1514 1779 1567 xi,
1816 1502 1873 1555 4⁴
1931 1520 1943 1557 ε
1997 1502 2223 1561 Verum-

138 1650 142 1655 ,
216 1596 394 1646 tamen
436 1586 486 1641 si
515 1584 643 1658 quid
666 1590 906 1658 sapei-est
933 1583 1052 1639 date
1081 1585 1469 1663 eleemosynam.
1508 1585 1651 1659 Ergo
1682 1594 1891 1659 peccat,
1938 1590 1983 1647 si
2017 1596 2220 1665 petenti

216 1694 322 1734 non
353 1676 582 1732 tribuat.

287 1772 348 1824 2.
371 1767 662 1833 Praeterea,
690 1761 888 1835 aliquis
917 1727 1133 1817 tenetur
1158 1761 1435 1835 inquirere
1457 1760 1525 1818 de
1550 1762 1635 1820 his
1659 1782 1784 1841 quae
1814 1775 1941 1825 sunt
1970 1786 2222 1831 necessa,

217 1857 301 1913 ria
329 1854 398 1913 ad
428 1852 685 1921 salutem,
710 1860 768 1907 ut
797 1850 995 1924 aliquis
1023 1849 1310 1907 subveniat
1338 1850 1636 1908 existenti
1624 1870 1677 1909 in
1706 1864 1952 1914 extrema
1974 1864 2221 1919 necessi-

219 1952 357 2001 tate,
381 1943 525 2014 Ergo
545 1946 761 1998 tenetur
788 1939 1050 2013 quilibet
1039 1940 1328 2013 inquirere,
1361 1928 1544 1997 utrum
1569 1958 1775 2018 pauper
1797 1945 1871 2004 sit
1899 1946 1955 2004 in
1978 1958 2218 2007 exn-ema

219 2031 569 2095 necessitate,
604 2027 686 2083 vel
717 2026 904 2084 statim
932 2026 982 2082 ei
1010 2026 1162 2083 dare.

291 2122 353 2176 ln
372 2116 708 2175 contrarium
731 2120 832 2191 est,
866 2115 995 2187 quia
1019 2114 1098 2171 sic
1121 2114 1335 2171 videtur
1360 2113 1507 2187 quod
1536 2130 1725 2173 omnes
1749 2128 1932 2179 essent
1958 2122 2223 2184 damnati.

291 2205 615 2279 Respondeo
643 2203 952 2269 dicendum,
981 2202 1125 2276 quod
1155 2202 1302 2258 circa
1340 2202 1444 2259 hoc
1473 2203 1917 2275 distinguendum
1952 2219 2053 2267 est.
2081 2215 2225 2289 Sup-

223 2298 401 2371 posito
425 2294 569 2351 enim
597 2292 743 2366 quod
767 2291 964 2365 aliquis
985 2291 1182 2347 habeat
1209 2291 1277 2346 de
1306 2290 1579 2364 superfluo
1604 2302 1659 2348 et
1679 2304 1929 2365 respectu
1959 2300 2223 2361 individui

224 2394 277 2441 et
306 2389 560 2455 respectu
590 2394 854 2453 personae,
886 2378 1029 2451 quod
1067 2384 1281 2434 tenetur
1309 2377 1637 2450 pauperibus
1664 2396 1917 2453 erogare3
1954 2397 2047 2444 aut
2076 2391 2223 2449 videt

224 2474 278 2531 in
302 2486 544 2547 paupere
573 2473 791 2540 petente
815 2466 1090 2525 evidentia
1117 2466 1270 2537 signa
1296 2472 1556 2523 extremae
1582 2470 1943 2539 necessitatiS‚
1976 2482 2071 2531 aut
2097 2494 2221 2537 non.

223 2564 277 2621 Si
303 2562 476 2625 videt,
510 2559 720 2615 certum
751 2561 833 2611 est
871 2554 1015 2629 quod
1045 2560 1259 2610 tenetur
1287 2554 1441 2620 dare,
1486 2561 1543 2609 et
1571 2565 1761 2628 peccat
1794 2574 1899 2615 non
1929 2562 2140 2636 dand03
2173 2568 2227 2623 in

224 2652 326 2707 hoc
356 2650 505 2706 enim
533 2660 664 2703 casu
703 2643 944 2729 loquitur
987 2642 1350 2699 Ambrosius·
1379 2641 1543 2699 Pasce
1573 2644 1721 2723 fame
1759 2649 2072 2709 morientem
2118 2672 2138 2713 .·
2178 2659 2227 2715 si

225 2758 333 2797 non
367 2736 606 2812 paveris,
651 2722 906 2790 occidisti.
933 2731 988 2789 Si
1030 2746 1160 2789 vero
1199 2746 1308 2787 non
1350 2741 1678 2805 appareant3
1720 2743 1849 2793 tunc
1876 2756 1981 2797 non
2014 2748 2228 2811 tenetur

225 2832 358 2886 dare
405 2824 629 2899 pauperi
672 2821 906 2896 petenti;
951 2820 1080 2893 quia
1131 2820 1380 2893 quamvis
1426 2826 1675 2880 teneatur
1718 2825 1851 2883 dare
1896 2834 2229 2904 superfluum

227 2915 578 2997 pauperibus,
625 2927 733 2968 non
774 2917 956 2966 tamen
1000 2916 1216 2965 tenetur
1261 2908 1513 2967 omnibus
1557 2909 1708 2977 dare,
1758 2931 1857 2972 nec
1899 2916 2025 2977 huic
2068 2924 2229 2996 dare;

227 3006 326 3063 sed
354 3009 574 3059 tenetur
605 2998 930 3055 distribuere
974 2998 1270 3054 secundum
1300 2998 1445 3071 quod
1473 2998 1575 3055 sibi
1619 3001 1795 3059 visum
1832 3004 1994 3062 fuerit
2033 3024 2233 3085 oppor-

231 3101 446 3151 tunum.
477 3086 592 3147 Nec
622 3094 836 3143 tenetur
864 3086 1171 3159 inquirere3
1211 3087 1340 3160 quia
1369 3086 1471 3143 hoc
1506 3094 1653 3143 esset
1682 3090 1843 3146 nimis
1870 3108 2053 3164 grave,
2087 3102 2234 3174 quod

231 3183 300 3239 de
339 3176 590 3239 omnibus
635 3174 965 3251 pauperibus
1006 3174 1336 3247 inquireret;
1382 3181 1440 3229 et
1487 3176 1779 3247 praecipue,
1827 3194 1951 3237 cum
1998 3186 2065 3241 ad
2109 3204 2232 3245 eum

233 3272 327 3346 qui
354 3266 740 3325 necessitatem
768 3264 990 3338 patitur,
1014 3264 1286 3336 pertineat
1312 3270 1372 3319 ut
1389 3266 1774 3325 necessitatem
1798 3285 1951 3329 suam
1980 3286 2233 3351 exponat.

303 3358 375 3420 Et
399 3373 497 3432 per
520 3356 623 3413 hoe
641 3360 802 3428 petet
830 3352 1109 3426 responsio
1138 3349 1208 3407 ad
1235 3350 1473 3423 objecta.

900 3528 1355 3593 ARTICULUS
1403 3532 1575 3595 XIII.

489 3668 711 3732 Utrum
735 3664 848 3729 ille
867 3663 977 3745 qui
997 3661 1170 3726 habet
1194 3662 1770 3745 pluresproebendas
1785 3674 2001 3748 peccet.
2034 3654 2041 3660 ’

311 3802 470 3859 Circa
496 3800 722 3857 tertium
745 3798 825 3855 sic
853 3796 1185 3871 proceditur.
1219 3768 1445 3853 Videtur
1472 3796 1616 3869 quod
1647 3798 1737 3855 ille
1756 3801 1850 3872 qui
1875 3800 2037 3858 habet
2062 3802 2244 3876 plures

243 3888 586 3966 praebendae,
617 3894 808 3961 peccet
836 3902 902 3943 ex
929 3885 1032 3944 hoc
1059 3884 1176 3959 ipso
1205 3884 1350 3958 quod
1379 3885 1663 3958 opiniones
1690 3888 2071 3960 magistrorum
2118 3902 2245 3951 sunt
