2800 4492
685 355 775 400 xl.
805 369 886 384 --
911 354 980 398 m
1017 354 1287 399 nom-mu
1327 356 1408 400 nu
1450 356 1777 404 mmmm-rr:
1836 321 1842 326 ¹
2075 340 2081 345 ’
2158 348 2239 410 49

215 468 624 542 religationem,
659 467 962 524 secundum
990 467 1135 542 quod
1177 467 1338 524 homo
1369 485 1429 526 se
1456 472 1712 544 astringit
1741 473 2144 548 quodammodo
2174 482 2244 537 ad

216 558 634 625 cultumistum,
663 557 806 613 unde
825 557 961 612 dicit
985 559 1218 628 August.
1246 558 1300 612 in
1328 558 1423 614 lib.
1446 559 1517 615 de
1538 561 1680 618 Vera
1700 563 1899 636 Religi.
1932 583 1945 621 :
1977 587 2003 620 ε(
2032 569 2245 641 Religio

219 665 251 704 a
282 647 564 719 religando
579 649 729 703 dicta
762 646 1022 713 creditur,
1055 665 1080 698 n
1103 645 1186 701 vel
1219 647 1388 702 etiam
1408 663 1441 704 a
1462 655 1611 706 recte
1632 650 1901 722 eligend0‚
1923 661 1988 709 ut
2020 657 2154 714 dicit
2186 675 2246 716 tv

219 739 288 793 de
315 737 556 794 Civitate
585 735 706 790 Dei.
747 736 826 790 Ex
856 735 1074 806 propria
1103 735 1248 790 enim
1278 735 1545 793 electione
1576 738 1775 811 aliquis
1804 741 2005 814 ligatur
2036 747 2104 803 ad
2138 747 2245 804 ali-

219 827 354 900 quid
383 825 716 881 faciendum.
765 823 994 895 Oportet
1023 825 1193 880 etiam
1229 839 1328 880 nos
1365 825 1628 897 reeligere
1670 846 1795 900 quae
1821 833 2104 892 amisimus
2140 853 2245 894 ne..

219 915 512 986 gligenteS,
559 920 620 967 ut
649 910 852 966 ibidem
884 911 1020 967 dicit
1054 928 1069 966 z
1111 922 1167 966 et
1186 912 1323 968 inde
1357 920 1442 968 est
1472 915 1616 986 quod
1648 915 1724 972 illi
1756 919 1849 992 qui
1889 921 2059 978 vitam
2088 941 2246 983 suam

221 1010 418 1070 totam,
461 1007 520 1056 et
560 1001 771 1072 seipsos
801 999 870 1054 ad
908 999 1156 1056 divinum
1203 1001 1527 1074 obsequium
1556 1006 1702 1060 votis
1745 1007 2244 1080 quibusdam-obli-

221 1098 372 1164 gant,
403 1089 646 1162 religiosi
669 1089 924 1145 dicuntur
954 1106 968 1144 z
999 1089 1095 1144 sed
1129 1088 1306 1161 pietas
1333 1092 1577 1148 animum
1614 1094 1843 1152 colentis
1873 1102 2113 1180 respicit,
2150 1108 2242 1178 qui

221 1197 325 1236 non
359 1180 512 1247 ficte,
559 1194 660 1234 nec
689 1178 1026 1234 mercenario
1058 1177 1256 1234 affectu
1289 1179 1340 1234 ei
1369 1179 1712 1254 obsequitur.
1744 1185 1812 1240 Et
1841 1188 1969 1260 quia
1998 1189 2084 1250 his
2121 1211 2246 1268 quae

221 1275 348 1326 sunt
371 1284 539 1340 supra
569 1283 686 1334 nos,
709 1267 868 1340 quasi
897 1267 1150 1338 quaedam
1174 1268 1457 1324 veneratio
1486 1270 1671 1328 divina
1696 1272 1947 1347 debetur,
1978 1277 2244 1341 beneficia

224 1361 390 1416 etiam
427 1373 554 1430 quae
583 1357 798 1411 miseris
827 1355 1171 1422 exhibentur,
1205 1363 1333 1413 sunt
1361 1359 1519 1430 quasi
1545 1361 1799 1433 quaedam
1832 1367 2103 1426 sacrificia
2143 1373 2241 1429 Dei

225 1447 524 1504 secundum
555 1445 687 1500 illud
715 1444 1072 1501 Hebraeorum
1116 1440 1310 1500 ultimo
1345 1464 1356 1500 :
1385 1447 1755 1519 Beneficentjt‘oe
1783 1459 1831 1508 et
1860 1459 2245 1516 communionig

226 1537 385 1592 nolite
439 1534 673 1591 oblivisci
703 1551 720 1590 .·
753 1533 949 1589 talibus
996 1534 1138 1588 enim
1179 1535 1366 1591 hostiis
1401 1523 1749 1608 promeretur
1788 1541 1950 1601 Deus,
1984 1546 2120 1603 Hinc
2159 1557 2243 1608 est

228 1626 370 1698 quod
411 1640 610 1681 nomen
651 1622 874 1694 pietatis
915 1628 970 1676 et
1008 1622 1286 1694 religionis
1327 1623 1395 1679 ad
1430 1641 1596 1696 opera
1630 1627 2029 1690 ,misericordiae
2060 1642 2245 1692 trans-

226 1714 414 1780 fertur,
447 1721 506 1768 et
535 1712 772 1768 maxime
797 1711 866 1767 ad
895 1709 1160 1778 beneficia
1191 1729 1316 1784 quae
1347 1706 1399 1767 in
1426 1724 1702 1785 parenteS,
1740 1723 1797 1772 et
1822 1722 2054 1790 patriam
2086 1726 2244 1782 exhi-

226 1805 420 1860 bentur
449 1801 581 1858 :sed
611 1801 771 1856 latria
796 1799 1058 1872 importat
1075 1799 1322 1856 debitum
1343 1802 1575 1870 colendi,
1606 1807 1723 1864 sive
1748 1809 2015 1868 rationem
2041 1815 2240 1886 cultuS‚

227 1910 290 1948 ex
327 1893 434 1948 hoc
474 1891 684 1946 scilicet
728 1889 874 1962 quod
921 1905 1110 1946 sumus
1156 1890 1303 1948 servi
1344 1892 1478 1964 eJ’uS.
1506 1910 1669 1965 quem
1707 1895 1955 1968 colimus,
2003 1919 2111 1961 non
2140 1906 2245 1964 hoc

226 1983 385 2040 modo
436 1995 546 2054 quo
591 1979 753 2035 homo
810 1993 1002 2034 servus
1049 1978 1284 2036 hominis
1326 1979 1530 2042 dicitur
1576 1993 1798 2057 propter
1859 1991 2243 2066 quodcumque

229 2069 563 2128 accidentale
608 2068 872 2136 debitum,
906 2067 1002 2124 sed
1045 2068 1174 2142 quia
1219 2073 1396 2131 totum
1444 2071 1591 2144 quod
1624 2088 1837 2143 eumue,
1885 2079 1933 2132 ei
1978 2081 2241 2141 debemus

229 2167 490 2234 tanquam
509 2157 764 2224 creatori,
791 2156 936 2212 unde
956 2162 1012 2212 et
1035 2156 1199 2212 latria
1222 2158 1457 2216 servitus
1482 2160 1684 2220 dicitur
1709 2171 1815 2220 non·
1842 2167 2119 2238 quaelibet,
2145 2173 2244 2228 sed

229 2251 316 2308 illa
342 2255 556 2306 tantum
586 2263 695 2321 qua
722 2247 882 2303 homo
913 2260 1106 2302 servus
1133 2246 1230 2300 Dei
1265 2254 1368 2303 est.
1395 2248 1487 2325 Sic
1524 2265 1655 2322 ergo
1684 2251 1877 2324 religio
1903 2259 2153 2315 consistit
2188 2263 2243 2317 ὴ,

231 2339 558 2412 operatione,
593 2351 702 2408 qua
735 2335 894 2391 homo
924 2335 1098 2390 Deum
1135 2334 1266 2390 colit
1294 2350 1362 2414 se⁴
1378 2337 1431 2395 ei
1460 2338 1818 2414 subjiciendo,
1844 2361 1987 2416 ,quae
2020 2351 2244 2420 quidem

232 2427 470 2500 operatio
508 2425 672 2482 debet
701 2440 820 2480 esse
839 2423 1177 2484 conveniens
1204 2431 1259 2486 et
1301 2425 1351 2479 ei
1382 2425 1487 2497 qui¹
1512 2426 1729 2496 colitur,
1762 2437 1818 2486 et
1858 2432 2077 2491 colenti.
2120 2440 2243 2512 lpse

233 2525 410 2574 autem
437 2513 772 2588 quicolitur,
801 2528 925 2568 cum
963 2514 1036 2574 sit
1069 2513 1314 2584 spiritus,
1359 2529 1464 2570 non
1495 2521 1678 2586 potest
1702 2533 1949 2590 corpore,
1978 2526 2081 2580 sed
2125 2529 2242 2586 sula

236 2614 408 2661 mente
449 2603 712 2673 contingi,
759 2607 814 2656 et
857 2601 937 2656 sic
972 2601 1154 2657 cultus
1197 2602 1315 2672 ejus
1363 2602 1735 2674 principaliter
1782 2611 1979 2666 mentis
2026 2616 2238 2673 actibus

235 2695 496 2759 consistit,
530 2691 728 2764 quibus
771 2703 926 2749 mens
961 2688 1248 2746 ordinatur
1277 2689 1332 2745 in
1367 2691 1543 2749 Deum
1572 2708 1599 2750 ft,
1626 2693 1763 2750 ethi
1800 2707 1925 2754 sunt
1965 2706 2238 2778 praeeipue

235 2790 385 2839 actus
425 2777 1166 2852 theologicarum-‘virtutum
1190 2818 1204 2845 ,
1252 2786 1308 2834 et
1351 2781 1651 2837 secundum
1692 2783 1797 2840 hoc
1824 2785 2235 2868 dicit.August.

234 2871 378 2945 quod
401 2867 761 2948 Deuscolitur
775 2866 908 2933 fide,
937 2881 1052 2938 spe,
1083 2871 1138 2921 et
1159 2864 1428 2925 charitate
1458 2885 1471 2922 :
1500 2875 1553 2923 et
1582 2869 1667 2926 his
1686 2872 2239 2949 adjungamini-,actus

233 2960 492 3016 donorum
519 2956 894 3013 ordinantium
923 2954 978 3008 in
1003 2955 1197 3020 Deum,
1233 2962 1291 3010 ut
1321 2955 1607 3026 sapientiae
1634 2965 1691 3014 et
1718 2956 1947 3021 timoris.
1974 2968 2081 3025 Sed
2112 2974 2242 3044 quia

232 3063 328 3105 nos
360 3047 451 3120 qui
492 3048 666 3102 Deum
707 3044 956 3110 colimne,
989 3041 1237 3115 corporei
1279 3059 1470 3099 sumus
1498 3051 1553 3100 et
1595 3063 1691 3119 per
1720 3064 2009 3122 corporeos
2051 3071 2241 3118 sensus

233 3135 594 3208 cognitionem
617 3133 935 3205 accipimuS‚
967 3130 1094 3186 inde
1123 3139 1208 3188 est
1232 3132 1378 3204 quod
1404 3148 1469 3188 ex
1495 3141 1651 3206 parte
1680 3148 1867 3198 nostra
1888 3147 2242 3217 requiruntur

233 3226 298 3280 ad
337 3224 544 3280 cultum
587 3221 912 3296 praedictum
949 3220 1117 3276 etiam
1148 3219 1347 3293 eliquae
1375 3224 1685 3294 corporales
1724 3231 1987 3301 action-ee,
2015 3241 2243 3307 tum‚·ut
2322 3289 2326 3293 ,

233 3331 298 3370 ex
323 3321 440 3370 toto
465 3313 610 3387 quod
641 3325 848 3378 eumue,
880 3311 996 3366 Deo
1025 3309 1348 3377 serviamuS,
1382 3316 1519 3380 tum,
1554 3320 1613 3370 ut
1649 3332 1747 3388 per
1768 3317 2077 3391 hujusmodi
2114 3343 2241 3386 cor-

232 3402 454 3474 poralia,
476 3390 858 3472 nosmetipSOS,
885 3407 942 3455 et
963 3397 1100 3454 alios
1126 3399 1430 3458 excitemus
1458 3401 1711 3479 adactus
1732 3411 1931 3467 mentis
1958 3416 2240 3474 ordinatos

232 3491 284 3547 in
307 3493 497 3546 Deum.
527 3489 684 3548 Unde
708 3489 843 3544 dicit
869 3490 1049 3558 Augu.
1079 3486 1138 3542 in
1159 3487 1254 3543 lib.
1285 3487 1355 3543 de
1379 3489 1520 3546 Cura
1550 3507 1647 3563 pro
1679 3499 1908 3554 mortuis
1944 3499 2192 3563 habenda
2226 3526 2241 3565 ε

235 3600 260 3632 α
291 3579 521 3636 Orantes
558 3579 626 3634 de
670 3577 928 3633 membris
969 3576 1054 3632 sui
1089 3575 1338 3650 corporis
1381 3577 1589 3636 faciunt
1620 3582 1766 3654 quod
1810 3589 2247 3660 supplicantibus
2328 3581 2334 3586 ’

233 3669 495 3740 congruit,
524 3682 652 3723 cum
687 3681 863 3738 genua
894 3665 1087 3736 figunt,
1119 3680 1244 3720 cum
1273 3681 1467 3723 manus
1505 3671 1823 3740 extendunt,
1854 3676 1938 3732 vel
1980 3681 2146 3735 etiam
2184 3697 2243 3738 se

233 3763 578 3830 prosternunt
625 3756 760 3824 sol0,
805 3763 861 3812 et
907 3755 952 3810 si
1002 3754 1133 3827 quid
1182 3754 1327 3811 aliud
1375 3756 1663 3815 visibiliter
1713 3761 1939 3832 faciunt,
1990 3769 2242 3838 quamvis

235 3863 419 3902 eorum
440 3846 728 3903 invisibilis
762 3845 1017 3904 voluntas
1051 3845 1312 3911 et,cordis
1344 3847 1576 3905 intentio
1603 3850 1717 3905 Deo
1742 3861 1870 3908 nota
1900 3852 1990 3921 sit,
2020 3872 2122 3912 nec
2152 3857 2241 3915 ille

233 3933 472 4006 indigeat
509 3933 598 3992 his
639 3932 875 4001 indiciis,
925 3938 984 3986 ut
1029 3933 1242 3988 animus
1283 3934 1559 4005 pandatur
1600 3935 1873 3994 humanus
1916 3956 1931 3998 z
1980 3942 2075 4000 sed
2117 3938 2244 4003 hinc

740 4047 792 4099 S.
824 4049 980 4102 Tuon.
1014 4049 1103 4104 Ao.
1138 4049 1401 4099 Oruscunn.
1427 4073 1489 4086 —-
1520 4049 1576 4101 11.
1608 4073 1671 4086 —
1695 4051 1724 4100 4
