2800 4492
571 412 701 481 ’484
1063 432 1116 481 s.
1159 426 1393 477 ‘moine
1435 427 1771 482 Aounwns
1806 426 2113 475 oruscmat

651 558 705 609 3.
737 552 1029 616 Praeterea,
1057 562 1182 606 cum
1219 533 1366 605 Deus
1406 546 1459 603 in
1492 546 1717 603 instanti
1746 551 2021 620 operetur,
2055 551 2254 603 natura
2288 558 2421 603 vero
2472 558 2621 605 suc·

583 643 824 711 cessive;
851 655 1011 698 omne
1036 638 1168 695 illud
1201 638 1347 712 quod
1384 652 1479 709 per
1506 636 1776 693 actionem
1823 636 2194 702 successivam
2222 636 2336 691 exit
2366 637 2421 692 in
2458 653 2615 705 esse,

585 738 672 789 est
700 731 770 788 ab
799 730 982 803 aliquo
1013 732 1209 801 agente
1238 726 1494 785 naturali.
1528 725 1634 783 Sed
1665 720 1845 781 anima
1873 724 2148 780 sensibilis
2187 732 2243 781 et
2270 726 2618 799 vegetabilis

583 821 960 897 producuntur
991 817 1207 873 actione
1237 814 1553 873 successiva
1588 828 1603 868 ε
1628 812 1757 886 quia
1778 812 2143 870 determinato
2166 814 2345 887 spatio
2376 822 2617 889 tempo-

581 910 660 965 ris
688 908 998 965 vivificatur
1027 909 1328 976 conceptus
1350 908 1408 959 et
1436 900 1805 959 sensificatur.
1828 900 1971 973 Ergo
2006 902 2189 957 anima
2224 902 2510 959 sensibilis
2550 910 2612 959 et

581 997 910 1070 vegetabilis
937 1001 1065 1052 sunt
1090 1010 1122 1051 a
1153 992 1388 1049 naturali
1416 997 1633 1064 agente,
1668 998 1725 1047 et
1747 1006 1853 1047 non
1880 1006 1975 1062 per
2005 991 2364 1047 creationem.

650 1087 974 1159 Respondeo
1000 1082 1310 1149 dicandum,
1343 1079 1494 1155 quod
1530 1080 1679 1137 circa
1720 1078 1863 1137 hanc
1892 1079 2252 1151 quaestionem
2278 1088 2366 1137 est
2394 1080 2609 1154 duplex

585 1176 788 1249 opinio.
816 1174 1049 1245 Quidam
1091 1172 1234 1228 enim
1264 1171 1454 1227 dicunt
1493 1169 1732 1225 ammam
1774 1167 2089 1223 sensibilem
2126 1174 2183 1223 et
2232 1170 2607 1240 vegetabilem

585 1279 705 1320 esse
736 1280 802 1319 ex
830 1262 1141 1331 creatione;
1182 1260 1273 1317 alii
1303 1274 1434 1316 vero
1464 1274 1529 1313 ex
1570 1256 1792 1312 traduce
1822 1272 1836 1310 τ
1866 1265 1919 1312 et
1956 1256 2073 1313 haec
2122 1256 2418 1315 diversitas
2448 1261 2609 1333 apud

483 1412 487 1417 ,
584 1350 931 1425 philosophos
963 1348 1238 1405 invenitur
1263 1360 1366 1403 non
1392 1346 1568 1401 solum
1601 1345 1669 1400 de
1705 1344 1827 1399 istis
1852 1338 2158 1415 animabus,
2190 1345 2286 1400 sed
2333 1347 2503 1403 etiam
2533 1348 2607 1403 de

585 1440 836 1498 omnibus
873 1439 1061 1495 formis
1102 1434 1575 1494 substantialibus.
1606 1430 1842 1503 Quidam
1880 1432 2043 1499 enim,
2076 1438 2136 1487 ut
2178 1433 2335 1490 Plato
2378 1443 2436 1492 et
2466 1438 2608 1493 Avi-

584 1546 778 1597 cenna,
806 1535 1105 1604 posuerunt
1135 1540 1324 1583 omnes
1347 1524 1551 1583 formas
1576 1522 1647 1578 ab
1674 1521 1980 1578 extrinseco
2011 1537 2164 1592 esse;
2192 1523 2287 1595 qui
2320 1526 2606 1600 praecipue

585 1636 652 1677 ex
677 1618 890 1675 duobus
925 1617 1305 1675 movebantur.
1332 1613 1512 1669 Primo
1537 1610 1777 1684 quidem,
1811 1610 1941 1683 quia
1971 1626 2095 1667 cum
2131 1610 2326 1669 formae
2357 1630 2469 1669 non
2504 1614 2605 1671 ha-

586 1708 751 1764 beant
796 1708 1086 1763 materiam
1125 1710 1334 1779 partem
1381 1702 1487 1771 sui,
1529 1716 1634 1756 non
1683 1706 1909 1772 possunt
1959 1698 2077 1755 fieri
2124 1716 2190 1757 cx
2231 1700 2426 1771 nihilo,
2464 1703 2605 1760 unde

589 1807 803 1871 oportet
832 1796 978 1869 quod
1008 1813 1040 1852 a
1068 1800 1290 1851 creante
1316 1792 1470 1849 fiant.
1502 1790 1772 1856 Secunde,
1799 1790 1928 1862 quia
1956 1789 2010 1844 in
2052 1790 2215 1846 rebus
2246 1790 2603 1849 inferioribus

585 1902 694 1941 non
724 1884 983 1940 videbant
1013 1882 1278 1955 principia
1305 1882 1604 1947 actionum,
1634 1879 1742 1935 nisi
1768 1878 2063 1953 qualitates
2092 1880 2304 1937 activas
2336 1887 2395 1937 et
2424 1885 2606 1955 passi-

585 1988 704 2038 vae,
745 1987 884 2044 quas
915 1970 1237 2043 judicabant
1285 1968 1675 2025 insufficientes
1724 1968 1792 2025 ad
1847 1968 2259 2041 productionem
2298 1968 2604 2030 formarum

587 2060 1052 2128 substantialium,
1085 2075 1211 2116 cum
1246 2058 1378 2114 nihil
1426 2064 1554 2130 agat
1596 2057 1740 2115 ultra
1786 2072 1943 2115 suam
1981 2059 2240 2130 speciem.
2272 2058 2383 2116 Sed
2424 2062 2479 2117 in
2505 2062 2605 2118 hoc

588 2151 844 2208 videntur
875 2150 1040 2206 fuisse
1074 2148 1288 2223 decepti
1342 2148 1471 2221 quia
1513 2146 2030 2223 attribuebantfieri
2074 2148 2293 2220 proprie
2334 2148 2465 2206 istis
2492 2150 2609 2206 for-

589 2239 713 2309 mi3‚
748 2255 874 2295 cum
900 2244 1082 2296 tamen
1112 2238 1226 2294 lieri
1259 2252 1366 2293 non
1397 2236 1473 2292 sit
1510 2236 1615 2292 nisi
1650 2235 1957 2309 compositi,
1986 2236 2144 2308 cujus
2184 2236 2358 2294 etiam
2386 2240 2606 2312 proprie

589 2337 863 2387 estesse:
897 2328 1088 2385 formae
1125 2324 1270 2383 enim
1309 2340 1430 2381 esse
1470 2324 1727 2381 dicuntur
1762 2339 1868 2380 non
1900 2330 1960 2379 ut
2001 2323 2389 2394 subsistenteS,
2421 2328 2520 2384 sed
2548 2336 2608 2385 ut

577 2435 699 2495 ‘quo
723 2416 1026 2493 composita
1053 2420 1208 2485 sunt3
1242 2412 1384 2470 unde
1418 2417 1474 2470 et
1499 2414 1614 2469 fieri
1643 2412 1900 2469 dicuntur
1930 2428 2033 2469 non
2077 2415 2299 2487 propria
2341 2414 2603 2484 factione,

591 2506 686 2563 sed
716 2523 814 2581 per
844 2504 1139 2561 factionem
1163 2500 1594 2576 suppositorum,
1627 2516 1751 2575 quae
1788 2506 2222 2559 transmutantur
2260 2509 2609 2562 transmuta-

593 2596 742 2651 tione
768 2592 1013 2651 materiae
1039 2594 1105 2648 de
1131 2593 1377 2665 potentia
1411 2592 1463 2647 in
1495 2598 1677 2649 actum
1709 2607 1722 2646 ε
1750 2591 1913 2660 unde,
1940 2590 2083 2647 sicut
2111 2593 2425 2665 composita
2467 2596 2608 2651 fiunt

593 2700 690 2755 per
715 2683 932 2754 agentia
959 2679 1250 2747 naturalia,
1285 2680 1363 2735 ita
1387 2679 1553 2735 etiam
1570 2680 1759 2735 sormae
1775 2695 1898 2751 quae
1927 2695 2031 2735 non
2058 2685 2184 2735 sunt
2214 2679 2607 2740 subsistentes,

595 2770 898 2840 Qualitates
929 2776 1115 2831 autem
1143 2768 1341 2825 activae
1369 2772 1538 2839 agunt
1566 2767 1634 2823 ad
1660 2768 1861 2825 formas
1890 2767 2279 2826 substantiales
2311 2769 2368 2826 in
2396 2770 2608 2830 virtute

591 2856 1035 2915 substantialium
1064 2856 1382 2923 formarum,
1416 2870 1647 2928 quarum
1685 2858 1813 2911 sunt
1852 2855 2248 2926 instrumenta3
2278 2859 2427 2915 sicut
2455 2859 2608 2917 calor

591 2948 734 3021 ignis
758 2947 872 3019 agit
899 2955 962 3002 ut
998 2946 1419 3001 instrumentum
1464 2946 1661 3002 animae
1702 2946 1999 3013 nutritivae,
2032 2950 2093 3002 ut
2130 2946 2335 3004 dicitur
2374 2949 2433 3005 in
2462 2965 2507 3006 11
2536 2949 2604 3005 de

591 3037 788 3095 Anima
812 3036 966 3109 (text.
1000 3050 1141 3090 com.
1175 3034 1279 3104 41).
1313 3033 1511 3091 Anima
1534 3042 1719 3091 autem
1746 3034 2069 3107 vegetabilis
2099 3032 2156 3093 et
2182 3036 2462 3095 sensibilis
2497 3054 2605 3095 non

591 3133 718 3185 sunt
761 3125 951 3182 formae
993 3122 1372 3197 subsistenteS,
1408 3122 1544 3181 alias
1586 3129 1931 3180 remanerent
1971 3128 2101 3198 post
2149 3140 2421 3199 corpora3
2463 3126 2605 3183 unde

591 3221 809 3288 oportet
838 3214 982 3286 quod
1015 3214 1146 3269 fiant
1172 3229 1204 3270 a
1241 3218 1538 3286 generante
1566 3228 1662 3285 per
1687 3214 1958 3270 actionem
1984 3213 2436 3293 compositorum,
2462 3215 2605 3271 sicut

591 3309 648 3360 et
677 3292 876 3358 ceterae
905 3300 1092 3358 formae
1115 3302 1450 3359 materiales·
1478 3300 1604 3358 Sola
1642 3307 1826 3358 autem
1856 3302 2038 3362 anima
2085 3303 2449 3370 intellectiva,
2480 3318 2605 3375 quae

592 3390 758 3447 habet
785 3405 905 3447 esse
929 3390 1252 3462 subsistens,
1283 3406 1411 3447 cum
1440 3398 1658 3447 maneat
1689 3396 1810 3463 post
1838 3406 2056 3464 corpuS,
2086 3400 2173 3449 est
2198 3391 2273 3468 abs
2292 3392 2603 3448 extrinseco

591 3496 688 3554 per
713 3478 1069 3536 creationem.
1099 3478 1155 3536 Si
1189 3486 1374 3537 autem
1408 3472 1663 3537 sensibile
1698 3484 1753 3534 et
1783 3476 2087 3551 vegetabile
2124 3486 2180 3537 et
2206 3478 2607 3537 intellectivum

589 3571 646 3625 in
674 3568 889 3625 homine
915 3557 1224 3624 in'diversis
1253 3568 1577 3625 substantiis
1606 3568 1802 3625 animae
1832 3566 2167 3638 radicantur,
2203 3576 2335 3625 tunc
2356 3577 2413 3626 et
2437 3585 2604 3641 vege-

591 3658 777 3716 tabilis
805 3654 1156 3714 et'sensibilis
1177 3654 1411 3735 hominis
1442 3656 1494 3710 in
1520 3664 1816 3728 generante
1846 3656 1973 3713 erit.

661 3746 767 3803 Sed
794 3745 924 3819 quia
948 3744 1067 3802 haec
1089 3744 1272 3817 opinio
1297 3755 1567 3817 repugnat
1590 3745 1753 3802 dictis
1791 3744 2254 3819 philosophorum,
2284 3747 2381 3820 qui
2414 3746 2466 3803 in
2499 3763 2603 3805 uno

592 3820 836 3893 'animato
865 3851 1032 3892 unam
1059 3834 1295 3891 anim-am
1328 3841 1539 3891 tantum
1568 3834 1893 3908 posuerunt3
1918 3835 1987 3891 ad
2035 3852 2201 3908 quam
2238 3852 2429 3893 omnes
2468 3852 2608 3909 ope-

593 3914 838 3980 rationes
866 3925 1066 3981 animae
1092 3917 1397 3997 pertinent3
1431 3930 1487 3979 et
1511 3922 1679 3981 etiam
1708 3932 1899 3981 contra
1939 3926 2089 3983 dicta
2118 3926 2463 3995 Sanctorum,
2498 3928 2609 3984 im·-

593 4008 944 4085 probantium
975 4011 1346 4083 pluralitatem
1374 4012 1699 4082 animarum,
1728 4022 1789 4070 ut
1822 4020 1971 4087 patet
1999 4012 2054 4069 in
2085 4012 2178 4070 lib.
2197 4014 2276 4070 'de
2308 4014 2607 4073 ecclesias-
