2800 4492
535 278 656 342 366
1013 297 1066 344 ι.
1109 295 1344 344 mou
1381 293 1710 350 nomme
1756 273 2068 344 croscum

538 407 684 466 disse
721 408 792 467 de
831 409 1071 484 quadam
1111 411 1290 486 puella
1317 411 1668 484 pubescente,
1698 427 1868 487 qnam
1908 403 2557 485 propter'pudoris'cus·

537 498 745 577 todiam
777 499 832 556 in
861 499 1003 557 lecto
1039 516 1139 558 suo
1178 509 1333 575 pater
1373 502 1629 570 habebat,
1676 503 1928 575 quidum
1969 515 2161 556 somno
2188 497 2550 572 pollueretur,

537 602 721 645 semen
746 589 817 647 ad
845 591 1131 647 matricem
1155 590 1459 659 descendit,
1490 597 1547 647 et
1576 590 1755 664 puella
1778 590 2050 662 concepit.
2076 588 2172 645 Vir
2204 586 2555 654 autern-abs·

539 694 646 750 que
672 679 817 735 omni
845 681 1066 735 seminis
1095 681 1425 737 resolutione
1452 695 1558 737 non
1584 686 1906 753 potestesse
1930 685 2087 752 pater
2112 693 2288 751 neque
2312 683 2555 732 natura·

538 764 663 820 liter
688 781 862 839 neque
887 767 1243 841 miraculose;
1289 770 1419 842 quia
1448 770 1495 825 si
1532 769 1601 825 de
1629 783 1855 842 corpore
1888 769 2005 840 ejus
2030 767 2213 840 proles
2240 765 2398 822 aliter
2430 765 2554 819 mi—

539 855 786 910 raculose
807 853 1154 924 formaretur,
1181 873 1288 914 non
1321 866 1505 930 posset
1534 858 1643 914 dici
1668 867 1843 930 pater.

609 943 664 999 Si
693 959 822 1000 vero
851 944 1138 1016 virginitas
1165 946 1372 1018 largius
1399 947 1723 1021 accipiatur,
1756 952 1919 1018 prout
1942 948 2116 1001 solum
2140 941 2371 1016 requirit
2396 941 2554 997 inte-

539 1032 738 1088 riorem
783 1033 1104 1090 electionem
1164 1035 1392 1102 mentis:
1436 1036 1518 1091 sic
1566 1040 1721 1108 patet
1756 1034 1825 1090 de
1866 1033 2091 1090 muliere
2132 1031 2354 1105 quidem
2394 1027 2552 1101 quod

542 1121 863 1178 naturaliter
891 1128 1071 1195 potest
1103 1138 1224 1180 esse
1265 1130 1461 1189 mater,
1506 1123 1823 1195 virginitate
1866 1122 1962 1179 tali
2000 1127 2293 1188 manent&
2315 1119 2472 1176 sicut
2494 1119 2555 1174 si

543 1209 724 1283 aliqua
753 1227 848 1282 per
870 1211 1186 1268 violentiam
1213 1199 1616 1285 imprimeretur
1644 1211 1715 1268 ab
1740 1211 1915 1280 hoste,
1958 1217 2015 1266 et
2049 1209 2177 1265 inde
2202 1209 2549 1280 conciperem

535 1285 597 1350 'et
635 1295 805 1352 multo
832 1297 1008 1368 magis
1039 1297 1141 1354 hoc
1170 1305 1354 1370 posset
1381 1297 1705 1354 miraculose
1748 1298 1884 1353 lieri.
1914 1295 2011 1354 Vir
2034 1304 2219 1352 autem
2254 1292 2409 1351 salva
2444 1293 2551 1350 tali

542 1383 856 1456 virginitate
882 1394 1070 1458 posset
1095 1401 1215 1442 esse
1241 1393 1397 1459 pater
1426 1386 1751 1442 naturaliter
1779 1391 2001 1458 propter
2028 1383 2381 1456 pollutionem
2408 1397 2553 1438 noc·

545 1480 780 1543 turnam,
810 1489 936 1548 quae
963 1490 1308 1548 quocumque
1349 1491 1483 1532 casu
1530 1476 1600 1531 ad
1632 1476 1913 1532 matricem
1941 1473 2185 1530 mulieris
2214 1472 2549 1546 pervenire-t.

543 1563 662 1618 Non
699 1571 882 1620 autem
920 1565 999 1620 ita
1027 1572 1352 1636 congrueret
1378 1565 1526 1638 quod
1554 1563 1881 1620 miraculose
1909 1565 1991 1618 vir
2021 1562 2175 1618 fieret
2199 1567 2371 1633 pater,
2404 1560 2553 1616 sicut

545 1653 689 1724 quod
730 1653 883 1724 virgo
921 1653 1075 1710 fieret
1115 1659 1322 1724 mater3
1369 1662 1487 1709 tum
1532 1653 1663 1726 quia
1706 1654 1859 1724 virgo
1896 1650 2221 1708 miraculose
2270 1649 2417 1705 facta
2460 1656 2553 1704 est

546 1749 739 1806 mater,
778 1741 984 1812 Spiritu
1024 1749 1216 1798 sancto
1242 1741 1514 1798 formante
1547 1757 1745 1814 corpus
1774 1741 1940 1814 prolis
1980 1757 2048 1796 ex
2080 1738 2388 1810 purissimis
2414 1751 2554 1792 san·-

545 1829 797 1899 guinibus
826 1830 964 1901 ejus„
996 1837 1056 1884 ut
1085 1831 1452 1888 Damascenus
1479 1830 1645 1901 dicitg
1678 1830 1937 1902 resolutio
1968 1833 2153 1885 autem
2180 1826 2404 1882 seminis
2430 1826 2552 1882 sine

546 1932 652 1987 qua
684 1914 767 1970 vir
806 1925 963 1988 pater
994 1932 1114 1972 esse
1149 1933 1258 1974 non
1301 1923 1505 1991 posset,
1536 1935 1641 1975 non
1689 1919 1943 1990 congruit
1984 1916 2285 1991 operationi
2314 1914 2552 1987 Spiritus

545 2005 750 2071 sancti;
783 2009 898 2060 tum
940 2003 1071 2077 quia
1097 2005 1183 2062 vir
1211 2006 1266 2061 in
1294 2008 1645 2078 generatione
1682 2015 1767 2064 est
1792 2007 1936 2064 sicut
1966 2022 2151 2078 agens,
2182 2003 2382 2059 mulier
2406 2001 2554 2058 sicut

546 2093 788 2167 patiens;
817 2094 927 2149 Deo
956 2103 1140 2150 autem
1167 2097 1432 2168 competit
1460 2111 1622 2167 agere
1648 2103 1704 2151 et
1728 2111 1833 2152 non
1863 2095 2009 2166 pati3
2038 2094 2180 2150 unde
2210 2091 2386 2163 magis
2414 2106 2553 2146 con-

546 2177 692 2258 gruit
733 2188 804 2237 ut.
825 2183 966 2237 Deus
993 2182 1318 2240 miraculose
1358 2184 1611 2256 suppleat
1640 2183 1704 2239 id'
1733 2183 1879 2258 quod
1918 2183 2072 2240 deest
2116 2197 2184 2238 ex
2222 2185 2383 2254 parte
2420 2179 2549 2248 viri,

547 2285 712 2343 quam
737 2270 790 2325 id
811 2271 957 2344 quod
985 2271 1140 2328 deest
1163 2288 1230 2328 ex
1254 2277 1411 2345 parte
1434 2272 1697 2328 mulieris,
1794 2339 1798 2343 ,

618 2357 685 2414 Et
707 2374 802 2434 per
830 2359 933 2416 hoc
951 2367 1104 2434 patet
1127 2359 1407 2435 responsio
1437 2359 1507 2416 ad
1536 2359 1771 2433 objecta.

1267 2557 1663 2637 QUAESTIO
1708 2557 1830 2626 XI.

619 2712 823 2768 Deinde
847 2712 1036 2768 ultimo
1071 2713 1361 2787 quaesitum
1391 2721 1477 2770 est
1504 2714 1573 2770 de
1596 2721 1849 2770 creatura
1874 2728 2010 2785 pure
2034 2711 2334 2786 corporali;
2368 2718 2553 2770 utrum

549 2799 756 2856 scilicet
777 2799 975 2857 coelum
1011 2816 1329 2874 empyreum
1358 2801 1557 2858 habeat
1585 2801 1924 2859 influentiam
1962 2817 2122 2876 super
2146 2801 2255 2859 aliu
2296 2816 2549 2875 corpora.

1159 2990 1166 3000 ·
1205 2982 1660 3044 ARTmULUs
1711 2984 1884 3045 XIX.
1929 2955 1933 2960 ’

563 3112 778 3202 Utrum
803 3114 1013 3186 coelum
1041 3133 1377 3195 empyreum
1406 3115 1618 3186 habeat}
1646 3115 2026 3196 influentiam
2048 3132 2229 3194 super
2253 3115 2389 3178 alia
2418 3133 2554 3178 cor-

625 3219 825 3280 porea.
859 3237 937 3248 —-
985 3205 1048 3282 (3
1078 3210 1278 3282 part„
1329 3210 1541 3284 quoest.
1592 3206 1691 3279 66,
1743 3211 1866 3267 art.
1912 3207 1971 3280 5,
2023 3205 2104 3267 ad
2143 3205 2213 3280 23
2256 3205 2437 3267 Phil.
2490 3210 2549 3282 4,

630 3289 732 3350 leo.
761 3292 833 3365 73
866 3296 922 3353 et
950 3294 1007 3368 1,
1043 3293 1215 3368 dist„
1251 3295 1309 3369 3,
1339 3299 1550 3374 quoest.
1580 3294 1639 3367 2,
1669 3298 1795 3356 art.
1828 3293 1916 3374 3).

616 3419 684 3474 Et
709 3420 925 3477 videtur
949 3423 1092 3495 quod
1119 3438 1243 3479 non.
1271 3423 1412 3494 Quia
1438 3441 1596 3481 omne
1620 3440 1818 3498 corpus
1854 3425 2001 3498 quod
2026 3424 2353 3484 naturaliter
2377 3423 2554 3480 influit

544 3507 600 3565 in
636 3508 742 3566 alia
779 3524 1026 3582 corpora,
1056 3527 1154 3584 per
1191 3512 1553 3584 priusinfluit
1582 3515 1638 3568 in
1678 3514 1983 3588 propinqua
2022 3529 2189 3586 quam
2220 3515 2272 3569 in
2308 3521 2549 3569 remota.

544 3597 597 3653 Si
625 3613 753 3668 ergo
781 3598 980 3657 coelum
1003 3614 1320 3673 empyreum
1351 3600 1603 3658 influeret
1630 3603 1685 3656 in
1708 3617 1937 3675 corpora
1967 3601 2243 3668 inferiora,
2274 3618 2371 3674 per
2398 3602 2551 3674 prius

544 3685 792 3743 influeret
834 3687 888 3742 in
919 3688 1114 3744 coelum
1147 3689 1593 3763 aqueum‚·quod
1618 3698 1701 3746 est
1742 3691 1843 3746 sibi
1890 3691 2267 3764 propinqtiiu3‚
2300 3707 2471 3764 quam
2501 3691 2552 3744 in

542 3775 740 3831 coelum
759 3776 1050 3833 sidereum.
1081 3778 1186 3834 Sed
1217 3777 1318 3833 hoc
1343 3778 1561 3834 videtur
1588 3793 1708 3834 esse
1736 3779 2123 3836 inconveniens
2150 3797 2163 3834 τ
2192 3779 2324 3851 quia
2352 3778 2553 3836 coelum

540 3862 816 3920 sidereum
839 3866 1070 3922 similius
1098 3873 1182 3922 est
1219 3867 1359 3923 coelo
1385 3881 1664 3941 empyreO,
1696 3873 1835 3926 cum·
1858 3878 2113 3927 neutrum
2151 3868 2223 3925 sit
2252 3869 2331 3924 'de
2356 3875 2553 3932 natura
