2800 4492
537 303 658 364 384
1017 319 1071 363 s.
1115 315 1348 362 ‘rueme
1388 314 1718 367 sommus
1758 315 2085 366 croscum·

541 433 842 506 intelligere
863 432 1068 506 aliquid
1091 431 1337 489 additum
1355 431 1641 498 essentiae3
1668 439 1813 488 esset
1832 432 1980 488 enim
2003 432 2313 493 intellectus
2341 436 2537 494 falsus
2558 455 2577 506 ;

540 525 634 580 sed
663 524 792 596 quia
814 520 1161 593 intelligendo
1187 536 1494 594 personam,
1520 519 1763 591 intelligo
1786 522 2080 578 essentiam
2102 522 2169 580 de
2194 527 2577 591 necessitate.

540 610 635 667 sed
665 624 772 666 non
799 624 830 666 e
854 623 1114 668 converso
1144 625 1156 666 :
1191 608 1334 664 unde
1360 607 1575 682 objecto
1604 621 1714 666 non
1743 608 2011 681 procedit.

1213 787 1669 848 ARTIOULUS
1728 787 1865 849 VII.

640 923 857 988 Utrum
884 921 951 985 in
977 920 1233 1004 Anqelis
1258 921 1343 983 sit
1370 921 1717 999 compositio
1747 919 2070 984 accidentis
2097 925 2154 985 et
2172 920 2449 1003 subjecti.

1079 1013 1360 1108 (Ipora,
1388 1015 1598 1091 quaest.
1626 1010 1727 1086 50,
1760 1014 1882 1074 art.
1910 1009 1996 1089 6).

609 1149 764 1207 Circa
793 1147 1090 1204 secundum
1119 1145 1200 1202 sic
1229 1145 1558 1219 proceditur.
1587 1145 1641 1198 ⁴.
1676 1144 1901 1202 Videtur
1930 1144 2077 1218 quod
2103 1146 2157 1204 in
2184 1146 2401 1219 Angelis
2432 1164 2564 1207 non

540 1237 614 1294 sit
640 1236 961 1310 compositio
989 1234 1289 1292 accidentis
1327 1239 1382 1290 et
1422 1231 1675 1304 subjecti.
1710 1232 1853 1302 Quia
1879 1247 1999 1289 esse
2036 1232 2371 1292 accidentale
2402 1253 2561 1294 cau·

539 1327 697 1384 satur'
716 1327 786 1383 ab
811 1341 931 1382 esse
959 1322 1326 1381 substantiali.
1355 1323 1499 1393 Ergo
1528 1328 1583 1378 et
1608 1320 1930 1394 compositio
1954 1323 2306 1380 accidentalis
2330 1343 2361 1382 a
2386 1343 2558 1384 com-

542 1411 809 1488 positione
831 1410 1198 1471 substantiali.
1228 1411 1332 1468 Sed
1359 1411 1413 1466 in
1438 1410 1659 1482 Angelis
1688 1425 1795 1466 non
1823 1419 1907 1467 est
1932 1412 2253 1484 compositio
2282 1415 2559 1472 substan·

543 1505 706 1572 tialis,
754 1504 886 1577 quia
922 1510 1050 1559 sunt
1089 1500 1413 1557 substantias
1454 1497 1748 1572 simplices,
1794 1505 1853 1555 ut
1883 1499 2176 1572 Dionysius
2202 1501 2357 1559 dicit.
2399 1505 2569 1578 Ergo

541 1610 642 1652 nec
665 1591 986 1666 compositio
1014 1589 1388 1648 accidentalis.

611 1687 664 1740 2.
698 1683 983 1746 Praeterea,
1033 1679 1253 1735 Boetius
1280 1678 1457 1735 dicit
1444 1695 1498 1734 m
1540 1676 1635 1732 lib.
1663 1676 1731 1732 de
1767 1676 1964 1733 Trinit.
1950 1715 1986 1744 .,
2019 1679 2162 1749 quod
2206 1678 2378 1737 forma
2407 1683 2554 1738 sim-

541 1771 665 1844 plex
688 1770 990 1842 subjectum
1014 1783 1133 1824 esso
1167 1784 1271 1823 non
1301 1774 1501 1837 potest.
1528 1766 1633 1825 Sed
1662 1765 1855 1837 Angeli
1878 1765 2215 1826 suntformae
2241 1769 2547 1843 simpliceS‚

540 1858 840 1915 secundum
862 1855 1202 1928 Dionysium.
1225 1855 1364 1926 Ergo
1385 1869 1491 1910 non
1517 1860 1743 1926 possunt
1756 1869 1876 1910 esse
1893 1853 2201 1926 subjectum
2220 1858 2545 1916 accidentis,

611 1945 717 2005 Sed
743 1952 934 2002 contra
976 1951 1060 2001 est
1105 1944 1252 2017 quod
1288 1943 1627 2014 Augustinus
1664 1941 2000 2000 substantias
2040 1945 2353 2017 spirituales
2390 1949 2549 2020 ponit

541 2035 774 2093 deficere
798 2050 829 2090 a
866 2032 1218 2105 simplicitate
1239 2030 1426 2090 divina
1461 2047 1558 2105 per
1585 2031 1689 2088 hoc
1728 2031 1875 2104 quod
1906 2040 1989 2088 est
2019 2032 2074 2088 in
2111 2033 2193 2090 eis
2218 2037 2549 2108 compositio

541 2123 838 2182 accidentis
859 2131 913 2181 et
937 2121 1188 2194 subjecti.
2388 2160 2393 2164 -

611 2213 933 2286 Respondeo
979 2209 1288 2277 dicendum,
1335 2208 1479 2282 quod
1524 2225 1591 2264 ex
1633 2207 1736 2265 hoc
1792 2207 1997 2282 aliquid
2042 2216 2128 2267 est
2170 2214 2547 2286 susceptivum

541 2301 731 2358 formae
770 2297 1144 2357 substantialis
1173 2296 1256 2353 vel
1291 2295 1663 2362 accidentalis,
1705 2296 1849 2370 qnod
1880 2296 2087 2370 aliquid
2106 2297 2279 2364 babet
2308 2302 2549 2374 possibi-

541 2390 715 2448 litatis
756 2408 769 2446 :
801 2389 932 2463 quia
973 2388 1042 2444 de
1069 2387 1280 2445 ratione
1309 2385 1569 2460 potentiae
1598 2391 1682 2442 est
1722 2390 1784 2440 ut
1816 2385 1963 2442 actui
2007 2385 2408 2455 substernatur,
2451 2393 2546 2465 qui

539 2480 713 2536 forma
740 2478 960 2536 dicitur.
987 2477 1068 2533 De
1089 2475 1310 2547 Angelis
1329 2482 1515 2532 autem
1540 2473 1741 2530 diversi
1768 2473 1986 2530 diversa
2013 2475 2278 2532 sentiunt.
2310 2478 2547 2547 Quidam

541 2570 686 2624 enim
728 2568 935 2632 dicunt,
976 2565 1122 2638 quod
1150 2570 1278 2620 sunt
1314 2579 1382 2620 ex
1412 2562 1641 2622 materia
1671 2569 1727 2618 et
1757 2561 1932 2618 forma
1960 2565 2245 2635 compositi
2286 2583 2299 2621 ε
2335 2566 2429 2623 alii
2458 2569 2547 2625 di·-

540 2663 690 2721 cunt,
723 2655 868 2727 quod
897 2659 1023 2709 sunt
1049 2651 1338 2724 compositi
1367 2665 1583 2707 exesse
1626 2656 1680 2706 et
1708 2649 1853 2722 quod
1882 2656 1985 2718 est,
2024 2661 2085 2708 ut
2116 2653 2339 2710 Boetius
2360 2655 2498 2712 dicit
2529 2674 2543 2712 τ

541 2750 596 2800 et
643 2731 874 2814 utroque
914 2741 1076 2796 modo
1117 2745 1340 2812 oportet·
1379 2755 1581 2811 ponere
1622 2739 2077 2811 potentialitatem
2120 2741 2175 2796 in
2203 2743 2435 2815 Angelo.
2468 2747 2547 2802 De

543 2831 719 2904 primo
741 2827 1070 2884 enimmodo
1096 2832 1246 2899 patet
1278 2825 1566 2882 :similiter
1595 2834 1783 2896 patere
1805 2833 1987 2898 potest
2012 2826 2079 2883 de
2102 2829 2345 2886 secundo
2371 2849 2386 2885 ε
2419 2833 2546 2905 quia

540 2934 700 2976 omne
721 2917 875 2991 quod
914 2932 1019 2972 non
1047 2923 1132 2974 est
1157 2930 1316 2972 suum
1344 2930 1463 2972 esse
1488 2921 1703 2987 oportet
1726 2914 1873 2988 quod
1898 2915 2095 2972 habeat
2120 2933 2239 2973 esse
2266 2930 2545 2992 receptum

541 3007 612 3066 ab
640 3007 765 3075 alic,
797 3003 944 3079 quod
972 3011 1056 3062 est
1093 3003 1196 3060 sibi
1237 3019 1404 3060 causa
1442 3003 1677 3059 essendi.
1708 3003 1776 3060 Et
1805 3003 1903 3069 ita,
1944 3005 1997 3059 in
2026 3020 2086 3062 se
2114 3007 2540 3076 consideratum,

541 3103 625 3153 est
662 3097 720 3153 in
756 3094 999 3168 potentia
1035 3098 1288 3165 respectu
1320 3092 1467 3148 illius
1502 3107 1640 3159 esse,
1672 3091 1821 3164 quod
1859 3093 2055 3166 recipit
2085 3093 2154 3150 ab
2182 3094 2319 3166 alio;
2351 3103 2409 3153 et
2448 3098 2546 3155 hoc

543 3185 705 3241 modo
741 3184 812 3240 ad
853 3183 1032 3240 minus
1071 3180 1529 3255 potentialitatem
1566 3195 1767 3253 ponere
1808 3187 2023 3254 oportet
2060 3181 2115 3237 in
2144 3183 2371 3255 Angelo,
2420 3188 2547 3260 quia

541 3271 780 3344 Angelus
808 3287 913 3328 non
944 3277 1028 3326 est
1055 3286 1214 3327 suum
1243 3286 1380 3337 esse,
1414 3267 1516 3326 hoc
1541 3269 1685 3327 enim
1720 3268 1888 3325 solius
1916 3270 2013 3325 Dei
2044 3275 2156 3339 est;
2186 3278 2241 3326 et
2274 3272 2350 3329 ita
2379 3275 2545 3331 relin-

543 3361 730 3435 quitur
772 3359 918 3433 quod
956 3358 1192 3430 Angelus
1234 3359 1404 3431 possit
1447 3373 1567 3414 esse
1601 3357 1907 3431 subjectum
1937 3358 2291 3416 accidentalis
2336 3361 2543 3420 formoe.

612 3448 695 3506 Ad
738 3449 974 3522 primum
1012 3463 1141 3518 ergo
1183 3447 1495 3516 dicendum,
1535 3446 1681 3520 quod
1719 3446 2094 3504 substantialis
2126 3448 2453 3520 simplicitas
2492 3455 2545 3508 in

542 3538 763 3611 Angelis
804 3537 1045 3595 excludit
1087 3536 1536 3609 compositionem
1580 3535 1825 3596 materiae
1866 3542 1923 3592 et
1970 3535 2178 3604 sormae,
2210 3553 2322 3594 non
2364 3549 2547 3598 autem

541 3626 988 3701 compositionem
1004 3641 1072 3681 ex
1091 3639 1210 3680 esse
1235 3630 1290 3679 et
1313 3612 1459 3696 quod
1486 3630 1598 3692 est;
1623 3639 1787 3698 quam
1803 3625 2253 3697 compositionem
2278 3626 2351 3682 ad
2372 3629 2548 3683 minus

541 3715 896 3776 accidentalis
935 3711 1256 3786 compositio
1299 3712 1353 3767 in
1400 3712 1622 3784 Angelis
1669 3714 2057 3786 praesupponit.
2098 3713 2167 3770 Et
2214 3715 2419 3772 iterum
2446 3732 2548 3772 non

539 3810 754 3877 oportet
777 3802 947 3876 quod,
975 3803 1021 3858 si
1050 3817 1170 3858 esse
1195 3801 1534 3858 accidentale
1569 3808 1827 3870 causatur
1861 3818 1891 3859 a
1925 3802 2293 3872 substantiali,
2324 3819 2549 3878 compo-

538 3893 668 3954 sitio
692 3890 1044 3951 accidentalis
1069 3903 1102 3950 a
1125 3889 1519 3963 compositione
1542 3889 1889 3949 substantiali
1913 3895 2205 3964 causetur3
2230 3893 2365 3966 quia
2388 3892 2549 3964 subs-
