2800 4492
515 322 634 383 402
995 339 1048 383 s.
1093 338 1326 382 ‘rnoMAE
1366 337 1698 389 nomm-rm
1739 335 2049 382 opuscum

516 454 649 512 facit
688 456 791 512 nisi
836 470 1055 511 sensum
1098 453 1412 522 litteralem,
1464 460 1522 510 ut
1570 469 1636 509 ex
1675 451 1841 510 dictis
1870 456 2045 526 patet.
2090 450 2248 510 Unde
2279 449 2339 507 in
2386 449 2566 508 nulla

517 544 766 611 scientia,
808 543 1044 599 humana
1074 543 1344 600 industria
1380 543 1623 610 inventa,
1651 539 1871 616 proprie
1899 540 2191 615 loquendo,
2222 546 2413 613 potest
2458 541 2564 596 in-

517 632 691 688 veniri
719 633 822 687 nisi
867 630 1122 688 litteralis
1164 647 1388 701 sensus;
1436 630 1529 687 sed
1570 630 1745 688 solum
1795 631 1847 685 in
1892 631 1998 686 ista
2027 629 2331 702 Scriptura,
2377 630 2565 701 cujus

519 719 753 791 Spiritus
781 726 1003 776 sanctus
1033 725 1116 775 est
1149 726 1358 787 auctor,
1390 718 1554 776 homo
1584 733 1714 774 vero
1743 714 2200 788 instrumentum3
2231 717 2562 773 secundum

521 806 654 863 illud
679 807 877 864 Psalm.
919 823 1076 874 xuv,
1123 813 1154 867 2
1186 824 1201 865 z
1246 807 1461 882 Linqua
1486 823 1605 864 mea
1635 807 1865 864 calamus
1902 805 2088 863 scribae
2114 805 2363 863 velociter
2388 805 2560 863 scri-

524 895 711 954 beatis.

591 986 672 1041 Ad
704 986 937 1059 primurn
962 1002 1090 1059 ergo
1126 984 1439 1054 dicendum,
1466 985 1613 1060 quod
1658 984 1712 1041 in
1754 983 1877 1042 aliis
1918 985 2163 1042 scientiis
2209 984 2553 1058 proceditur

411 1092 424 1104 ·
522 1091 588 1129 ex
613 1075 880 1131 similibus
909 1074 1372 1148 argumentand03
1404 1089 1511 1131 non
1559 1073 1705 1148 quod
1732 1089 1801 1129 ex
1829 1074 2011 1130 verbis
2053 1073 2253 1148 quibus
2292 1089 2405 1130 una
2452 1089 2553 1130 res
2578 1099 2591 1108 ·

523 1164 878 1234 significatur,
911 1165 1248 1242 significetur
1277 1169 1330 1219 et
1357 1163 1465 1220 alia
1491 1178 1599 1220 τοῦ.

595 1254 674 1308 Ad
703 1253 1000 1309 secundum
1035 1253 1349 1319 dicendum,
1386 1252 1533 1325 quod
1580 1251 1828 1308 fictiones
1864 1252 2096 1326 poeticae
2137 1266 2245 1308 non
2288 1256 2419 1307 sunt
2470 1253 2547 1309 ad

529 1341 674 1398 aliud
704 1343 973 1399 ordinatae
1003 1343 1108 1399 nisi
1139 1343 1206 1398 ad
1237 1341 1689 1414 significandum3
1719 1341 1863 1397 unde
1905 1340 2031 1398 talis
2063 1341 2394 1413 significatio
2426 1357 2543 1398 non

526 1432 936 1504 supergreditur
965 1432 1186 1489 modum
1218 1430 1471 1488 litteralis
1495 1445 1709 1488 sensus.

597 1519 929 1575 Ad'tertium
953 1519 1264 1584 dicendum,
1292 1518 1441 1592 quod
1468 1518 1561 1591 qui
1590 1517 1725 1574 dicit
1754 1533 1942 1586 unum,
1970 1517 2376 1590 quodammodo
2400 1519 2541 1576 dicit

529 1607 716 1674 mulla,
749 1609 957 1664 seilicet
1006 1609 1060 1663 in
1112 1609 1377 1682 potentia,
1432 1607 1731 1664 secundum
1774 1607 1923 1681 quod
1976 1607 2355 1663 conclusiones
2408 1619 2543 1666 sunt

529 1698 768 1768 potentia
795 1699 849 1753 in
877 1697 1174 1770 principiiS‚
1208 1714 1274 1754 ex
1305 1713 1410 1752 uno
1438 1698 1581 1753 enim
1622 1696 1889 1770 principio
1929 1696 2117 1753 multae
2158 1696 2541 1754 conclusiones

525 1795 828 1858 sequuntur
857 1804 870 1841 :
904 1801 1010 1842 non
1039 1787 1185 1858 quod
1214 1786 1268 1840 in
1299 1785 1422 1842 aliis
1451 1787 1693 1843 scientiis
1721 1803 1820 1860 per
1863 1786 2085 1842 modum
2114 1786 2543 1856 significationis

529 1875 671 1946 quod
693 1875 892 1930 dicitur
917 1875 984 1930 de
1013 1891 1121 1930 una
1151 1891 1227 1943 re,
1261 1875 1423 1930 simul
1448 1875 1515 1930 de
1541 1875 1663 1931 aliis
1693 1873 2031 1947 intelligatur
2057 1880 2115 1930 ut
2145 1873 2539 1946 significatum,

529 1963 654 2018 licet
682 1963 805 2020 indo
836 1963 974 2020 trahi
1003 1963 1174 2038 possit
1201 1979 1298 2037 per
1328 1964 1859 2036 argumentationem
1882 1971 1993 2021 etc.

1185 2199 1190 2204 “
1253 2189 1648 2270 QUAESTIO
1701 2191 1816 2258 VII

601 2345 841 2414 Quaestio
887 2355 970 2404 est
1014 2348 1080 2403 de
1123 2363 1286 2421 opere
1329 2348 1604 2417 manuali‚·
1631 2349 1779 2406 circa
1821 2349 1969 2422 quod
2010 2353 2338 2422 quaeruntur
2381 2347 2491 2404 duo
2526 2366 2539 2404 :

532 2434 592 2484 ⁴0
621 2443 797 2490 utrum
828 2438 1040 2509 operari
1069 2438 1318 2494 manibus
1347 2438 1418 2495 sit
1448 2440 1506 2494 in
1537 2445 1841 2511 praecept03
1874 2443 1935 2496 2⁰
1961 2443 2144 2494 utrum
2169 2437 2363 2494 abhoc
2392 2453 2543 2511 proe·

531 2531 688 2600 cepto
715 2536 1039 2583 excusentur
1064 2526 1140 2584 illi
1167 2529 1258 2601 qui
1291 2527 1666 2601 spiritualibus
1690 2527 1946 2601 operibus
1970 2532 2189 2586 vacant.

1137 2705 1143 2719 '
1180 2733 1635 2794 ARTIGULUS
1676 2732 1875 2793 xvn.

866 2880 1082 2944 Utrum
1111 2883 1352 2960 operari
1378 2883 1653 2946 manibus
1678 2883 1763 2946 sit
1789 2882 1856 2948 in
1871 2888 2190 2964 proecepw.

600 3035 680 3090 Ad
719 3033 954 3108 primum
998 3035 1078 3090 sie
1121 3035 1453 3108 proceditur.
1487 3037 1538 3091 l.
1570 3035 1799 3092 Videtur
1840 3037 1982 3109 quod
2024 3037 2234 3110 operari
2281 3039 2539 3094 manibus

531 3126 602 3178 sit
630 3125 680 3178 in
709 3132 1010 3196 praecepto;
1039 3124 1085 3178 ΙΙ
1114 3124 1182 3179 ad
1209 3123 1452 3180 Thessal.
1488 3140 1576 3194 ιιι,
1606 3127 1671 3180 40
1698 3143 1709 3180 :
1740 3125 1799 3182 Si
1830 3125 1947 3199 quis
1988 3143 2093 3181 non
2130 3128 2245 3184 vult
2286 3129 2534 3199 operari,

529 3227 636 3263 non
665 3210 958 3268 manducet.
992 3211 1310 3268 Audivimus
1356 3211 1498 3268 enim
1540 3221 1645 3270 etc.
1680 3213 1904 3284 Glossa3
1936 3214 2083 3280 Quod
2109 3214 2223 3272 ideo
2254 3216 2536 3290 praeeipia,

531 3297 660 3367 qnia
689 3298 1008 3352 audivimus
1040 3300 1178 3372 Ergo
1207 3308 1313 3357 etc.

601 3390 652 3442 2.
683 3387 971 3452 Praeterea,
991 3391 1328 3460 Augustinus
1356 3391 1413 3446 in
1439 3390 1530 3447 lib.
1552 3392 1619 3448 de
1649 3407 1809 3464 opere
1841 3393 2227 3449 Monachorum
2251 3410 2263 3448 ε
2286 3393 2536 3450 Audiant

527 3493 650 3547 erqo
675 3475 861 3548 quibus
881 3476 970 3530 hoc
990 3478 1238 3552 praecipit
1262 3481 1565 3552 Apostolus,
1587 3481 1677 3552 qui
1700 3498 1805 3537 non
1831 3482 2017 3538 habent
2043 3483 2179 3538 hanc
2196 3490 2537 3555 potestatem.

499 3629 503 3633 ¹
596 3569 646 3618 3.
683 3567 971 3632 Praeterea,
1002 3567 1178 3623 nullus
1205 3567 1367 3624 debet
1398 3571 1877 3636 excommunicari,
1912 3577 1971 3626 ut
2012 3573 2137 3644 jura
2186 3572 2397 3638 dicunt,
2428 3573 2534 3628 nisi

528 3668 620 3726 pro
653 3654 886 3710 mortali.
919 3656 1020 3712 Sed
1045 3657 1224 3713 nullus
1246 3667 1439 3731 peccat
1471 3659 1774 3715 mortaliter
1810 3661 1911 3715 nisi
1955 3667 2145 3716 contra
2197 3667 2536 3733 praeceptum

527 3743 746 3797 faciens.
776 3745 910 3801 Cum
959 3762 1086 3816 ergo
1127 3746 1214 3800 ille
1260 3746 1354 3820 qui
1395 3754 1577 3803 cessat
1618 3747 1687 3805 ab
1723 3749 1899 3820 opero*
1926 3749 2182 3813 manuali,
2207 3752 2333 3822 juro
2361 3751 2538 3822 possit

526 3831 1000 3898 excommunicari,
1018 3838 1076 3886 ut
1095 3840 1245 3907 patet
1262 3850 1356 3906 per
1378 3834 1509 3892 illud
1528 3836 1672 3910 quod
1690 3837 1891 3892 dicitur
1906 3839 1953 3892 11
1974 3836 2042 3893 ad
2064 3836 2310 3892 Thessal.
2328 3853 2415 3908 ιιι,
2430 3838 2455 3892 4
2472 3840 2535 3893 4:

526 3915 584 3972 Si
609 3916 727 3998 quis
749 3933 855 3982 non
879 3919 1135 3987 obedierit
1161 3921 1318 3990 verbo
1341 3930 1526 3985 nostro
1548 3941 1651 4002 per
1674 3925 1969 4001 epistolam,
1994 3925 2131 3982 hunc
2158 3931 2360 3993 notate,
2385 3932 2438 3987 et
2466 3942 2538 3988 ne
