2800 4492
499 367 619 432 302
976 387 1029 432 s.
1074 383 1306 433 rnouAE
1345 382 1675 438 sommus
1715 383 2031 434 ornacum
2078 340 2083 346 ¹

502 507 703 577 potest,
734 501 880 560 sicut
914 501 1068 560 cibus
1109 503 1178 562 ad
1226 505 1399 561 vitam
1440 504 1685 578 corporis
1719 499 2318 572 conservandam3alio
2344 493 2515 558 modo

502 592 646 648 sicut
669 591 1036 649 necessarium
1064 591 1132 649 ad
1159 593 1341 662 tinem,
1363 595 1483 651 sine
1510 610 1618 667 quo
1652 593 1719 650 ad
1752 594 1913 650 finem
1942 608 2048 649 non
2078 591 2157 648 ita
2198 590 2338 665 bene
2380 606 2515 664 per-

502 679 676 738 veniri
704 687 885 756 potest
903 688 926 750 ;“
944 681 1087 739 sicut
1120 699 1296 756 equus
1329 683 1615 740 ordinatur
1642 682 1713 740 ad
1739 683 1863 750 iter,
1896 696 2005 738 non
2042 681 2173 755 quia
2204 681 2323 736 sine
2364 695 2515 752 equo

496 760 706 842 'aliquis
735 770 814 826 ire
839 787 943 826 non
968 771 1161 844 possit,
1193 771 1287 826 sed
1319 773 1449 844 quia
1482 773 1539 828 in
1562 788 1705 845 equo
1740 771 1931 828 melius
1960 771 2134 828 vadit.
2162 769 2426 826 Similiter
2452 774 2515 822 et

506 859 732 914 consilia
759 860 1080 917 ordinantur
1103 860 1173 916 ad
1201 869 1495 933 praecepta,
1523 877 1631 916 non
1658 862 1787 934 quia
1816 861 1933 918 sine
1966 859 2209 916 consiliis
2230 865 2513 931 praecepta

507 945 782 1003 observari
812 964 915 1002 non
945 949 1153 1020 possint
1177 956 1234 1003 et
1258 959 1524 1020 quantum
1560 950 1627 1006 ad
1656 949 1941 1006 interiores
1964 955 2123 1005 actus
2156 954 2212 1003 et
2240 953 2512 1019 quantum

507 1032 575 1089 ad
602 1036 898 1092 exteriores
922 1053 1078 1093 :nam
1109 1037 1401 1101 Abraham,
1431 1039 1523 1110 qui
1550 1044 1606 1093 et
1631 1038 1883 1110 conjugio
1912 1043 1968 1093 et
1990 1036 2199 1092 divitiis
2226 1035 2507 1101 utebatur,

447 1172 454 1178 .
509 1121 612 1177 fuit
635 1139 818 1181 coram
858 1125 970 1182 Deo
1003 1126 1292 1198 perfectus,
1324 1127 1624 1183 secundum
1666 1126 1798 1182 illud
1836 1127 1975 1183 Gen.
2006 1126 2197 1192 xvim
2236 1123 2511 1179 :Ambula

510 1225 689 1264 coram
716 1227 816 1277 me,
839 1217 888 1268 et
917 1200 1022 1268 esto
1037 1212 1336 1285 persectm3
1363 1214 1458 1269 sed
1484 1216 1611 1286 quia
1640 1229 1737 1286 per
1765 1212 1989 1269 consilia
2020 1199 2234 1268 facilius
2258 1219 2314 1266 et
2340 1227 2511 1283 expe-

511 1297 681 1353 ditius
705 1299 772 1354 ad
799 1300 1094 1372 perfectam
1126 1309 1522 1375 praeceptorum
1550 1301 1955 1358 observantiam
1982 1301 2316 1374 pervenitur.

507 1395 514 1400 ⁷
584 1387 664 1442 Ad
697 1397 954 1461 quartum
982 1387 1292 1458 dicendum,
1322 1391 1465 1464 quod
1493 1392 1831 1462 Augustinus
1856 1391 1910 1445 in
1935 1389 2249 1445 vorbisillis
2274 1387 2512 1444 intendit

513 1476 802 1545 excludere
841 1479 1202 1551 quorumdam
1243 1481 1469 1546 dictum,
1498 1481 1590 1552 qui
1634 1479 1931 1537 credebant
1977 1479 2349 1549 virginitatem
2389 1491 2513 1531 esse

512 1565 873 1622 necessariam
921 1567 1093 1624 solum
1139 1569 1208 1623 ad
1253 1569 1551 1624 carendum
1599 1567 1949 1624 tribulatione
1992 1565 2255 1639 corporis,
2286 1579 2413 1637 quae
2457 1563 2512 1617 in

513 1654 860 1723 matrimonio
883 1657 1206 1712 sustinetur.
1229 1656 1553 1714 Observatio
1578 1663 1762 1722 autem
1782 1663 2177 1729 praeceptorum
2194 1654 2297 1708 etsi
2326 1651 2381 1706 in
2409 1651 2513 1706 hoc

513 1742 714 1798 saeculo
739 1743 853 1813 fiat,
875 1759 978 1800 non
1010 1752 1193 1801 tamen
1221 1745 1458 1818 pertinet
1482 1744 1670 1802 adhoc
1692 1744 1974 1812 saeculum,
1990 1743 2083 1826 sed
2108 1742 2293 1800 futuro
2308 1741 2512 1798 saeculo

512 1831 813 1902 conjungit.
2196 1889 2202 1894 .

583 1921 666 1976 Ad
697 1922 948 1993 quintum
975 1923 1285 1992 dicendum,
1313 1924 1459 1997 quod
1488 1932 1758 2000 praecepta
1790 1926 2061 1998 'pertinent
2088 1930 2144 1980 et
2172 1921 2241 1979 ad
2272 1921 2512 1978 activam

515 2017 570 2067 et
583 2010 1060 2084 contemplativam
1092 2014 1287 2084 vitam;
1311 2014 1536 2071 consilia
1560 2031 1690 2072 vero
1720 2024 1845 2070 sunt
1871 2015 2232 2072 instrumenta
2258 2019 2512 2067 contem·-

516 2100 737 2174 plativae
763 2101 912 2158 vitae.
943 2103 1046 2158 Sed
1079 2101 1153 2158 ibi
1179 2106 1457 2176 praecessit
1491 2106 1695 2160 mentio
1718 2105 1788 2160 de
1822 2104 2109 2179 praeceptis
2132 2101 2511 2164 ordinantibus

516 2190 583 2248 ad
614 2191 937 2263 proximum,
961 2209 1084 2266 quae
1105 2193 1340 2265 pertinet
1369 2194 1439 2250 ad
1470 2194 1639 2250 vitam
1667 2194 1926 2250 activam.

583 2282 668 2338 Ad
693 2289 904 2338 sextum
935 2282 1244 2352 dicendum,
1270 2284 1417 2357 quod
1450 2285 1615 2339 etiam
1646 2283 1701 2338 in
1744 2284 1861 2356 ipso
1900 2283 2160 2340 exercitio
2202 2287 2515 2354 praecepto-

515 2386 634 2426 rum
658 2373 925 2444 contingit
948 2372 1177 2429 inveniri
1217 2372 1579 2430 differentiam
1607 2371 1971 2445 perfectionis.
2004 2372 2159 2430 Unde
2192 2386 2298 2426 non
2328 2375 2509 2443 potest

515 2460 623 2515 dici
668 2461 811 2533 quod
852 2477 1108 2518 numerus
1146 2463 1388 2536 quinque
1430 2462 1659 2518 millium
1701 2463 1971 2534 pertineat
2016 2460 2081 2516 ad
2128 2469 2421 2532 praecepta,
2454 2465 2510 2514 et

516 2565 772 2606 numerus
801 2555 1037 2623 quatuor
1074 2551 1304 2606 millium
1343 2550 1413 2607 ad
1443 2551 1669 2606 consilia
1701 2567 1714 2604 :
1746 2549 1841 2606 sed
1884 2549 2120 2622 primum
2160 2549 2398 2620 pertinet
2440 2547 2510 2603 ad

513 2634 888 2710 imperfectam
924 2639 1324 2695 observantiam
1354 2647 1770 2713 praeceptorum,
1801 2638 1981 2712 qualis
2025 2638 2195 2694 etiam
2230 2638 2285 2692 in
2328 2652 2513 2693 saecu-

517 2723 617 2780 lari
643 2726 755 2782 vita
781 2726 1053 2782 interdum
1083 2727 1312 2781 habetur
1332 2769 1346 2796 ‚
1373 2727 1674 2783 secundum
1697 2743 1826 2783 vero
1855 2727 2091 2799 pertinet
2116 2725 2185 2782 ad
2213 2724 2509 2797 perfectam

515 2811 918 2868 observantiam
968 2822 1382 2885 praeceptorum,
1434 2814 1502 2870 ad
1544 2831 1709 2886 quam
1744 2814 2063 2870 ordinantur
2104 2811 2351 2868 consilia.
2396 2812 2511 2866 Nec

517 2907 698 2955 tamen
727 2901 858 2972 quia
903 2902 1080 2974 primo
1125 2902 1386 2956 Dominus
1426 2903 1575 2975 pavit
1602 2902 1843 2976 quinque
1871 2901 2041 2957 millia
2079 2916 2245 2974 quam
2275 2905 2511 2973 quatuor

516 2987 692 3046 millia·
712 2995 926 3058 oportet
953 2989 1097 3062 quod
1119 2988 1318 3063 aliquis
1340 2991 1493 3062 prius
1516 3000 1835 3048 exerceatur
1862 2992 1915 3046 in
1935 2991 2048 3046 vita
2066 2989 2313 3046 saeculari
2343 3003 2512 3060 quam

519 3083 762 3134 transeat
799 3078 868 3134 ad
909 3079 1224 3150 religionem
1246 3081 1273 3147 3'
1319 3080 1451 3151 quia
1490 3079 1657 3135 etiam
1699 3079 2015 3150 religionem
2065 3079 2348 3144 intrantes,
2400 3093 2512 3130 non

517 3168 702 3222 statim
731 3166 1113 3239 perfectionem
1141 3162 1535 3240 adipiscuntur,
1570 3168 1663 3224 sed
1694 3167 1761 3222 ad
1790 3166 2177 3240 perfectionem
2209 3181 2514 3236 assequen-

515 3255 642 3310 dam
667 3271 726 3310 se
749 3257 1079 3325 exercitant;
1111 3257 1252 3312 sicut
1282 3265 1337 3312 et
1375 3258 1640 3313 intrantes
1678 3255 1892 3311 scholas
1934 3255 2141 3327 logicae,
2169 3271 2274 3311 non
2318 3253 2509 3310 statim

427 3407 430 3412 ,
513 3344 821 3400 efficiuntur
846 3345 1133 3416 logici‚sed
1161 3347 1227 3403 ad
1246 3347 1356 3404 hoc·
1369 3363 1430 3404 se
1453 3348 1784 3416 exercitant3
1804 3345 1945 3402 unde
1969 3355 2024 3402 et
2048 3345 2240 3416 religio
2256 3343 2511 3418 quaedam

511 3431 858 3505 perfectionis
885 3433 1070 3490 schola
1093 3443 1196 3491 est.

583 3523 663 3578 Ad
691 3524 981 3594 septimum
1001 3523 1470 3598 dicendum‚quod
1500 3524 1746 3598 exempla
1772 3540 1897 3599 quae
1925 3523 2216 3581 traduntur
2244 3522 2297 3577 in
2325 3520 2517 3577 Evan-

511 3612 674 3684 gelio,
705 3620 829 3669 sunt
861 3613 1108 3687 exempla
1131 3613 1349 3681 Christi,
1381 3631 1508 3687 quae
1525 3615 1794 3684 pertinent
1826 3630 1929 3670 non
1955 3613 2131 3670 solum
2156 3610 2225 3668 ad
2259 3611 2510 3677 consilia,

513 3703 606 3760 sed
633 3704 798 3759 etiarn
824 3701 891 3758 ad
925 3702 1220 3774 perfectam
1247 3703 1649 3758 observantiam
1678 3713 2077 3777 praeceptorum
2110 3718 2125 3756 ε
2154 3700 2294 3756 unde
2318 3709 2373 3767 et
2402 3699 2515 3754 ibi-

516 3789 641 3845 dvm
678 3791 862 3846 subdit
907 3788 1174 3860 exempla,
1218 3800 1280 3848 ut
1333 3791 1420 3846 hic
1451 3809 1465 3846 z
1500 3792 1699 3849 Discite
1740 3809 1773 3846 a
1802 3807 1900 3858 me,
1931 3791 2059 3863 quia
2100 3779 2248 3844 viticis
2293 3804 2433 3854 sum,
2462 3793 2519 3845 et

517 3877 728 3936 humilis
755 3879 907 3934 corde
931 3879 1133 3948 (Matth.
1164 3895 1245 3944 xl,
1270 3880 1375 3950 29).

589 3968 670 4026 Ad
699 3974 956 4026 octavum
985 3966 1295 4038 dice-udum,
1324 3969 1473 4047 quod
1496 3971 1697 4027 caritas
1724 3962 1889 4027 habet
1916 3963 2113 4026 multos
2138 3965 2519 4041 gradusznam
