2800 4492
768 381 877 425 ιιι.
909 395 988 411 -
1019 381 1441 438 Quonmenrtm
1482 383 1793 428 snm-mum
2162 368 2281 429 395

267 494 441 551 civit.
472 495 592 560 Dei,
613 494 765 568 ponit
783 495 1030 552 diversas
1047 496 1349 570 opinioneS‚
1377 498 1459 554 sic
1483 498 1671 554 dicens
1700 516 1713 553 ε
1739 498 1804 554 In-
1823 499 1993 571 poenis
2014 500 2278 557 malorum

265 592 324 642 et
350 583 783 657 inextinyuibilis
818 583 960 656 iynis
997 592 1046 641 et
1072 585 1437 642 vivacissimus
1472 587 1666 642 vermis
1710 587 1776 642 ab
1818 588 1945 644 aliis
1972 595 2127 660 atque
2154 588 2279 644 aliis

267 674 438 732 aliter
465 681 624 747 atque
651 675 815 732 aliter
836 680 910 730 est
935 673 1218 747 expositus.
1251 676 1370 732 Alii
1399 677 1591 748 quippe
1612 684 1897 750 utrumque
1925 677 1995 732 ad
2040 677 2277 734 animum

269 764 584 821 retulerunt
593 782 612 831 ‚·
631 764 736 821 olii
758 771 1046 836 utrumque
1075 764 1145 820 ad
1167 781 1379 838 corpus,
1408 766 1507 822 alii
1528 766 1601 820 ad
1626 781 1815 838 corpus
1845 767 2035 836 iynem,
2054 767 2123 822 ad
2149 767 2277 822 ani-

269 869 418 920 mum
446 853 648 924 tropice
669 869 899 908 vermem
927 869 946 908 .·
977 851 1114 924 quod
1145 869 1248 908 esse
1272 853 1577 909 credibilius
1602 854 1837 910 videtur.
1859 854 2014 910 Unde
2042 871 2280 928 sequen-

274 950 360 998 tes
406 942 793 1012 Augustinum,
837 941 1089 1007 dicimuS‚
1122 942 1269 1015 quod
1308 943 1510 998 vermis
1558 942 1647 997 ille
1698 943 1802 999 erit
1849 944 2169 1014 spiritualis,
2216 949 2279 998 ut

271 1033 393 1103 ipse
439 1043 713 1086 remorsus
753 1031 1106 1087 conscientiae
1151 1030 1378 1088 interius
1432 1031 1670 1088 animam
1725 1032 2038 1097 corrodenS,
2080 1033 2281 1088 vermis

271 1119 525 1189 dicatum
553 1127 610 1176 et
646 1118 898 1176 slmiliter
939 1118 1101 1175 fletus
1154 1119 1259 1175 erit
1305 1119 1625 1194 spiritualiS,
1661 1127 1719 1176 ut
1760 1120 1877 1192 ipse
1923 1119 2076 1175 dolor
2121 1119 2281 1176 fletus

273 1210 515 1266 dicatur.
548 1207 749 1280 Aliquo
791 1215 971 1264 tamen
1011 1208 1171 1264 modo
1217 1218 1396 1280 posset
1428 1209 1535 1263 dici
1571 1207 1871 1279 corporalis
1901 1207 2080 1276 fletus,
2114 1211 2279 1264 etiam

273 1299 392 1353 sine
437 1296 803 1370 lacrymarum
845 1297 1168 1361 emissione:
1203 1305 1261 1354 ut
1301 1296 1465 1352 fletus
1501 1296 1717 1352 dicatur
1755 1293 1861 1352 nen
1910 1296 2084 1352 solum
2126 1298 2281 1354 dolor

273 1387 494 1451 anImae,
523 1388 620 1441 sed
650 1385 938 1459 dispositio
964 1401 1070 1458 qua
1095 1401 1294 1458 corpus
1321 1386 1648 1457 disponitur,
1678 1386 1859 1441 anima
1888 1385 2124 1441 dolente.

347 1476 430 1532 Ad
459 1475 694 1546 primum
739 1489 869 1544 ergo
906 1474 1217 1540 dicendum,
1249 1474 1395 1548 quod
1450 1474 1651 1529 locutio
1689 1473 1781 1530 illa
1823 1475 2032 1546 tropica
2074 1482 2159 1529 est
2183 1493 2196 1543 ;
2224 1483 2280 1532 et

275 1566 358 1621 sic
383 1579 674 1637 possumus
698 1580 796 1638 per
819 1579 1014 1621 carnes
1037 1579 1309 1635 exponere
1336 1561 1549 1620 animas
1571 1563 1879 1634 impiorum,
1909 1563 2003 1635 qui
2032 1564 2279 1619 carnales

276 1655 519 1714 fuerunt.
1517 1665 1527 1677 ⁸

349 1743 430 1800 Ad
461 1742 760 1798 secundum
786 1733 1097 1807 dicendum,
1125 1741 1267 1814 quod
1305 1741 1469 1797 fletus
1496 1739 1794 1813 corporalis
1832 1741 1991 1797 modo
2016 1741 2280 1813 praedicto

277 1835 396 1890 sine
444 1833 810 1906 lacrymarum
857 1831 1146 1888 emissione
1175 1830 1374 1887 sufficit
1418 1831 1486 1887 ad
1525 1831 1817 1887 veritatem
1861 1831 2282 1887 resurrectionis

279 1923 684 1978 insinuandam.
713 1921 770 1978 si
801 1927 981 1977 tamen
1014 1921 1376 1976 sustineretur
1417 1919 1561 1993 quod
1592 1920 1795 1976 vermis
1822 1926 1880 1976 et
1912 1918 2074 1975 fletus
2098 1927 2281 1975 essent

279 2010 626 2083 corporales3
652 2009 835 2082 posset
881 2009 1010 2074 dici,
1042 2009 1189 2081 quod
1231 2010 1418 2065 divina
1460 2009 1665 2064 virtute
1710 2015 1764 2062 et
1794 2009 1996 2064 vermis
2037 2008 2127 2065 ille
2153 2024 2281 2065 sus·

279 2108 606 2167 tentaretur,
638 2105 693 2155 et
722 2099 1088 2174 lacrymarum
1118 2097 1424 2170 deperditio
1454 2104 1878 2154 restauraretur.

987 2321 1382 2422 QUAESTIQ
1460 2321 1574 2390 v1.

347 2482 557 2540 Deinde
598 2483 863 2557 quaeritur
908 2482 976 2538 de
1017 2481 1266 2538 sensibus
1313 2495 1487 2540 sacrae
1526 2479 1856 2553 Scripturae3
1884 2486 1940 2536 et
1988 2478 2135 2538 circa
2177 2480 2281 2537 hoc

279 2581 600 2646 quaer-untur
631 2566 769 2641 tria}
797 2574 858 2627 lo
882 2577 1064 2627 utrum
1091 2579 1290 2644 praeter
1312 2585 1506 2626 sensus
1530 2568 1795 2628 litterales
1822 2570 1877 2626 in
1907 2569 2087 2626 verbis
2110 2584 2281 2627 sacrae

279 2664 574 2735 Scripturae
599 2661 692 2718 alii
716 2677 907 2720 sensus
929 2660 1162 2730 lateant3
1197 2665 1257 2718 2⁰
1282 2660 1349 2715 de
1373 2675 1601 2716 numero
1624 2674 1883 2715 sensuum
1906 2673 2079 2716 sacrae
2105 2659 2279 2734 Scrip-

280 2759 452 2822 tus-123
481 2755 542 2808 3⁰
569 2757 751 2808 utrum
778 2749 856 2808 illi
879 2765 1073 2812 sensus
1099 2749 1447 2808 inveniantur
1476 2750 1530 2805 in
1560 2747 1682 2805 aliis
1706 2747 2016 2833 scripturis.

940 2957 1394 3020 ARTICULUS
1449 2955 1619 3017 XIV.
1696 2983 1701 2987 ²

290 3110 507 3174 Utrum
531 3109 598 3171 in
626 3107 838 3172 eisdem
861 3108 1054 3170 verbis
1079 3126 1266 3170 sacroe
1289 3106 1629 3186 Scriptum
1657 3105 1888 3169 lateant
1903 3105 2117 3186 plures
2144 3122 2283 3168 sen-

315 3203 322 3210 ’
356 3217 483 3261 sm.
516 3200 677 3280 -(1
699 3203 900 3279 part„
931 3204 1140 3280 quaest.
1169 3199 1233 3272 2,
1275 3203 1397 3261 art.
1430 3197 1492 3274 9,
1525 3196 1605 3260 ad
1628 3196 1703 3274 2;
1732 3201 1788 3264 et
1815 3202 1935 3260 art.
1969 3195 2063 3272 10,
2097 3195 2178 3258 ad
2206 3197 2277 3276 13

340 3295 415 3352 et
441 3294 651 3370 quoest.
690 3289 785 3362 10,
818 3293 940 3352 art.
977 3289 1008 3349 l
1041 3287 1234 3368 corp.)
1349 3308 1353 3313 ·

350 3441 432 3498 Ad
463 3441 698 3514 primum
744 3440 824 3495 sic
851 3437 1183 3512 proceditur.
1211 3439 1266 3496 4.
1303 3435 1532 3492 Videtur
1568 3437 1715 3510 quod
1758 3437 1812 3492 in
1850 3437 2056 3492 eisdem
2102 3435 2282 3491 verbis

279 3545 454 3586 sacrae
485 3530 784 3601 Scripturae
814 3543 920 3583 non
950 3527 1158 3582 lateant
1199 3526 1380 3599 plures
1408 3541 1619 3582 sensus.
1644 3527 1784 3597 Quia
1819 3524 2149 3581 dictionibus
2189 3538 2284 3577 se-

280 3618 384 3673 mel
437 3620 672 3691 sumptis
705 3633 812 3674 non
853 3624 936 3672 est
982 3615 1244 3671 utendum
1285 3617 1569 3687 aequivoce
1613 3616 1700 3675 vel
1751 3611 2141 3685 multipliciter.
2172 3610 2281 3666 Sed

279 3706 566 3780 pluralitas
592 3721 851 3763 sensuum
885 3705 1016 3761 facit
1049 3703 1406 3777 multiplicem
1436 3703 1784 3777 locutionem.
1810 3702 1951 3772 Erge
1993 3702 2047 3755 in
2088 3698 2282 3756 eadem

281 3796 554 3852 locutione
577 3811 750 3852 sacrae
775 3795 1073 3866 Scripturae
1101 3810 1208 3850 non
1238 3801 1463 3867 possunt
1493 3792 1673 3864 plures
1698 3804 1891 3846 sensus
1919 3789 2111 3846 latere.
2306 3783 2309 3796 ²

350 3890 404 3940 2.
438 3886 728 3946 Praeterea.
762 3899 918 3939 sacra
949 3884 1229 3956 Scriptura
1271 3882 1525 3938 ordinata
1571 3887 1655 3935 est
1696 3879 1765 3935 ad
1808 3877 2160 3946 intellectum,
2186 3893 2281 3936 se·

279 3975 526 4044 cundum
549 3971 684 4036 illud
710 3972 910 4033 psalm.
937 3975 1265 4043 cxv111,⁴30
1291 3991 1306 4032 z
1340 3969 1649 4030 Declaratio
1668 3983 1974 4029 sermonum
1996 3974 2280 4030 tuomm...
