2800 4492
582 325 700 385 482
1059 344 1110 429 ε..
1156 344 1388 391 'rueme
1428 344 1759 396 aounwrxs
1800 346 2107 391 opusc-una

586 466 696 515 tem
718 464 944 532 possunt
966 473 1298 533 congregare
1323 467 1379 517 et
1403 461 1816 536 circumponere
1844 462 2029 537 aliqua
2060 460 2277 533 agentia
2314 458 2619 517 naturalia

583 546 652 603 ad
678 546 915 623 aliquem
943 548 1194 604 effectum
1225 550 1638 623 perficiendum.
1672 552 1748 607 Ea
1782 566 1911 606 vero
1954 550 2019 607 ad
2069 566 2194 623 quae
2226 550 2371 605 nulla
2419 548 2618 605 virtus

585 634 849 693 naturalis
886 652 945 692 se
973 637 1238 705 extendit,
1271 638 1408 695 fiunt
1454 640 1569 696 sola
1616 640 1801 696 divina
1843 640 2066 706 virtute,
2097 654 2221 711 quae
2262 638 2377 695 sola
2412 644 2615 711 potest

583 724 887 782 naturalem
910 726 1156 781 ordinem
1183 727 1487 784 immutare.
1521 728 1627 785 Sed
1651 728 1780 802 quia
1820 733 2031 784 mentes
2061 736 2264 785 nostrae
2294 735 2427 801 sunt
2466 743 2613 799 pro-

585 813 910 884 portionatae
942 820 998 867 et
1033 812 1354 887 propinquae
1390 816 1469 887 vad
1511 816 1881 888 recipiendum
1926 816 2198 871 actionem
2234 814 2608 886 Angelorum,

586 900 706 956 ideo
731 901 785 956 in
811 908 1020 957 mentes
1047 892 1262 959 nostras
1293 919 1455 975 agere
1487 910 1715 976 possunt
1752 902 2061 977 dupliciter.
2087 904 2207 960 Uno
2238 903 2419 966 modo,
2458 918 2610 959 con-

585 988 835 1045 fortando
861 983 1192 1047 intellectum
1214 1001 1480 1056 nostrum,
1506 992 1649 1049 sicut
1676 993 1730 1048 in
1746 992 2117 1065 corporalibus
2144 992 2322 1047 minus
2351 991 2603 1046 calidum

585 1079 923 1136 confortatur
965 1097 1060 1151 per
1105 1080 1280 1152 magis
1314 1081 1574 1141 calidum.
1617 1081 1739 1137 Alio
1780 1082 1942 1137 modo
1986 1098 2079 1154 per
2122 1098 2289 1153 agens
2342 1082 2602 1137 naturale

589 1167 759 1239 ipsius
781 1168 1108 1238 intellectus,
1131 1170 1272 1226 sicut
1297 1171 1467 1226 etiam
1495 1171 1607 1243 agit
1632 1171 1687 1225 in
1709 1186 1968 1241 corpora;
2001 1177 2057 1243 et
2084 1170 2188 1226 hoc
2214 1178 2297 1225 est
2328 1170 2380 1224 in
2412 1186 2599 1242 quan-

591 1262 704 1310 tum
743 1255 944 1333 lumine
981 1258 1226 1329 angelico
1265 1256 1608 1314 illustrantur
1649 1258 2035 1330 phantasmata
2078 1259 2145 1314 ad
2186 1260 2403 1331 aliquas
2435 1259 2597 1313 nobi-

589 1344 749 1400 liores
771 1348 1155 1419 conceptiones
1178 1346 1567 1420 imprimendas
1593 1363 1758 1419 quam
1789 1346 1992 1403 lumine
2032 1346 2346 1403 intellectus
2376 1347 2591 1418 agentis

588 1432 817 1505 exprimi
843 1444 1084 1507 possent.

659 1522 742 1577 Ad
771 1524 1006 1595 primum
1035 1539 1164 1595 ergo
1191 1525 1501 1591 dicendum,
1526 1524 1672 1597 quod
1701 1524 1893 1595 Angeli
1921 1522 2123 1579 habent
2153 1523 2591 1579 convenientiam

589 1626 712 1665 cum
737 1610 858 1667 istis
887 1612 1231 1668 inferioribus
1259 1614 1596 1686 corporibus,
1630 1628 1755 1687 quae
1784 1619 1869 1669 est
1897 1612 2278 1669 convenientia
2325 1612 2593 1666 moventis

590 1699 657 1755 ad
684 1708 890 1756 motum
923 1718 936 1754 :
968 1712 1194 1773 possunt
1222 1702 1366 1757 enim
1394 1717 1611 1757 movere
1638 1706 1787 1756 motu
1816 1699 1975 1757 locali
2000 1714 2247 1772 corpora,
2281 1714 2390 1753 non
2423 1698 2593 1754 solum

591 1787 682 1842 illa
707 1787 950 1843 coelestia
976 1788 1309 1856 immediate,
1342 1779 1437 1846 sed
1464 1790 1629 1845 etiam
1654 1788 1773 1845 haec
1800 1786 2090 1855 inferiora3
2123 1794 2186 1841 ut
2210 1787 2293 1843 sio
2322 1788 2593 1843 sententia

592 1882 776 1930 nostra
817 1876 884 1929 de
932 1878 1145 1931 actione
1193 1878 1519 1947 Angelorum
1564 1880 1615 1933 in
1658 1892 1907 1950 corpora,
1936 1876 2009 1967 sit
2052 1876 2231 1932 media
2278 1876 2429 1931 inter
2464 1877 2593 1932 duas

592 1963 872 2035 opiniones
902 1964 1343 2037 pbilosophorum
1374 1966 1684 2037 praedictas.

661 2052 745 2108 Ad
787 2052 1084 2109 secundum
1127 2053 1436 2121 dicendum,
1470 2054 1616 2127 quod
1664 2054 1903 2129 Angelus
1945 2055 2058 2126 agit
2108 2054 2163 2109 in
2210 2053 2331 2109 baec
2369 2068 2593 2126 corpora

593 2142 859 2198 movendo
887 2158 953 2197 ea
977 2141 1220 2197 localiter
1248 2158 1344 2215 per
1369 2142 1801 2213 imperium;sed
1827 2143 2112 2215 imperium
2144 2158 2251 2199 non
2275 2141 2487 2197 dicitur
2518 2142 2593 2195 nic

593 2231 709 2285 sine
733 2231 935 2285 virtute
962 2231 1160 2298 activa,
1194 2247 1357 2303 quam
1395 2238 1611 2303 oportet
1650 2232 1833 2304 aliquo
1864 2230 2025 2287 modo
2052 2231 2375 2301 contingere
2398 2244 2591 2301 corpus

595 2325 834 2387 motum;
865 2335 991 2376 cum
1017 2335 1239 2377 movens
1268 2327 1322 2375 et
1353 2327 1558 2377 motum
1588 2327 1849 2394 oporteat·
1868 2336 1988 2376 esse
2018 2319 2196 2385 simul,
2230 2324 2291 2373 ut
2333 2319 2589 2392 probatur

592 2410 650 2465 in
678 2426 760 2465 vn
801 2408 1020 2483 Physic.
1065 2416 1222 2479 (text.
1251 2425 1392 2465 com.
1419 2409 1493 2479 7).
1521 2411 1678 2465 Actio
1722 2425 1851 2465 vero
1896 2426 2004 2481 qua
2049 2407 2273 2463 influere
2310 2407 2517 2471 dicitur
2544 2409 2591 2461 in

595 2486 831 2554 animam
863 2506 1124 2567 nostram,
1155 2497 1515 2554 confortando
1539 2514 1659 2553 eam
1682 2497 1750 2554 ad
1776 2496 2205 2568 intelligendum,
2242 2512 2351 2551 non
2382 2502 2593 2567 oportet

593 2587 737 2658 quod
774 2593 1016 2643 transeat
1047 2603 1141 2658 per
1167 2586 1406 2641 medium
1431 2585 1740 2657 corporale;
1770 2586 1897 2659 quia
1944 2586 2044 2640 hoc
2080 2584 2213 2640 facit
2247 2585 2301 2639 in
2332 2585 2593 2657 spiritua·-

593 2674 734 2729 libus
770 2675 903 2731 ordo
951 2676 1094 2748 quod
1143 2675 1199 2730 in
1245 2675 1617 2747 corporalibus
1661 2676 1819 2741 situs,
1859 2674 2157 2729 secundum
2207 2664 2588 2745 Augustinum.

593 2764 803 2820 Animae
825 2779 955 2820 vero
987 2772 1186 2821 nostrae
1215 2765 1404 2821 ordine
1434 2771 1644 2821 naturae
1672 2764 1827 2838 quasi
1870 2758 2259 2835 contignantur
2304 2764 2443 2834 ipsis
2484 2767 2589 2818 An·

551 2842 554 2845 ⁴
591 2850 746 2922 gelis,
777 2852 920 2906 sicut
966 2852 1206 2922 Angelus
1247 2852 1470 2910 inferior
1509 2853 1821 2926 superiori.
1854 2853 1996 2908 unde
2039 2868 2167 2908 non
2183 2858 2407 2923 oportet
2452 2850 2585 2925 quod

590 2937 920 2995 interveniat
949 2937 1186 2994 medium
1215 2940 1515 3011 corporale.

661 3027 744 3085 Ad
771 3028 992 3084 tertium
1022 3028 1332 3093 dicendum,
1361 3028 1507 3101 quod
1550 3030 1738 3101 Angeli
1779 3046 1954 3103 neque
1998 3032 2055 3109 in
2101 3030 2283 3086 anima
2334 3047 2510 3103 neque
2538 3031 2585 3085 in

593 3125 785 3175 natura
813 3117 1082 3191 corporali
1113 3116 1317 3190 aliquid
1348 3124 1554 3185 creant,
1583 3120 1677 3175 sed
1702 3119 1876 3174 solum
1902 3120 2140 3175 educunt
2167 3120 2237 3175 de
2261 3120 2507 3192 potentia
2536 3120 2585 3174 in

591 3215 806 3262 actum:
839 3214 894 3261 et
918 3206 1170 3279 quamvis
1199 3205 1446 3263 naturale
1470 3223 1637 3277 agens
1663 3207 1730 3263 de
1767 3208 2009 3280 potentia
2052 3208 2105 3263 in
2144 3209 2585 3273 actumeducere

591 3295 779 3366 possit,
815 3310 919 3349 non
951 3301 1134 3351 tamen
1160 3295 1238 3351 ita
1266 3294 1507 3368 perfecte
1536 3298 1677 3351 sicut
1700 3296 1960 3367 Angelus,

1335 3492 1733 3572 QUAESTIO
1779 3494 1862 3561 V.

607 3648 614 3653 ’
655 3648 864 3707 Deinde
903 3650 1167 3725 quaeritur
1213 3652 1282 3707 de
1327 3650 1413 3707 his
1456 3668 1581 3725 quoe
1622 3654 1894 3726 pertinent
1932 3652 2000 3709 ad
2024 3651 2292 3709 homines.
2322 3652 2391 3707 Et
2418 3650 2585 3723 primo

587 3749 872 3815 quantum
899 3742 965 3797 ad
1015 3750 1288 3799 naturam.
1347 3742 1598 3799 Secundo
1648 3750 1912 3816 quantum
1966 3743 2036 3798 ad
2086 3742 2344 3814 gratiam.
2404 3742 2587 3797 Tertio

587 3838 850 3900 quantum
895 3830 961 3887 ad
1006 3832 1241 3905 culpam.
1289 3831 1437 3901 Quat
1444 3836 1499 3886 to
1524 3842 1792 3911 quantum
1827 3830 1895 3887 ad
1924 3830 2174 3902 gloriam.
2206 3830 2487 3901 Quantum
2521 3830 2587 3884 ad

585 3922 838 3975 naturam
888 3925 1206 3991 quaeruntur
1262 3904 1440 3975 duo·
1492 3920 1553 3973 lo
1608 3926 1793 3977 utrum
1846 3919 2166 3991 vegetabilis
2216 3930 2271 3976 et
2318 3917 2591 3975 sensibilis
