2800 4492
686 365 799 413 'x1.
829 383 911 399 -
934 368 1004 413 m
1044 370 1312 443 now-mm
1351 370 1431 413 nn
1472 370 1799 415 mmmmm
2181 354 2259 415 63

251 478 620 547 municabilia‚
661 478 1097 547 velcommunia
1137 487 1192 535 et
1221 480 1593 537 universalia:
1641 482 1736 537 sed
1775 480 1909 537 nihil
1950 481 2258 554 hujusmodi

250 574 432 641 potest
458 569 613 625 alteri
644 583 764 625 esse
799 584 966 625 causa
1004 568 1471 635 individuationiS,
1509 570 1599 625 vel·
1626 570 1972 642 principium,
2006 588 2135 643 ergo
2165 588 2261 627 ac·

250 656 488 712 cidentia
517 672 624 712 non
662 664 888 729 possunt
919 672 1036 713 esse
1070 658 1523 715 individuationis
1546 659 1872 731 principium
1903 677 1915 714 :
1950 660 2047 716 sed
2076 660 2261 733 aliqua

249 752 376 801 sunt
404 748 704 802 secundum
735 762 1019 803 numerum
1047 747 1284 813 diversa,
1317 748 1373 802 in
1416 756 1681 820 quantum
1724 749 1779 802 in
1804 764 1907 803 sua
1946 748 2260 804 individua-

250 836 398 892 tione
443 834 789 903 dividuntur-3
829 852 959 907 ergo
987 835 1294 893 accidentia
1320 851 1429 892 non
1458 845 1685 910 possunt
1714 852 1831 893 esse
1861 852 2029 895 causa
2072 838 2259 894 diver-

248 923 428 980 sitatis
451 925 751 979 secundum
781 940 1088 981 numerum.

318 1015 371 1068 4.
401 1014 558 1078 Item,
585 1013 729 1069 sicut
755 1028 820 1069 ea
849 1029 976 1086 quae
1000 1014 1054 1068 in
1075 1028 1289 1085 genere,
1320 1013 1409 1071 vel
1438 1014 1640 1087 specie,
1669 1014 1929 1071 differunt
1957 1015 2257 1071 secundum

248 1102 631 1168 substantiam,
680 1109 735 1157 et
776 1118 884 1158 non
925 1102 1101 1158 solum
1142 1104 1440 1159 secundum
1471 1104 1743 1177 accidens,
1794 1103 1872 1159 ita
1916 1083 1975 1159 et
2022 1120 2087 1160 ea
2134 1119 2259 1176 quae

248 1192 506 1247 differunt
541 1192 839 1247 secundum
885 1207 1170 1248 numerum
1201 1210 1214 1246 z
1259 1191 1355 1248 sed
1385 1192 1569 1264 aliqua
1612 1192 1869 1248 dicuntur
1899 1193 2115 1249 diversa
2158 1209 2259 1264 ge-

248 1278 396 1346 nere,
446 1278 531 1335 vel
559 1280 741 1353 specie
782 1296 878 1346 per
923 1280 980 1335 id
1018 1281 1164 1353 quod
1202 1288 1285 1337 est
1331 1282 1388 1336 in
1422 1298 1617 1352 genere
1646 1281 1971 1339 substantiae
2011 1297 2117 1356 non
2161 1299 2258 1354 per

248 1364 585 1438 accidentia'3
633 1384 762 1440 ergo
807 1370 1059 1424 similiter
1100 1370 1357 1425 dicuntur
1399 1371 1616 1426 diversa
1660 1386 1905 1437 numer0,
1959 1370 2257 1427 secundum

246 1454 381 1512 illud
401 1454 547 1527 quod
572 1462 655 1511 est
687 1456 742 1509 in
767 1471 966 1527 genere
997 1449 1340 1526 substantiae,
1369 1463 1424 1513 et
1455 1472 1559 1512 non
1587 1456 1887 1512 secundum
1926 1456 2254 1512 accidentia.

316 1546 370 1599 5.
402 1545 555 1611 Item,
587 1552 796 1601 remota
829 1560 995 1601 causa
1025 1552 1336 1603 removetur
1371 1546 1599 1607 effectus
1629 1560 1643 1598 t
1684 1544 1781 1608 sed
1810 1560 1969 1601 omne
2002 1545 2257 1601 accidens

246 1633 514 1704 contingit
551 1647 584 1688 a
627 1632 872 1704 subjecto
901 1634 1170 1690 removeri
1203 1634 1287 1690 vel
1315 1640 1460 1701 actu,
1493 1633 1579 1689 vel
1616 1634 1970 1705 cogitatione.
2002 1634 2056 1689 Si
2086 1634 2257 1705 igitur

247 1722 499 1779 accidens
553 1728 697 1777 esset
741 1722 1067 1795 principium
1129 1723 1457 1796 pluralitatis
1515 1724 1815 1780 secundum
1862 1738 2148 1778 numerum
2200 1728 2256 1777 et

244 1812 639 1877 diversitatem,
671 1812 1012 1882 contingeret
1041 1812 1230 1867 eadem
1261 1828 1379 1868 esse
1406 1812 1733 1885 quandoque
1762 1828 1925 1868 unum
1954 1811 2253 1868 secundum

244 1913 550 1965 numerum,
583 1899 912 1971 quandoque
939 1890 1332 1967 diversa²actu‚
1364 1900 1449 1956 vel
1481 1901 1832 1972 cogitatione.

314 1995 368 2044 6.
399 1988 556 2054 Item,
589 1988 863 2059 posterius
883 2004 1160 2061 nunquam
1187 1995 1272 2044 est
1300 2004 1467 2045 causa
1499 1990 1697 2061 prioris
1728 2006 1741 2044 τ
1775 1990 1871 2045 sed
1901 1990 2045 2046 inter
2071 1990 2253 2047 omnia

242 2076 549 2135 accidentia
587 2075 822 2147 primum
852 2076 1030 2132 locum
1073 2081 1221 2133 tenet
1263 2078 1565 2150 quantitaS,
1604 2085 1665 2133 ut
1706 2079 1859 2134 Boet.
1891 2079 2028 2134 dicit
2055 2078 2109 2133 in
2155 2077 2253 2133 lib.

240 2166 561 2223 Praedicam.
607 2166 754 2220 Inter
786 2166 1125 2237 quantitates
1163 2172 1346 2221 autem
1377 2182 1634 2222 numerus
1675 2167 1831 2239 prior
1862 2176 1965 2233 est,
2012 2183 2135 2223 cum
2179 2167 2252 2223 sit

239 2252 540 2325 simplicior
577 2254 836 2322 et'magis
863 2252 1201 2322 abstractu53
1229 2270 1359 2325 ergo
1387 2254 1723 2325 impossibile
1754 2262 1838 2310 est
1868 2255 2013 2327 quod
2044 2254 2251 2327 aliquid

239 2341 496 2399 accidens
519 2341 592 2397 sit
620 2341 947 2414 principium
975 2341 1306 2415 pluralitatis
1329 2342 1631 2413 secundum
1657 2359 1965 2399 numerum.

309 2430 416 2489 Sed
445 2435 634 2486 contra
677 2435 781 2495 est,
823 2430 970 2503 quod
997 2429 1133 2487 dicit
1160 2431 1511 2503 PorphyriuS‚
1552 2431 1699 2503 quod
1737 2432 2079 2487 individuum
2119 2432 2253 2489 facit

238 2518 491 2576 collectio
532 2516 916 2585 accidentium,
949 2535 1076 2591 quae
1114 2520 1171 2574 in
1211 2520 1319 2574 alio
1343 2519 1569 2590 reperiri
1600 2536 1707 2574 non
1744 2528 1971 2589 possunt
2017 2538 2029 2574 ε
2062 2520 2157 2575 sed
2196 2521 2250 2576 id

238 2607 386 2682 quod
424 2612 510 2662 est
551 2606 876 2679 principium
913 2606 1381 2673 individuationiS,
1426 2613 1510 2663 est
1552 2607 1881 2680 principium
1922 2608 2253 2680 pluralitatis

235 2695 541 2753 secundum
574 2710 888 2765 numerum;
917 2711 1045 2767 ergo
1076 2696 1383 2752 accidentia
1408 2704 1536 2752 sunt
1566 2696 1893 2769 principium
1923 2696 2253 2769 pluralitatis

233 2784 540 2842 secundum
565 2799 871 2839 numerum.
1914 2772 1921 2780 ’

305 2874 466 2940 Item,
495 2875 550 2928 in
581 2872 866 2929 individuo
895 2888 1001 2929 non
1030 2872 1382 2929 inveniuntur
1419 2872 1524 2929 nisi
1558 2874 1811 2939 materia,
1842 2873 2035 2939 forma,
2069 2882 2123 2931 et
2152 2889 2251 2930 ac-

234 2962 477 3018 cidentia
511 2979 523 3016 :
555 2962 651 3017 sed
689 2962 981 3029 diversitas
1009 2961 1198 3019 formae
1225 2978 1332 3017 non
1371 2962 1503 3018 facit
1534 2958 1911 3019 diversitatem
1950 2964 2251 3019 secundum

231 3066 546 3117 numerum,
585 3049 682 3106 sed
715 3050 1012 3107 secundum
1057 3051 1314 3126 speciem,
1353 3056 1421 3106 'ut
1465 3052 1664 3107 dicitur
1715 3067 1755 3107 x
1800 3051 2104 3123 Metaphys.
2151 3052 2251 3105 Di-

233 3140 558 3198 versitatem
599 3154 731 3195 vero
757 3139 1056 3195 secundum
1098 3155 1270 3211 genas
1315 3139 1451 3196 facit
1477 3139 1769 3195 diversitas
1798 3139 2062 3195 materiae.
2104 3138 2250 3195 Dicit

231 3227 383 3283 enim
421 3227 730 3300 Philosoph.
757 3218 1157 3301 x'Meta'phys,
1197 3228 1344 3301 quod
1385 3230 1441 3283 in
1478 3244 1677 3299 genere
1708 3228 1983 3294 differunt,
2018 3224 2251 3301 quoru'm

231 3332 345 3371 non
369 3324 454 3372 est
481 3318 710 3373 materia
734 3308 1057 3386 communis}
1085 3323 1189 3373 nec‘
1209 3306 1489 3387 generatio
1514 3316 1584 3373 ad
1608 3316 1871 3385 invicem3
1902 3332 2031 3389 ergo
2061 3318 2249 3373 diver·
2320 3387 2329 3395 Ι

229 3406 459 3462 sitatem
495 3406 795 3462 secundum
824 3420 1108 3461 numerum
1138 3420 1244 3461 non
1281 3409 1462 3477 potest
1488 3404 1669 3462 facere
1694 3405 1799 3461 nisi
1826 3406 2119 3463 divers-itas
2158 3424 2253 3463 se-

229 3494 478 3550 cundum
507 3494 833 3552 accidentia.
1850 3536 1853 3541 .

303 3582 466 3648 Item,
505 3582 563 3637 id
604 3583 750 3656 quod
781 3582 1054 3640 invenitur
1081 3598 1368 3639 commune
1408 3582 1468 3638 in
1499 3583 1745 3656 pluribus
1781 3584 1963 3657 specie
1992 3585 2248 3641 differen-

228 3670 403 3737 tibuS,
426 3685 536 3726 non
562 3677 644 3727 est
673 3686 840 3728 causa
867 3671 1206 3728 diversitatis
1235 3672 1533 3727 secundum
1564 3688 1867 3739 numerum,
1898 3674 2029 3745 quia
2052 3673 2248 3727 divisio

225 3759 452 3831 generis
489 3760 545 3813 in
575 3760 784 3831 species
815 3760 1075 3833 praecedit
1111 3760 1436 3816 divisionem
1462 3761 1747 3834 speciei-in
1776 3761 2058 3817 individua
2096 3777 2110 3811 τ
2152 3760 2249 3816 sed

226 3846 471 3903 materia
505 3846 779 3903 invenitur
807 3848 1110 3905 communis
1145 3848 1202 3903 in
1240 3848 1471 3904 diversis
1503 3850 1801 3905 secundum
1830 3848 2084 3919 speciem,
2118 3848 2249 3920 quia

225 3936 693 4006 eademmateria
725 3938 1016 3997 contrariis
1043 3937 1232 3995 formis
1257 3937 1541 4009 subditum
1575 3938 1711 3995 alias
1743 3935 2000 3994 habentia
2022 3944 2248 3995 contra-
