2800 4492
741 303 832 350 xr.
863 321 944 334 —-
970 304 1036 348 m
1076 302 1346 351 nonnum
1387 306 1466 350 ns.
1509 306 1839 354 mmm-ram
2214 294 2297 358 57

347 419 436 477 Ad
469 419 701 478 tertium
741 420 1052 488 dicendum,
1085 422 1230 495 quod
1257 423 1559 479 secundum
1600 426 1739 496 Aug.
1775 441 1845 482 nr
1891 426 1961 482 de
2000 427 2198 497 Trini.‚
2230 445 2297 486 ex

273 507 384 566 hoc
423 509 595 566 Filius
629 516 770 578 orat,
798 527 908 584 quo
950 511 1129 567 minor
1167 515 1250 567 est
1276 513 1440 568 Patre
1472 529 1485 566 ε
1519 529 1586 568 ex
1614 529 1723 585 quo
1761 530 1891 570 vero
1934 517 2165 589 aequalis
2212 525 2297 575 est

277 599 447 667 Patri,
467 600 698 658 exaudit
717 615 842 656 cum
858 602 1039 657 Patre.
1060 601 1166 657 Sed
1191 601 1428 674 Spiritus
1452 608 1675 659 sanctus
1692 603 2041 677 interpellare
2066 605 2313 675 dicitur‚‘

279 689 338 743 in
361 695 631 762 quantum
655 705 754 746 nos
781 689 1193 763 interpellantes
1217 689 1367 758 facit,
1395 695 1452 748 et
1484 691 1688 748 nostris
1728 693 2069 753 orationibus
2107 696 2295 754 effica-

283 777 424 834 ciam
451 783 705 850 praestat.

351 867 435 923 Ad
473 875 736 941 quartum
777 865 1090 936 dicendum,
1141 869 1288 941 quod
1333 869 1635 926 secundum
1669 873 1848 942 Augu.
1881 888 1943 929 vr
1978 872 2048 929 de
2090 873 2287 946 Trini.,

279 955 430 1012 solus
455 972 600 1013 unus
645 973 808 1013 verus
848 958 993 1013 Deus
1035 973 1143 1013 non
1183 965 1268 1014 est
1310 963 1523 1015 tantum
1556 959 1626 1015 de
1662 961 1823 1016 Patre
1853 959 2287 1034 intelligendum,

279 1044 376 1100 sed
401 1045 566 1102 simul
592 1045 661 1100 de
688 1047 850 1102 Patre
883 1054 939 1102 et
963 1047 1096 1102 Filio
1141 1054 1194 1105 et
1224 1047 1430 1118 Spiritu
1460 1049 1681 1118 Sanct0,
1709 1048 1805 1121 qui
1846 1048 2103 1107 dicuntur
2145 1054 2295 1110 solus

279 1149 420 1188 unus
457 1149 626 1190 verus
661 1133 826 1200 Deua,
857 1134 988 1206 quia
1028 1133 1162 1190 nihil
1197 1140 1398 1207 praeter
1431 1135 1757 1192 Trinitatem
1800 1135 1949 1193 illam
1998 1145 2081 1195 est
2134 1157 2294 1200 verus

279 1223 444 1278 Deus.
481 1222 640 1278 Unde
669 1223 751 1278 sic
783 1228 868 1278 est
895 1221 1310 1294 intelligendum
1337 1241 1350 1278 :
1377 1243 1403 1277 α
1434 1224 1507 1280 Ut
1548 1221 1880 1296 cognoscant
1908 1232 1959 1281 te
1989 1228 2227 1298 Patrem,
2266 1251 2291 1284 ³>

283 1331 310 1364 (ι
330 1319 386 1369 et
409 1327 580 1384 quem
599 1311 799 1368 misisti
826 1309 1032 1379 Iesum,
1055 1331 1082 1364 n
1105 1327 1226 1368 esse
1246 1329 1414 1368 unum
1442 1313 1617 1370 solum
1636 1330 1825 1370 verum
1854 1317 2049 1384 Deum,
2072 1325 2128 1374 et
2146 1326 2292 1377 tacet

282 1402 349 1458 de
373 1401 584 1474 Spiritu
613 1408 843 1458 sancto.
873 1403 1022 1474 quia,
1049 1417 1176 1458 cum
1204 1402 1277 1458 sit
1305 1417 1479 1458 nexus
1507 1403 1811 1472 amborum,
1835 1421 1903 1460 ex
1932 1411 2166 1479 utroque
2200 1410 2292 1465 in·-

282 1491 569 1564 telligitur.
2288 1511 2296 1518 ·

348 1581 433 1636 Ad
472 1580 732 1653 quintum
764 1576 1074 1646 dicendum,
1108 1578 1253 1652 quod
1291 1579 1593 1635 secundum
1639 1583 1778 1652 Aug.
1830 1597 1851 1638 1
1896 1580 1963 1637 de
2000 1583 2288 1656 Trinitate,

281 1671 508 1726 verbum
537 1667 675 1724 illud
705 1683 810 1723 non
834 1674 919 1724 est
943 1668 1354 1740 intelligendum
1383 1668 1451 1724 de
1479 1667 1594 1724 sola
1624 1685 1857 1741 persona
1882 1671 2081 1740 Patris,
2103 1676 2197 1731 sed
2226 1677 2293 1734 de

284 1765 393 1815 tota
419 1757 715 1814 Trinitate.
745 1756 884 1814 Tota
908 1758 1053 1812 enirn
1075 1755 1318 1813 Trinitas
1340 1762 1423 1812 est
1454 1756 1616 1813 beata
1640 1763 1695 1813 et
1720 1764 1933 1829 potens,
1967 1765 2083 1818 tota
2127 1766 2293 1823 etiam

281 1847 523 1903 Trinitas
549 1847 749 1902 Filium
782 1845 1041 1902 ostendit.
1068 1845 1124 1903 Si
1152 1851 1334 1902 tamen
1363 1845 1624 1902 dixissetz
1653 1846 1824 1916 Quem
1852 1850 2105 1906 ostendet
2130 1854 2293 1910 Pater

281 1935 476 1993 beatus
491 1941 548 1992 et
573 1935 723 1992 solus
742 1942 956 2007 potenS,
972 1940 1198 1990 etc.non
1221 1940 1445 2008 propter
1459 1935 1561 1992 hoc
1575 1943 1926 2008 separaretur
1943 1938 2131 2009 Filius,
2146 1943 2291 2000 sicut

281 2039 380 2081 nec
403 2027 570 2082 Pater
614 2030 920 2097 separatur,
952 2039 1078 2080 cum
1119 2023 1322 2080 dicitur
1361 2023 1571 2080 Eccles.
1599 2039 1764 2093 xxiv,
1798 2041 1865 2081 ex
1908 2044 2138 2100 persona
2167 2031 2290 2087 Filii

281 2116 373 2188 qui
399 2121 486 2170 est
510 2115 611 2170 Dei
642 2113 909 2187 sapientia
939 2128 954 2167 t
989 2113 1189 2185 Gyrum
1213 2111 1328 2168 caeli
1352 2111 1577 2168 circuivi
1603 2113 1715 2169 sola
1740 2129 1761 2170 .·
1785 2120 1841 2170 et
1877 2114 1981 2172 hoc
2008 2117 2131 2174 ideo
2162 2121 2293 2190 quia

282 2209 335 2264 in
377 2205 468 2262 his
499 2220 628 2278 quae
667 2203 750 2258 ad·
781 2201 1074 2258 essentiam
1100 2201 1392 2274 pertinent,
1427 2202 1589 2258 Pater
1618 2208 1672 2257 et
1696 2201 1867 2259 Filius
1903 2211 2030 2260 sunt
2073 2209 2294 2265 omnino

283 2313 470 2363 unum,
501 2301 556 2350 et
583 2292 704 2348 ideo
733 2290 877 2362 quod
905 2290 972 2346 de
998 2306 1104 2347 uno
1129 2289 1332 2346 dicitur
1350 2305 1447 2363 per
1472 2289 1769 2347 dictionem
1798 2292 2153 2364 exclusivam,
2188 2313 2292 2354 non

284 2391 601 2443 removetur
624 2381 694 2436 ab
721 2379 847 2444 alio,
879 2379 976 2436 sed
1005 2378 1178 2434 solum
1221 2396 1252 2436 a
1277 2379 1565 2434 creaturis,

347 2475 433 2530 Ad
465 2479 686 2528 sextum
705 2467 1016 2534 dicendum,
1037 2467 1182 2540 quod
1207 2464 1376 2521 Filius
1403 2481 1512 2520 non
1533 2464 1710 2521 solum
1726 2467 2023 2525 secundum
2049 2471 2289 2532 divinam

284 2572 538 2620 naturam
563 2558 669 2615 scit
695 2557 842 2612 diem
879 2564 936 2632 et
966 2556 1155 2612 horam
1196 2554 1365 2622 illam,
1394 2554 1491 2610 sed
1540 2554 1707 2611 etiam
1748 2557 2067 2614 secundum·
2094 2562 2289 2622 huma-

286 2668 424 2718 nam,
461 2648 596 2724 quia
625 2646 808 2703 anima
837 2646 954 2718 ejus
983 2645 1089 2700 scit
1118 2643 1324 2700 omnia.
1350 2641 1563 2700 Dicitur
1593 2651 1776 2700 autem
1805 2645 1930 2702 ideo
1954 2647 2099 2707 diem
2140 2651 2289 2711 illam

286 2740 516 2806 nescire,
553 2741 614 2792 ut
644 2733 779 2791 dicit
805 2737 948 2805 Aug.
976 2749 997 2790 1
1036 2732 1104 2788 de
1131 2733 1304 2789 Trini.
1336 2733 1467 2806 quia
1510 2749 1617 2788 non
1642 2733 1773 2790 facit
1797 2751 1897 2792 nos
1939 2738 2080 2795 scire
2120 2758 2287 2801 eam.

287 2828 424 2900 unde
455 2826 526 2883 de
551 2824 656 2882 hoc
680 2821 1054 2897 quaerentibus
1079 2820 1267 2876 dixit.
1297 2819 1423 2879 Non
1465 2828 1543 2879 est
1576 2827 1812 2878 vestrum
1848 2839 1995 2882 nosse
2032 2834 2288 2901 tempora,

287 2923 336 2974 et
363 2922 494 2990 caet.
541 2917 668 2970 Act.
711 2928 752 2980 1,
783 2927 879 2984 per
928 2925 1092 2983 quem
1139 2909 1360 2968 modum
1406 2909 1542 2966 dicit
1588 2911 1833 2983 Apostol.
1862 2913 1885 2967 Ι
1926 2915 2171 2974 Corinth.
2203 2936 2290 2978 ιιι

287 3005 406 3066 Non
425 2999 679 3077 judicavi
717 3015 799 3057 me
821 2999 960 3056 scir-e
987 2997 1192 3070 alequid
1220 2997 1364 3052 inter
1386 3013 1495 3063 vos,
1524 3002 1631 3054 etc.
1659 2998 1797 3068 Quia
1826 3000 2034 3058 scilicet
2072 3006 2185 3062 alta
2214 3009 2293 3066 eis

290 3094 467 3150 dicere
492 3080 766 3156 noluerat,
799 3087 928 3160 quia
955 3102 1186 3159 capaces
1229 3102 1337 3142 non
1375 3092 1532 3142 erant
1561 3105 1573 3139 :
1605 3086 1693 3142 vel
1734 3085 1838 3143 hoc
1882 3089 2292 3164 intelligendum

291 3189 366 3239 est
390 3182 460 3237 de
485 3179 600 3236 filio
643 3179 696 3233 in
723 3192 954 3250 persona
981 3176 1200 3248 capitia,
1229 3175 1324 3231 sed
1371 3175 1427 3230 in
1465 3189 1697 3247 persona
1742 3177 2129 3251 membrorum,
2164 3187 2294 3257 quia

290 3269 532 3327 Ecclesia
556 3267 750 3335 nescit,
769 3273 830 3322 ut
857 3265 1006 3320 Hier.
1029 3263 1184 3319 dicit.
1201 3263 1262 3318 ln
1286 3263 1391 3318 hoc
1420 3269 1605 3319 autem
1631 3263 1781 3336 quod
1804 3266 1964 3322 Pater
1978 3271 2127 3327 solus
2150 3273 2295 3330 dici-

291 3365 376 3414 tur
401 3359 568 3426 scire,
598 3355 908 3414 ostenditur
936 3351 1106 3410 etiam
1141 3351 1312 3408 Filius
1348 3352 1491 3408 scire
1518 3351 1820 3409 secundum
1852 3359 2174 3428 praedictam
2202 3379 2295 3421 re-

291 3447 490 3519 gulam.

357 3537 440 3592 Ad
478 3533 776 3608 septimum
819 3530 1131 3598 dicendum,
1163 3528 1311 3602 quod
1341 3527 1487 3586 sicut
1528 3528 1667 3586 dicit
1694 3533 1835 3606 Aug.
1869 3551 1890 3592 1
1920 3536 1989 3594 de
2020 3505 2172 3596 Trin.
2220 3541 2299 3598 sic

295 3624 670 3698 exponendum
695 3627 778 3678 est
801 3619 1028 3678 verbum
1065 3617 1240 3674 illud:
1266 3616 1390 3678 Νυη
1436 3623 1513 3676 est
1552 3635 1727 3677 meum
1756 3623 1887 3680 dare
1925 3626 2086 3692 vobis,
2114 3627 2167 3683 id
2194 3635 2295 3697 est,

295 3730 395 3770 non
419 3719 504 3770 est
529 3711 784 3767 humanae
808 3707 1098 3782 potestatis
1121 3705 1224 3763 hoc
1249 3705 1400 3776 dare,
1432 3715 1493 3762 ut
1524 3725 1619 3780 per
1658 3709 1762 3768 hoc
1790 3712 2129 3784 intelligatur
2165 3715 2301 3774 illud

295 3801 440 3870 dare,
472 3815 570 3873 per
595 3797 744 3871 quod
771 3805 854 3854 est
878 3798 1026 3853 Deus
1047 3800 1105 3851 et
1131 3793 1362 3868 aequalis
1393 3794 1559 3851 Patri.

359 3891 448 3952 Ad
471 3895 729 3980 octavum
751 3885 1062 3956 dicendum,
1091 3885 1237 3959 quod
1259 3886 1562 3943 secundum
1597 3889 1777 3960 Augu.
1805 3903 1827 3946 ι
1851 3888 1919 3946 (16
1957 3887 2131 3966 Trin.,
2158 3895 2304 3954 hunc
