2800 4492
522 332 639 393 138
996 349 1056 395 sa
1094 340 1326 393 ‘rnouAE
1363 347 1693 399 nummus
1722 337 2040 399 bruscum

517 478 647 535 ergo
672 462 855 520 minu's
873 466 952 531 se,
978 470 1077 522 aut
1096 464 1385 539 aequaliter
1400 464 1546 535 .sibi;
1572 470 1628 521 et
1652 469 1888 537 utroque
1910 460 2076 520 modo
2099 458 2349 534 sequitur
2372 455 2534 532 quod

519 570 579 611 se
607 547 724 627 ipso'
740 554 904 621 homo
932 554 1227 625 frueretur,
1254 556 1385 613 dum
1409 572 1470 613 se
1497 571 1605 612 non
1627 555 1854 611 referret
1880 554 1937 610 in
1963 555 2152 609 Deum.
2183 551 2312 607 Frui
2337 557 2542 606 autem<

518 660 577 699 se
606 645 737 715 ipso
758 643 966 701 inducit
1002 646 1428 718 perversitatem„
1460 644 1692 737 peccati,
1727 650 1789 700 ut
1816 644 2155 715 Augustinus
2179 640 2334 697 dicit.
2379 639 2532 709 Ergo

509 732 725 805 >primus
754 732 914 789 homo
952 734 1007 789 in
1032 742 1181 791 statu
1210 736 1537 792 innocentiae
1572 736 1688 807 jam
1725 738 1844 789 erat
1869 746 2159 806 perversus
2185 745 2282 803 per
2318 740 2540 801 pecca«,

522 827 666 873 tum
654 822 840 893 ,quod
858 826 947 877 est
964 819 1339 894 impossibile.
1366 823 1614 897 sequitur
1641 838 1773 895 ergo
1795 826 1858 877 ut
1884 820 2136 933 diligeret
2157 820 2332 876 Deum
2357 832 2530 890 super

522 907 725 965 omnia
1161 930 1167 938 .
2241 934 2244 937 ·
2525 938 2534 941 -

591 997 911 1071 Respondeo
938 1000 1257 1071 dicendum,
1265 998 1428 1075 quod
1456 1000 1504 1057 si
1531 955 1691 1057 homo
1716 998 1819 1057 fuit
1840 997 2064 1057 factus
2051 1014 2106 1053 m
2134 996 2332 1069 gratia,
2365 1000 2428 1052 ut
2456 1009 2536 1052 em

524 1086 703 1143 verbis
730 1088 912 1145 Basilii
942 1096 997 1146 et
1024 1090 1314 1163 Augustini
1342 1090 1527 1148 haberi
1558 1096 1756 1163 potest,
1794 1089 2026 1163 quaestio
2049 1088 2158 1143 ista
2193 1086 2374 1142 locum
2415 1094 2528 1142 non

524 1175 707 1232 habet.
736 1176 1082 1235 Manifestum
1106 1186 1189 1237 est
1208 1180 1354 1236 enim
1377 1180 1522 1253 quod
1547 1180 1786 1235 existens
1813 1179 1869 1233 in
1893 1178 2088 1249 gratia,
2115 1192 2212 1247 per
2233 1176 2529 1232 caritatem

524 1264 701 1335 diligit
721 1268 894 1323 Deum
913 1284 1085 1370 supra·
1104 1284 1165 1325 se
1182 1269 1382 1342 ipsum.
1411 1268 1519 1325 Sed
1545 1264 1674 1343 quia
1702 1266 1958 1340 possibile
1981 1264 2086 1321 fuit
2114 1266 2228 1320 Deo
2257 1271 2318 1320 ut
2341 1264 2532 1321 homi-

524 1355 648 1410 nem
666 1356 907 1413 faceret
894 1374 950 1413 m
967 1357 1119 1431 puris
1140 1358 1496 1425 naturalibuS,
1527 1356 1662 1413 utile
1687 1362 1770 1413 est
1793 1355 2141 1413 considerare
2163 1353 2234 1411 ad
2259 1364 2530 1427 quantum

522 1460 583 1501 se
606 1444 827 1502 dilectio
856 1447 1119 1504 naturalis
1144 1448 1439 1504 extendere
1461 1446 1654 1521 possit.

522 1562 531 1567 -
594 1534 859 1591 Dixerunt
891 1552 1020 1609 ergo
1050 1537 1292 1610 quidam,
1325 1536 1472 1609 quod
1500 1536 1662 1591 homo
1693 1534 1774 1592 vel
1799 1532 2104 1605 Angelus,
2089 1550 2145 1588 m
2173 1533 2326 1606 puris
2357 1538 2530 1589 natu-—

522 1623 729 1686 ralibus
756 1624 1221 1696 exnsten3‚·d1hg¹t
1264 1626 1438 1680 Deum
1466 1624 1843 1697 plusquam-se
1871 1622 2047 1695 ipsum
2088 1620 2326 1678 naturali
2352 1621 2529 1678 dilec-

524 1703 992 1767 tione'secundum
1016 1728 1260 1767 amorem
1282 1712 1756 1785 concupiscentiae,
1783 1712 1914 1784 quia
1941 1709 2152 1765 scilicet
2173 1710 2314 1767 bono
2335 1711 2528 1766 divino

524 1800 709 1871 magis·
727 1800 831 1855 frui
860 1800 1135 1855 desiderat
1167 1806 1430 1873 tanquam
1471 1801 1664 1873 majori
1705 1808 1761 1856 et
1789 1799 2062 1868 suaviori3
2099 1799 2198 1855 sed
2225 1800 2528 1855 secundum

526 1903 766 1944 amorem
810 1888 1069 1945 amicitiae
1110 1889 1430 1945 naturaliter
1473 1888 1634 1944 homo
1680 1888 1802 1961 plus
1828 1888 2008 1960 diligit
2053 1904 2111 1945 se
2153 1889 2328 1961 ipsum
2357 1904 2527 1961 quam

526 1978 720 2033 Deum.
763 1977 859 2032 Est
894 1978 1040 2034 enim
1078 1991 1228 2033 amor
1256 1978 1712 2051 concupiscentiae
1740 1992 1848 2051 quo
1891 1976 2123 2055 dicimur
2162 1993 2346 2033 amare
2389 1977 2526 2032 illud

524 2082 634 2139 quo
666 2066 914 2123 volumus
954 2068 1035 2123 uti
1072 2067 1157 2124 vel
1186 2067 1311 2134 frui,
1344 2068 1486 2123 sicut
1523 2068 1752 2136 vinum„
1777 2065 1862 2122 vel
1891 2064 2113 2139 aliquod
2151 2065 2464 2137 hujusmodi
2509 2068 2524 2121 'z

526 2171 681 2211 amor
704 2162 885 2211 autem
926 2155 1183 2212 amicitiae
1210 2161 1293 2210 est
1322 2171 1430 2227 quo
1472 2155 1704 2211 dicimur
1733 2169 1916 2210 amare
1947 2154 2201 2219 amicum,
2234 2153 2320 2207 cui
2365 2153 2528 2209 volu-

524 2260 647 2300 mus
673 2243 893 2299 bonum.
932 2245 1033 2301 Sed
1068 2230 1173 2301 ista
1195 2246 1393 2315 positio
1424 2250 1570 2300 stare
1605 2258 1714 2299 non
1756 2248 1954 2315 potest.
1986 2240 2216 2298 Dilectio
2245 2240 2392 2297 enim
2423 2258 2528 2298 na-

528 2333 719 2389 turalis
742 2321 831 2390 est'
854 2332 1105 2407 quaedam
1130 2330 1393 2389 naturalis
1417 2332 1694 2389 inclinatio
1723 2332 1894 2387 indita
1919 2338 2132 2388 naturae
2155 2347 2187 2387 a
2206 2332 2358 2400 Deo;
2390 2331 2524 2386 nihil

526 2434 711 2481 autem
750 2424 998 2480 naturale
1026 2429 1109 2478 est
1152 2438 1489 2496 perversum.
1519 2420 1857 2494 Impossibile
1883 2427 1968 2477 est
1995 2435 2122 2491 ergo
2165 2418 2312 2493 quod
2340 2420 2526 2493 aliqua

526 2512 790 2571 naturalis
816 2513 1094 2569 inclinatio
1136 2511 1222 2567 vel
1247 2510 1468 2568 dilectio
1498 2510 1569 2567 sit
1599 2525 1852 2583 perversa
1890 2524 1905 2565 ε
1937 2524 2194 2581 perversa
2221 2517 2406 2566 autem
2436 2510 2528 2566 di-

526 2602 685 2659 lectio
711 2608 793 2658 est
811 2609 873 2658 ut
892 2600 1090 2673 aliquis
1109 2600 1398 2656 dilectione
1420 2599 1677 2655 amicitiae
1697 2588 1888 2670 diligat
1913 2597 2034 2670 plus
2055 2613 2114 2654 se
2133 2614 2298 2671 quam
2327 2599 2524 2657 Deum.

519 2692 643 2747 Non
671 2698 850 2764 potest
879 2704 1007 2760 ergo
1039 2689 1162 2745 talis
1190 2688 1412 2744 dilectio
1441 2704 1560 2745 esse
1589 2687 1874 2743 naturalis.

592 2778 893 2834 Dicendum
918 2783 1003 2832 est
1026 2791 1175 2846 ergo,
1192 2777 1347 2848 -quod
1372 2776 1598 2847 diligere
1621 2778 1792 2833 Deum
1819 2790 1984 2847 super
2007 2776 2191 2832 omnia
2215 2776 2335 2849 plus
2359 2793 2525 2849 quam

520 2882 582 2922 se
610 2866 807 2937 ipsum,
852 2870 936 2919 est
978 2863 1226 2919 naturale
1264 2877 1367 2920 non
1404 2864 1584 2929 ,solum
1629 2864 1834 2937 Angelo
1880 2871 1936 2921 et
1974 2864 2199 2931 homini,
2231 2865 2328 2921 sed
2357 2866 2528 2922 etiam

523 2953 745 3010 cuilibet
780 2959 1065 3020 creatum,
1110 2953 1410 3009 secundum
1437 2953 1582 3027 quod
1621 2958 1801 3026 potest
1843 2969 2030 3011 amare
2059 2959 2155 3009 aut
2195 2953 2525 3011 sensibiliter

524 3051 618 3099 aut
664 3041 1003 3098 naturaliter.
1044 3040 1430 3098 Inclinationes
1477 3041 1622 3097 enim
1665 3041 1942 3098 naturales
1987 3042 2223 3097 maxime
2267 3043 2526 3115 cognosci

524 3138 749 3204 possunt
773 3132 829 3191 in
856 3130 941 3186 his
976 3146 1101 3203 quae
1134 3130 1454 3187 naturaliter
1483 3137 1716 3200 aguntur
1747 3129 1950 3204 absque
1987 3129 2218 3187 rationis
2248 3130 2526 3188 delibera-

524 3220 701 3285 tione;
732 3219 813 3274 sic
839 3219 985 3275 enim
1018 3219 1131 3289 egit
1160 3218 1583 3291 unumquodque
1611 3219 1666 3273 in
1693 3224 1908 3285 natura,
1943 3218 2086 3273 sicut
2113 3224 2304 3290 aptum
2332 3226 2525 3275 natum

522 3313 606 3363 est
648 3305 755 3376 agi.
804 3306 1060 3363 Videmus
1087 3314 1271 3363 autem
1298 3306 1443 3379 quod
1483 3322 1826 3380 unaquaeque
1862 3322 1990 3379 pars
2019 3306 2253 3363 naturali
2283 3308 2522 3381 quadam

520 3394 873 3453 inclinatione
914 3402 1167 3467 operatur
1201 3396 1270 3451 ad
1306 3396 1508 3452 bonum
1550 3398 1735 3465 totius,
1781 3398 1946 3453 etiam
1985 3412 2116 3455 cum
2154 3396 2397 3469 periculo
2427 3404 2525 3453 aut

520 3482 847 3541 detrimento
876 3482 1095 3555 proprio
1137 3498 1151 3537 ε
1185 3488 1245 3536 ιιι
1279 3489 1434 3555 patet
1461 3499 1585 3539 cum
1614 3484 1814 3557 aliquis
1841 3498 2061 3541 manum
2089 3484 2310 3557 exponit
2339 3483 2524 3555 gladio

520 3573 587 3629 ad
626 3570 996 3629 defensionem
1036 3570 1249 3643 capitis,
1294 3588 1360 3627 ex
1387 3572 1503 3645 'quo
1545 3574 1814 3646 dependet
1855 3574 2004 3631 salus
2046 3575 2218 3631 totius
2252 3574 2521 3646 corporis-

518 3652 673 3723 Unde
716 3659 965 3718 naturale
1007 3668 1091 3717 est
1118 3667 1179 3715 ut
1215 3661 1474 3735 quaelibet
1505 3678 1634 3736 pars
1673 3678 1772 3719 suo
1802 3664 1962 3719 modo
2011 3662 2132 3736 plus
2167 3668 2316 3719 amet
2345 3667 2525 3719 totum

510 3768 683 3824 quam
712 3768 771 3807 se
796 3752 989 3825 ipsam.
1017 3751 1169 3807 Unde
1198 3759 1253 3808 et
1276 3753 1575 3809 secundum
1592 3752 1733 3809 hanc
1756 3752 2058 3809 naturalem
2089 3751 2521 3819 inclinationem,

518 3844 574 3893 et
614 3840 911 3896 secundum
956 3840 1231 3913 politicam
1268 3841 1547 3911 virtutem,
1582 3840 1757 3899 bonus
1799 3842 1936 3899 civis
1965 3841 2156 3897 mortis
2192 3839 2434 3911 periculo
2464 3843 2526 3896 se

517 3929 739 3999 exponit
766 3944 862 4001 pro
892 3930 1031 3987 bono
1059 3930 1353 3990 communi.
1394 3930 1738 3988 Manifestum
1766 3937 1852 3988 est
1875 3938 2058 3993 autem
2086 3930 2232 4003 qnod
2261 3930 2410 3986 Deus
2427 3935 2526 3985 est

2653 808 2689 837 0-
