<?xml version="1.0" encoding="UTF-8"?>
<!DOCTYPE html PUBLIC "-//W3C//DTD XHTML 1.0 Transitional//EN"
    "http://www.w3.org/TR/xhtml1/DTD/xhtml1-transitional.dtd">
<html xmlns="http://www.w3.org/1999/xhtml" xml:lang="en" lang="en">
 <head>
  <title>
</title>
<meta http-equiv="Content-Type" content="text/html;charset=utf-8" />
  <meta name='ocr-system' content='tesseract 3.04.00' />
  <meta name='ocr-capabilities' content='ocr_page ocr_carea ocr_par ocr_line ocrx_word'/>
</head>
<body>
  <div class='ocr_page' id='page_1' title='image "./sthomaquinatisd00thomgoog_0204.png"; bbox 0 0 2800 4492; ppageno 0'>
   <div class='ocr_carea' id='block_1_1' title="bbox 471 293 1999 366">
    <p class='ocr_par' dir='ltr' id='par_1_1' title="bbox 471 293 1999 366">
     <span class='ocr_line' id='line_1_1' title="bbox 471 293 1999 366; baseline 0.003 -10"><span class='ocrx_word' id='word_1_1' title='bbox 471 293 585 359; x_wconf 89' lang='lat'>190</span> <span class='ocrx_word' id='word_1_2' title='bbox 936 315 988 364; x_wconf 87' lang='lat' dir='ltr'>s.</span> <span class='ocrx_word' id='word_1_3' title='bbox 1031 316 1264 360; x_wconf 76' lang='lat' dir='ltr'>THOMAE</span> <span class='ocrx_word' id='word_1_4' title='bbox 1305 315 1627 366; x_wconf 62' lang='lat' dir='ltr'>nomm-ns</span> <span class='ocrx_word' id='word_1_5' title='bbox 1668 317 1999 361; x_wconf 70' lang='lat' dir='ltr'>oruscum·</span> 
     </span>
    </p>
   </div>
   <div class='ocr_carea' id='block_1_2' title="bbox 369 427 2489 2072">
    <p class='ocr_par' dir='ltr' id='par_1_2' title="bbox 469 427 2451 682">
     <span class='ocr_line' id='line_1_2' title="bbox 470 427 2451 502; baseline 0.001 -20"><span class='ocrx_word' id='word_1_6' title='bbox 470 427 666 498; x_wconf 85' lang='lat' dir='ltr'>papali.</span> <span class='ocrx_word' id='word_1_7' title='bbox 692 429 794 484; x_wconf 88' lang='lat' dir='ltr'>Sed</span> <span class='ocrx_word' id='word_1_8' title='bbox 835 430 1238 501; x_wconf 71' lang='lat' dir='ltr'><strong>crucesignatus</strong></span> <span class='ocrx_word' id='word_1_9' title='bbox 1269 431 1535 489; x_wconf 81' lang='lat' dir='ltr'>decedens</span> <span class='ocrx_word' id='word_1_10' title='bbox 1576 438 1702 497; x_wconf 84' lang='lat' dir='ltr'>ante</span> <span class='ocrx_word' id='word_1_11' title='bbox 1740 431 1845 487; x_wconf 86' lang='lat' dir='ltr'>iter</span> <span class='ocrx_word' id='word_1_12' title='bbox 1887 438 2243 502; x_wconf 85' lang='lat' dir='ltr'>assumptum,</span> <span class='ocrx_word' id='word_1_13' title='bbox 2282 429 2451 486; x_wconf 81' lang='lat' dir='ltr'>habet</span> 
     </span>
     <span class='ocr_line' id='line_1_3' title="bbox 470 513 2447 591; baseline 0.002 -23"><span class='ocrx_word' id='word_1_14' title='bbox 470 513 586 569; x_wconf 85' lang='lat' dir='ltr'>haec</span> <span class='ocrx_word' id='word_1_15' title='bbox 613 517 791 574; x_wconf 84' lang='lat' dir='ltr'>omnia</span> <span class='ocrx_word' id='word_1_16' title='bbox 817 533 940 588; x_wconf 87' lang='lat' dir='ltr'>quae</span> <span class='ocrx_word' id='word_1_17' title='bbox 967 519 1314 589; x_wconf 84' lang='lat' dir='ltr'>requiruntur</span> <span class='ocrx_word' id='word_1_18' title='bbox 1341 519 1637 591; x_wconf 79' lang='lat' dir='ltr'>secundum</span> <span class='ocrx_word' id='word_1_19' title='bbox 1666 518 1893 574; x_wconf 81' lang='lat' dir='ltr'>formam</span> <span class='ocrx_word' id='word_1_20' title='bbox 1924 519 2121 574; x_wconf 80' lang='lat' dir='ltr'>litterae</span> <span class='ocrx_word' id='word_1_21' title='bbox 2156 518 2223 574; x_wconf 89' lang='lat' dir='ltr'>ad</span> <span class='ocrx_word' id='word_1_22' title='bbox 2268 518 2447 588; x_wconf 81' lang='lat' dir='ltr'>perci-</span> 
     </span>
     <span class='ocr_line' id='line_1_4' title="bbox 469 602 2447 682; baseline 0.002 -28"><span class='ocrx_word' id='word_1_23' title='bbox 469 602 718 674; x_wconf 80' lang='lat' dir='ltr'>piendam</span> <span class='ocrx_word' id='word_1_24' title='bbox 747 603 974 675; x_wconf 71' lang='lat' dir='ltr'>plenam</span> <span class='ocrx_word' id='word_1_25' title='bbox 1013 605 1400 678; x_wconf 79' lang='lat' dir='ltr'>indulgentiam</span> <span class='ocrx_word' id='word_1_26' title='bbox 1435 615 1798 678; x_wconf 84' lang='lat' dir='ltr'>peccatorum.</span> <span class='ocrx_word' id='word_1_27' title='bbox 1832 605 1972 678; x_wconf 87' lang='lat' dir='ltr'>Ergo</span> <span class='ocrx_word' id='word_1_28' title='bbox 2016 605 2172 678; x_wconf 89' lang='lat' dir='ltr'>plene</span> <span class='ocrx_word' id='word_1_29' title='bbox 2212 603 2447 682; x_wconf 79' lang='lat' dir='ltr'>percipit</span> 
     </span>
    </p>

    <p class='ocr_par' dir='ltr' id='par_1_3' title="bbox 471 703 608 746">
     <span class='ocr_line' id='line_1_5' title="bbox 471 703 608 746; baseline 0 -4"><span class='ocrx_word' id='word_1_30' title='bbox 471 703 608 746; x_wconf 84' lang='lat' dir='ltr'>eam.</span> 
     </span>
    </p>

    <p class='ocr_par' dir='ltr' id='par_1_4' title="bbox 471 778 2489 1287">
     <span class='ocr_line' id='line_1_6' title="bbox 539 778 2445 853; baseline 0.001 -21"><span class='ocrx_word' id='word_1_31' title='bbox 539 781 590 832; x_wconf 75' lang='lat'>2.</span> <span class='ocrx_word' id='word_1_32' title='bbox 619 778 902 845; x_wconf 78' lang='lat' dir='ltr'>Praeterea,</span> <span class='ocrx_word' id='word_1_33' title='bbox 921 779 1090 836; x_wconf 91' lang='lat' dir='ltr'>solum</span> <span class='ocrx_word' id='word_1_34' title='bbox 1112 781 1256 836; x_wconf 84' lang='lat' dir='ltr'>Deus</span> <span class='ocrx_word' id='word_1_35' title='bbox 1275 781 1503 837; x_wconf 89' lang='lat' dir='ltr'>remittit</span> <span class='ocrx_word' id='word_1_36' title='bbox 1526 788 1807 852; x_wconf 83' lang='lat' dir='ltr'>peccatum</span> <span class='ocrx_word' id='word_1_37' title='bbox 1831 787 2094 853; x_wconf 86' lang='lat' dir='ltr'>quantum</span> <span class='ocrx_word' id='word_1_38' title='bbox 2114 779 2185 836; x_wconf 86' lang='lat' dir='ltr'>ad</span> <span class='ocrx_word' id='word_1_39' title='bbox 2208 778 2445 850; x_wconf 82' lang='lat' dir='ltr'>eulpam.</span> 
     </span>
     <span class='ocr_line' id='line_1_7' title="bbox 471 864 2452 940; baseline 0.003 -23"><span class='ocrx_word' id='word_1_40' title='bbox 471 864 602 918; x_wconf 88' lang='lat' dir='ltr'>Cum</span> <span class='ocrx_word' id='word_1_41' title='bbox 627 881 754 935; x_wconf 86' lang='lat' dir='ltr'>ergo</span> <span class='ocrx_word' id='word_1_42' title='bbox 789 868 928 939; x_wconf 88' lang='lat' dir='ltr'>Papa</span> <span class='ocrx_word' id='word_1_43' title='bbox 967 868 1061 923; x_wconf 86' lang='lat' dir='ltr'>dat</span> <span class='ocrx_word' id='word_1_44' title='bbox 1095 868 1485 938; x_wconf 81' lang='lat' dir='ltr'>indulgentiam</span> <span class='ocrx_word' id='word_1_45' title='bbox 1522 870 1763 924; x_wconf 89' lang='lat' dir='ltr'>omnium</span> <span class='ocrx_word' id='word_1_46' title='bbox 1801 875 2170 940; x_wconf 83' lang='lat' dir='ltr'>peccatorum,</span> <span class='ocrx_word' id='word_1_47' title='bbox 2206 867 2305 922; x_wconf 87' lang='lat' dir='ltr'>hoc</span> <span class='ocrx_word' id='word_1_48' title='bbox 2338 864 2452 922; x_wconf 87' lang='lat' dir='ltr'>non</span> 
     </span>
     <span class='ocr_line' id='line_1_8' title="bbox 471 952 2458 1030; baseline 0.003 -26"><span class='ocrx_word' id='word_1_49' title='bbox 471 957 554 1005; x_wconf 90' lang='lat' dir='ltr'>est</span> <span class='ocrx_word' id='word_1_50' title='bbox 581 952 916 1010; x_wconf 78' lang='lat' dir='ltr'>referendum</span> <span class='ocrx_word' id='word_1_51' title='bbox 959 955 1024 1010; x_wconf 88' lang='lat' dir='ltr'>ad</span> <span class='ocrx_word' id='word_1_52' title='bbox 1066 957 1298 1026; x_wconf 87' lang='lat' dir='ltr'>culpam,</span> <span class='ocrx_word' id='word_1_53' title='bbox 1327 959 1421 1012; x_wconf 87' lang='lat' dir='ltr'>sed</span> <span class='ocrx_word' id='word_1_54' title='bbox 1464 958 1529 1012; x_wconf 89' lang='lat' dir='ltr'>ad</span> <span class='ocrx_word' id='word_1_55' title='bbox 1572 959 1982 1012; x_wconf 87' lang='lat' dir='ltr'>universitatem</span> <span class='ocrx_word' id='word_1_56' title='bbox 2027 971 2324 1030; x_wconf 83' lang='lat' dir='ltr'>poenarum.</span> <span class='ocrx_word' id='word_1_57' title='bbox 2353 955 2458 1010; x_wconf 82' lang='lat' dir='ltr'>lile</span> 
     </span>
     <span class='ocr_line' id='line_1_9' title="bbox 471 1029 2489 1115; baseline 0.002 -22"><span class='ocrx_word' id='word_1_58' title='bbox 471 1054 596 1108; x_wconf 86' lang='lat' dir='ltr'>ergo</span> <span class='ocrx_word' id='word_1_59' title='bbox 614 1040 704 1111; x_wconf 89' lang='lat' dir='ltr'>qui</span> <span class='ocrx_word' id='word_1_60' title='bbox 729 1042 926 1112; x_wconf 85' lang='lat' dir='ltr'>accipit</span> <span class='ocrx_word' id='word_1_61' title='bbox 949 1058 1174 1098; x_wconf 84' lang='lat' dir='ltr'>crucem·</span> <span class='ocrx_word' id='word_1_62' title='bbox 1192 1045 1489 1099; x_wconf 88' lang='lat' dir='ltr'>secundum</span> <span class='ocrx_word' id='word_1_63' title='bbox 1518 1043 1743 1099; x_wconf 75' lang='lat' dir='ltr'>formam</span> <span class='ocrx_word' id='word_1_64' title='bbox 1774 1043 1969 1100; x_wconf 75' lang='lat' dir='ltr'>litteras</span> <span class='ocrx_word' id='word_1_65' title='bbox 1994 1043 2221 1115; x_wconf 78' lang='lat' dir='ltr'>papaliS‚</span> <span class='ocrx_word' id='word_1_66' title='bbox 2246 1041 2451 1097; x_wconf 82' lang='lat' dir='ltr'>nullam</span> <span class='ocrx_word' id='word_1_67' title='bbox 2482 1029 2489 1034; x_wconf 45' lang='lat'>⁵</span> 
     </span>
     <span class='ocr_line' id='line_1_10' title="bbox 472 1129 2449 1208; baseline 0.002 -26"><span class='ocrx_word' id='word_1_68' title='bbox 472 1142 685 1198; x_wconf 85' lang='lat' dir='ltr'>poenam</span> <span class='ocrx_word' id='word_1_69' title='bbox 709 1129 940 1200; x_wconf 85' lang='lat' dir='ltr'>patietur</span> <span class='ocrx_word' id='word_1_70' title='bbox 968 1146 1064 1205; x_wconf 87' lang='lat' dir='ltr'>pro</span> <span class='ocrx_word' id='word_1_71' title='bbox 1089 1132 1202 1187; x_wconf 88' lang='lat' dir='ltr'>suis</span> <span class='ocrx_word' id='word_1_72' title='bbox 1230 1133 1493 1204; x_wconf 61' lang='lat' dir='ltr'>peccatis3</span> <span class='ocrx_word' id='word_1_73' title='bbox 1524 1138 1579 1188; x_wconf 87' lang='lat' dir='ltr'>et</span> <span class='ocrx_word' id='word_1_74' title='bbox 1608 1133 1687 1188; x_wconf 91' lang='lat' dir='ltr'>sic</span> <span class='ocrx_word' id='word_1_75' title='bbox 1721 1133 1907 1188; x_wconf 88' lang='lat' dir='ltr'>statim</span> <span class='ocrx_word' id='word_1_76' title='bbox 1948 1131 2211 1208; x_wconf 41' lang='lat' dir='ltr'>evola-bit,</span> <span class='ocrx_word' id='word_1_77' title='bbox 2231 1130 2449 1202; x_wconf 85' lang='lat' dir='ltr'>plenam</span> 
     </span>
     <span class='ocr_line' id='line_1_11' title="bbox 472 1215 2113 1287; baseline 0.005 -18"><span class='ocrx_word' id='word_1_78' title='bbox 472 1215 836 1270; x_wconf 80' lang='lat' dir='ltr'>remissionem</span> <span class='ocrx_word' id='word_1_79' title='bbox 859 1227 1196 1287; x_wconf 82' lang='lat' dir='ltr'>peccatorum</span> <span class='ocrx_word' id='word_1_80' title='bbox 1224 1227 1565 1274; x_wconf 76' lang='lat' dir='ltr'>consecutus·</span> <span class='ocrx_word' id='word_1_81' title='bbox 2108 1247 2113 1250; x_wconf 96' lang='lat'>·</span> 
     </span>
    </p>

    <p class='ocr_par' dir='ltr' id='par_1_5' title="bbox 369 1302 2449 1900">
     <span class='ocr_line' id='line_1_12' title="bbox 542 1302 2447 1376; baseline 0.002 -22"><span class='ocrx_word' id='word_1_82' title='bbox 542 1303 592 1355; x_wconf 86' lang='grc'>3.</span> <span class='ocrx_word' id='word_1_83' title='bbox 615 1302 718 1356; x_wconf 90' lang='lat' dir='ltr'>Sed</span> <span class='ocrx_word' id='word_1_84' title='bbox 743 1311 950 1369; x_wconf 83' lang='lat' dir='ltr'>contra,</span> <span class='ocrx_word' id='word_1_85' title='bbox 984 1307 1314 1376; x_wconf 84' lang='lat' dir='ltr'>Augustinus</span> <span class='ocrx_word' id='word_1_86' title='bbox 1352 1305 1483 1361; x_wconf 87' lang='lat' dir='ltr'>dicit</span> <span class='ocrx_word' id='word_1_87' title='bbox 1526 1304 1577 1360; x_wconf 88' lang='lat' dir='ltr'>in</span> <span class='ocrx_word' id='word_1_88' title='bbox 1604 1322 1682 1361; x_wconf 84' lang='lat' dir='ltr'>xv</span> <span class='ocrx_word' id='word_1_89' title='bbox 1710 1306 1790 1360; x_wconf 62' lang='lat' dir='ltr'>de⁸</span> <span class='ocrx_word' id='word_1_90' title='bbox 1824 1305 2018 1360; x_wconf 88' lang='lat' dir='ltr'>Trinit.</span> <span class='ocrx_word' id='word_1_91' title='bbox 2040 1305 2191 1376; x_wconf 68' lang='lat' dir='ltr'>quod</span> <span class='ocrx_word' id='word_1_92' title='bbox 2235 1321 2343 1358; x_wconf 75' lang='lat' dir='ltr'>-non</span> <span class='ocrx_word' id='word_1_93' title='bbox 2368 1310 2447 1358; x_wconf 77' lang='lat' dir='ltr'>est</span> 
     </span>
     <span class='ocr_line' id='line_1_13' title="bbox 471 1381 2449 1461; baseline 0.003 -20"><span class='ocrx_word' id='word_1_94' title='bbox 471 1386 606 1442; x_wconf 79' lang='lat' dir='ltr'>idem</span> <span class='ocrx_word' id='word_1_95' title='bbox 650 1389 950 1446; x_wconf 70' lang='lat' dir='ltr'>abstrahere</span> <span class='ocrx_word' id='word_1_96' title='bbox 991 1392 1168 1458; x_wconf 75' lang='lat' dir='ltr'>telum,</span> <span class='ocrx_word' id='word_1_97' title='bbox 1213 1400 1260 1448; x_wconf 74' lang='lat' dir='ltr'>et</span> <span class='ocrx_word' id='word_1_98' title='bbox 1309 1409 1503 1448; x_wconf 77' lang='lat' dir='ltr'>sanare</span> <span class='ocrx_word' id='word_1_99' title='bbox 1554 1395 1745 1448; x_wconf 76' lang='lat' dir='ltr'>vulnus</span> <span class='ocrx_word' id='word_1_100' title='bbox 1778 1409 1797 1448; x_wconf 93' lang='grc'>.·</span> <span class='ocrx_word' id='word_1_101' title='bbox 1823 1391 1989 1446; x_wconf 85' lang='lat' dir='ltr'>telum</span> <span class='ocrx_word' id='word_1_102' title='bbox 2042 1393 2185 1446; x_wconf 89' lang='lat' dir='ltr'>enim</span> <span class='ocrx_word' id='word_1_103' title='bbox 2238 1381 2449 1461; x_wconf 81' lang='lat' dir='ltr'>peceati</span> 
     </span>
     <span class='ocr_line' id='line_1_14' title="bbox 472 1464 2449 1550; baseline 0.001 -22"><span class='ocrx_word' id='word_1_104' title='bbox 472 1474 800 1532; x_wconf 81' lang='lat' dir='ltr'>abstrahitur</span> <span class='ocrx_word' id='word_1_105' title='bbox 838 1493 932 1548; x_wconf 81' lang='lat' dir='ltr'>per</span> <span class='ocrx_word' id='word_1_106' title='bbox 967 1480 1332 1535; x_wconf 82' lang='lat' dir='ltr'>remissionem</span> <span class='ocrx_word' id='word_1_107' title='bbox 1365 1480 1602 1550; x_wconf 84' lang='lat' dir='ltr'>peccati;</span> <span class='ocrx_word' id='word_1_108' title='bbox 1630 1479 1825 1536; x_wconf 85' lang='lat' dir='ltr'>vulnus</span> <span class='ocrx_word' id='word_1_109' title='bbox 1868 1464 2048 1534; x_wconf 83' lang='lat' dir='ltr'>autem</span> <span class='ocrx_word' id='word_1_110' title='bbox 2088 1475 2309 1534; x_wconf 76' lang='lat' dir='ltr'>sanatur</span> <span class='ocrx_word' id='word_1_111' title='bbox 2352 1492 2449 1548; x_wconf 86' lang='lat' dir='ltr'>per</span> 
     </span>
     <span class='ocr_line' id='line_1_15' title="bbox 471 1561 2447 1640; baseline 0.002 -26"><span class='ocrx_word' id='word_1_112' title='bbox 471 1561 907 1623; x_wconf 81' lang='lat' dir='ltr'>reformationem</span> <span class='ocrx_word' id='word_1_113' title='bbox 929 1566 1196 1637; x_wconf 81' lang='lat' dir='ltr'>imaginis,</span> <span class='ocrx_word' id='word_1_114' title='bbox 1225 1582 1347 1638; x_wconf 84' lang='lat' dir='ltr'>quae</span> <span class='ocrx_word' id='word_1_115' title='bbox 1371 1566 1589 1640; x_wconf 87' lang='lat' dir='ltr'>quidem</span> <span class='ocrx_word' id='word_1_116' title='bbox 1620 1568 1679 1622; x_wconf 85' lang='lat' dir='ltr'>fit</span> <span class='ocrx_word' id='word_1_117' title='bbox 1704 1581 1866 1637; x_wconf 84' lang='lat' dir='ltr'>opera</span> <span class='ocrx_word' id='word_1_118' title='bbox 1907 1563 2312 1621; x_wconf 71' lang='lat' dir='ltr'>satisfactionis·</span> <span class='ocrx_word' id='word_1_119' title='bbox 2338 1563 2447 1619; x_wconf 83' lang='lat' dir='ltr'>Sed</span> 
     </span>
     <span class='ocr_line' id='line_1_16' title="bbox 471 1650 2446 1724; baseline 0.002 -22"><span class='ocrx_word' id='word_1_120' title='bbox 471 1652 876 1721; x_wconf 82' lang='lat' dir='ltr'>crucesignatus</span> <span class='ocrx_word' id='word_1_121' title='bbox 895 1654 1161 1708; x_wconf 85' lang='lat' dir='ltr'>decedens</span> <span class='ocrx_word' id='word_1_122' title='bbox 1197 1661 1321 1708; x_wconf 87' lang='lat' dir='ltr'>ante</span> <span class='ocrx_word' id='word_1_123' title='bbox 1351 1655 1452 1708; x_wconf 81' lang='lat' dir='ltr'>iter</span> <span class='ocrx_word' id='word_1_124' title='bbox 1492 1661 1785 1724; x_wconf 70' lang='lat' dir='ltr'>arreptum,</span> <span class='ocrx_word' id='word_1_125' title='bbox 1818 1651 2035 1708; x_wconf 88' lang='lat' dir='ltr'>nullum·</span> <span class='ocrx_word' id='word_1_126' title='bbox 2058 1650 2298 1719; x_wconf 79' lang='lat' dir='ltr'>laborem</span> <span class='ocrx_word' id='word_1_127' title='bbox 2318 1666 2446 1706; x_wconf 83' lang='lat' dir='ltr'>sus-</span> 
     </span>
     <span class='ocr_line' id='line_1_17' title="bbox 475 1737 2445 1812; baseline 0 -20"><span class='ocrx_word' id='word_1_128' title='bbox 475 1737 634 1792; x_wconf 86' lang='lat' dir='ltr'>tinuit</span> <span class='ocrx_word' id='word_1_129' title='bbox 663 1741 730 1793; x_wconf 89' lang='lat' dir='ltr'>ad</span> <span class='ocrx_word' id='word_1_130' title='bbox 754 1739 1187 1795; x_wconf 86' lang='lat' dir='ltr'>reformationem</span> <span class='ocrx_word' id='word_1_131' title='bbox 1216 1742 1485 1811; x_wconf 76' lang='lat' dir='ltr'>imaginis⁸</span> <span class='ocrx_word' id='word_1_132' title='bbox 1513 1741 1651 1812; x_wconf 79' lang='lat' dir='ltr'>Ergo</span> <span class='ocrx_word' id='word_1_133' title='bbox 1677 1742 1909 1795; x_wconf 80' lang='lat' dir='ltr'>nondum</span> <span class='ocrx_word' id='word_1_134' title='bbox 1934 1747 2019 1796; x_wconf 89' lang='lat' dir='ltr'>est</span> <span class='ocrx_word' id='word_1_135' title='bbox 2048 1748 2295 1798; x_wconf 86' lang='lat' dir='ltr'>sanatum</span> <span class='ocrx_word' id='word_1_136' title='bbox 2318 1738 2445 1794; x_wconf 86' lang='lat' dir='ltr'>vul-</span> 
     </span>
     <span class='ocr_line' id='line_1_18' title="bbox 369 1826 2443 1900; baseline 0.002 -21"><span class='ocrx_word' id='word_1_137' title='bbox 369 1873 375 1879; x_wconf 92' lang='lat'>.</span> <span class='ocrx_word' id='word_1_138' title='bbox 473 1838 600 1890; x_wconf 86' lang='lat' dir='ltr'>nus;</span> <span class='ocrx_word' id='word_1_139' title='bbox 628 1831 680 1878; x_wconf 91' lang='lat' dir='ltr'>et</span> <span class='ocrx_word' id='word_1_140' title='bbox 719 1826 798 1880; x_wconf 89' lang='lat' dir='ltr'>sic</span> <span class='ocrx_word' id='word_1_141' title='bbox 841 1842 944 1881; x_wconf 85' lang='lat' dir='ltr'>non</span> <span class='ocrx_word' id='word_1_142' title='bbox 981 1827 1180 1900; x_wconf 87' lang='lat' dir='ltr'>poterit</span> <span class='ocrx_word' id='word_1_143' title='bbox 1222 1828 1289 1883; x_wconf 91' lang='lat' dir='ltr'>ad</span> <span class='ocrx_word' id='word_1_144' title='bbox 1319 1827 1551 1898; x_wconf 84' lang='lat' dir='ltr'>gloriam</span> <span class='ocrx_word' id='word_1_145' title='bbox 1598 1829 1787 1884; x_wconf 88' lang='lat' dir='ltr'>statim</span> <span class='ocrx_word' id='word_1_146' title='bbox 1829 1829 2111 1900; x_wconf 82' lang='lat' dir='ltr'>pervenire</span> <span class='ocrx_word' id='word_1_147' title='bbox 2152 1833 2443 1900; x_wconf 85' lang='lat' dir='ltr'>antequam</span> 
     </span>
    </p>

    <p class='ocr_par' dir='ltr' id='par_1_6' title="bbox 472 1914 2043 1986">
     <span class='ocr_line' id='line_1_19' title="bbox 472 1914 2043 1986; baseline 0.005 -20"><span class='ocrx_word' id='word_1_148' title='bbox 472 1925 658 1982; x_wconf 84' lang='lat' dir='ltr'>poenas</span> <span class='ocrx_word' id='word_1_149' title='bbox 687 1914 980 1982; x_wconf 83' lang='lat' dir='ltr'>purgatorii</span> <span class='ocrx_word' id='word_1_150' title='bbox 1009 1915 1266 1986; x_wconf 82' lang='lat' dir='ltr'>patiatur.</span> <span class='ocrx_word' id='word_1_151' title='bbox 2040 1939 2043 1946; x_wconf 95' lang='lat'>·</span> 
     </span>
    </p>

    <p class='ocr_par' dir='ltr' id='par_1_7' title="bbox 544 2001 2443 2072">
     <span class='ocr_line' id='line_1_20' title="bbox 544 2001 2443 2072; baseline 0.001 -18"><span class='ocrx_word' id='word_1_152' title='bbox 544 2001 594 2054; x_wconf 91' lang='grc'><strong>4.</strong></span> <span class='ocrx_word' id='word_1_153' title='bbox 625 2001 911 2066; x_wconf 86' lang='lat' dir='ltr'>Praeterea,</span> <span class='ocrx_word' id='word_1_154' title='bbox 944 2001 1168 2072; x_wconf 86' lang='lat' dir='ltr'>quilibet</span> <span class='ocrx_word' id='word_1_155' title='bbox 1215 2001 1477 2059; x_wconf 86' lang='lat' dir='ltr'>Sacerdos</span> <span class='ocrx_word' id='word_1_156' title='bbox 1518 2003 1687 2058; x_wconf 85' lang='lat' dir='ltr'>utitur</span> <span class='ocrx_word' id='word_1_157' title='bbox 1724 2002 1921 2057; x_wconf 87' lang='lat' dir='ltr'>talibus</span> <span class='ocrx_word' id='word_1_158' title='bbox 1957 2001 2181 2061; x_wconf 85' lang='lat' dir='ltr'>verbis:</span> <span class='ocrx_word' id='word_1_159' title='bbox 2197 2001 2321 2071; x_wconf 71' lang='lat'>1390</span> <span class='ocrx_word' id='word_1_160' title='bbox 2342 2001 2443 2056; x_wconf 80' lang='lat' dir='ltr'>ab·</span> 
     </span>
    </p>
   </div>
   <div class='ocr_carea' id='block_1_3' title="bbox 471 2087 2587 2161">
    <p class='ocr_par' dir='ltr' id='par_1_8' title="bbox 471 2087 2587 2161">
     <span class='ocr_line' id='line_1_21' title="bbox 471 2087 2587 2161; baseline 0.001 -19"><span class='ocrx_word' id='word_1_161' title='bbox 471 2087 678 2144; x_wconf 78' lang='lat' dir='ltr'>salvete</span> <span class='ocrx_word' id='word_1_162' title='bbox 701 2087 763 2141; x_wconf 87' lang='lat' dir='ltr'>ab</span> <span class='ocrx_word' id='word_1_163' title='bbox 784 2088 1018 2144; x_wconf 73' lang='lat' dir='ltr'>omnibus</span> <span class='ocrx_word' id='word_1_164' title='bbox 1052 2091 1276 2161; x_wconf 76' lang='lat' dir='ltr'>peccatis</span> <span class='ocrx_word' id='word_1_165' title='bbox 1317 2091 1443 2147; x_wconf 76' lang='lat' dir='ltr'>tuis.</span> <span class='ocrx_word' id='word_1_166' title='bbox 1473 2090 1529 2146; x_wconf 92' lang='lat' dir='ltr'>Si</span> <span class='ocrx_word' id='word_1_167' title='bbox 1571 2105 1699 2160; x_wconf 88' lang='lat' dir='ltr'>ergo</span> <span class='ocrx_word' id='word_1_168' title='bbox 1746 2091 2157 2160; x_wconf 84' lang='lat' dir='ltr'>crucesignatus</span> <span class='ocrx_word' id='word_1_169' title='bbox 2181 2090 2481 2145; x_wconf 87' lang='lat' dir='ltr'>decedens·</span> <span class='ocrx_word' id='word_1_170' title='bbox 2578 2153 2587 2160; x_wconf 49' lang='lat'>,</span> 
     </span>
    </p>
   </div>
   <div class='ocr_carea' id='block_1_4' title="bbox 471 2173 2495 3206">
    <p class='ocr_par' dir='ltr' id='par_1_9' title="bbox 471 2173 2495 3206">
     <span class='ocr_line' id='line_1_22' title="bbox 471 2173 2449 2251; baseline 0.003 -23"><span class='ocrx_word' id='word_1_171' title='bbox 471 2173 728 2242; x_wconf 86' lang='lat' dir='ltr'>evolaret,</span> <span class='ocrx_word' id='word_1_172' title='bbox 757 2177 871 2247; x_wconf 85' lang='lat' dir='ltr'>pari</span> <span class='ocrx_word' id='word_1_173' title='bbox 913 2179 1126 2233; x_wconf 83' lang='lat' dir='ltr'>ratione</span> <span class='ocrx_word' id='word_1_174' title='bbox 1167 2178 1394 2250; x_wconf 85' lang='lat' dir='ltr'>quilibet</span> <span class='ocrx_word' id='word_1_175' title='bbox 1432 2177 1572 2234; x_wconf 90' lang='lat' dir='ltr'>alius</span> <span class='ocrx_word' id='word_1_176' title='bbox 1618 2194 1649 2234; x_wconf 86' lang='lat' dir='ltr'>a</span> <span class='ocrx_word' id='word_1_177' title='bbox 1701 2193 1919 2251; x_wconf 88' lang='lat' dir='ltr'>quoque</span> <span class='ocrx_word' id='word_1_178' title='bbox 1965 2178 2247 2237; x_wconf 80' lang='lat' dir='ltr'>sacerdote</span> <span class='ocrx_word' id='word_1_179' title='bbox 2284 2178 2449 2234; x_wconf 57' lang='lat' dir='ltr'>abso«-</span> 
     </span>
     <span class='ocr_line' id='line_1_23' title="bbox 474 2261 2137 2335; baseline 0.005 -19"><span class='ocrx_word' id='word_1_180' title='bbox 474 2261 644 2330; x_wconf 79' lang='lat' dir='ltr'>lutus;</span> <span class='ocrx_word' id='word_1_181' title='bbox 671 2264 814 2335; x_wconf 88' lang='lat' dir='ltr'>quod</span> <span class='ocrx_word' id='word_1_182' title='bbox 841 2273 924 2319; x_wconf 81' lang='lat' dir='ltr'>est</span> <span class='ocrx_word' id='word_1_183' title='bbox 949 2266 1349 2320; x_wconf 76' lang='lat' dir='ltr'>inconveniens·</span> <span class='ocrx_word' id='word_1_184' title='bbox 1680 2305 1685 2309; x_wconf 90' lang='lat'>-</span> <span class='ocrx_word' id='word_1_185' title='bbox 2130 2307 2137 2314; x_wconf 77' lang='lat'><strong>·</strong></span> 
     </span>
     <span class='ocr_line' id='line_1_24' title="bbox 541 2349 2439 2426; baseline -0.002 -18"><span class='ocrx_word' id='word_1_186' title='bbox 541 2351 856 2423; x_wconf 86' lang='lat' dir='ltr'>Respondeo</span> <span class='ocrx_word' id='word_1_187' title='bbox 893 2353 1198 2420; x_wconf 87' lang='lat' dir='ltr'>dicendum,</span> <span class='ocrx_word' id='word_1_188' title='bbox 1227 2353 1368 2426; x_wconf 88' lang='lat' dir='ltr'>quod</span> <span class='ocrx_word' id='word_1_189' title='bbox 1413 2352 1481 2408; x_wconf 87' lang='lat' dir='ltr'>ad</span> <span class='ocrx_word' id='word_1_190' title='bbox 1533 2351 1860 2407; x_wconf 87' lang='lat' dir='ltr'>evidentiam</span> <span class='ocrx_word' id='word_1_191' title='bbox 1902 2350 2060 2420; x_wconf 85' lang='lat' dir='ltr'>hujus</span> <span class='ocrx_word' id='word_1_192' title='bbox 2102 2349 2439 2421; x_wconf 78' lang='lat' dir='ltr'>quaestioniS,</span> 
     </span>
     <span class='ocr_line' id='line_1_25' title="bbox 474 2437 2443 2514; baseline -0.001 -20"><span class='ocrx_word' id='word_1_193' title='bbox 474 2439 614 2494; x_wconf 83' lang='lat' dir='ltr'>sicut</span> <span class='ocrx_word' id='word_1_194' title='bbox 635 2455 797 2512; x_wconf 87' lang='lat' dir='ltr'>supra</span> <span class='ocrx_word' id='word_1_195' title='bbox 821 2441 1024 2496; x_wconf 87' lang='lat' dir='ltr'>dictum</span> <span class='ocrx_word' id='word_1_196' title='bbox 1052 2449 1153 2507; x_wconf 83' lang='lat' dir='ltr'>est,</span> <span class='ocrx_word' id='word_1_197' title='bbox 1175 2457 1311 2514; x_wconf 88' lang='lat' dir='ltr'>opus</span> <span class='ocrx_word' id='word_1_198' title='bbox 1340 2441 1497 2495; x_wconf 86' lang='lat' dir='ltr'>unius</span> <span class='ocrx_word' id='word_1_199' title='bbox 1523 2445 1699 2512; x_wconf 85' lang='lat' dir='ltr'>potest</span> <span class='ocrx_word' id='word_1_200' title='bbox 1725 2454 1843 2494; x_wconf 86' lang='lat' dir='ltr'>esse</span> <span class='ocrx_word' id='word_1_201' title='bbox 1888 2437 2305 2495; x_wconf 82' lang='lat' dir='ltr'>satisfactorium</span> <span class='ocrx_word' id='word_1_202' title='bbox 2344 2452 2443 2507; x_wconf 86' lang='lat' dir='ltr'>pro</span> 
     </span>
     <span class='ocr_line' id='line_1_26' title="bbox 475 2524 2444 2601; baseline -0.001 -19"><span class='ocrx_word' id='word_1_203' title='bbox 475 2525 600 2592; x_wconf 82' lang='lat' dir='ltr'>alic,</span> <span class='ocrx_word' id='word_1_204' title='bbox 627 2528 695 2581; x_wconf 90' lang='lat' dir='ltr'>ad</span> <span class='ocrx_word' id='word_1_205' title='bbox 720 2544 880 2598; x_wconf 88' lang='lat' dir='ltr'>quem</span> <span class='ocrx_word' id='word_1_206' title='bbox 922 2545 1014 2601; x_wconf 90' lang='lat' dir='ltr'>per</span> <span class='ocrx_word' id='word_1_207' title='bbox 1042 2529 1394 2583; x_wconf 88' lang='lat' dir='ltr'>intentionem</span> <span class='ocrx_word' id='word_1_208' title='bbox 1424 2527 1671 2582; x_wconf 84' lang='lat' dir='ltr'>facientis</span> <span class='ocrx_word' id='word_1_209' title='bbox 1710 2525 1957 2579; x_wconf 84' lang='lat' dir='ltr'>refertur.</span> <span class='ocrx_word' id='word_1_210' title='bbox 1990 2524 2233 2598; x_wconf 76' lang='lat' dir='ltr'>Christus</span> <span class='ocrx_word' id='word_1_211' title='bbox 2260 2529 2444 2580; x_wconf 86' lang='lat' dir='ltr'>autem</span> 
     </span>
     <span class='ocr_line' id='line_1_27' title="bbox 475 2611 2447 2684; baseline -0.001 -17"><span class='ocrx_word' id='word_1_212' title='bbox 475 2628 570 2684; x_wconf 91' lang='lat' dir='ltr'>pro</span> <span class='ocrx_word' id='word_1_213' title='bbox 591 2614 830 2670; x_wconf 87' lang='lat' dir='ltr'>Ecclesia</span> <span class='ocrx_word' id='word_1_214' title='bbox 855 2631 954 2668; x_wconf 89' lang='lat' dir='ltr'>sua</span> <span class='ocrx_word' id='word_1_215' title='bbox 985 2615 1296 2683; x_wconf 88' lang='lat' dir='ltr'>sanguinem</span> <span class='ocrx_word' id='word_1_216' title='bbox 1323 2629 1477 2668; x_wconf 88' lang='lat' dir='ltr'>suum</span> <span class='ocrx_word' id='word_1_217' title='bbox 1502 2613 1657 2678; x_wconf 80' lang='lat' dir='ltr'>rudit,</span> <span class='ocrx_word' id='word_1_218' title='bbox 1681 2621 1735 2667; x_wconf 93' lang='lat' dir='ltr'>et</span> <span class='ocrx_word' id='word_1_219' title='bbox 1763 2612 1932 2668; x_wconf 90' lang='lat' dir='ltr'>multa</span> <span class='ocrx_word' id='word_1_220' title='bbox 1962 2612 2067 2669; x_wconf 88' lang='lat' dir='ltr'>alia</span> <span class='ocrx_word' id='word_1_221' title='bbox 2091 2611 2219 2666; x_wconf 80' lang='lat' dir='ltr'>fecit</span> <span class='ocrx_word' id='word_1_222' title='bbox 2238 2619 2289 2666; x_wconf 93' lang='lat' dir='ltr'>et</span> <span class='ocrx_word' id='word_1_223' title='bbox 2318 2627 2447 2666; x_wconf 77' lang='lat' dir='ltr'>sus-</span> 
     </span>
     <span class='ocr_line' id='line_1_28' title="bbox 475 2681 2445 2770; baseline 0.002 -18"><span class='ocrx_word' id='word_1_224' title='bbox 475 2701 654 2765; x_wconf 88' lang='lat' dir='ltr'>tinuit,</span> <span class='ocrx_word' id='word_1_225' title='bbox 679 2716 908 2770; x_wconf 87' lang='lat' dir='ltr'>quorum</span> <span class='ocrx_word' id='word_1_226' title='bbox 953 2716 1027 2755; x_wconf 58' lang='lat' dir='ltr'>aas</span> <span class='ocrx_word' id='word_1_227' title='bbox 1033 2701 1242 2758; x_wconf 89' lang='lat' dir='ltr'>timatio</span> <span class='ocrx_word' id='word_1_228' title='bbox 1272 2707 1355 2756; x_wconf 90' lang='lat' dir='ltr'>est</span> <span class='ocrx_word' id='word_1_229' title='bbox 1390 2699 1585 2755; x_wconf 83' lang='lat' dir='ltr'>infiniti</span> <span class='ocrx_word' id='word_1_230' title='bbox 1614 2681 1831 2766; x_wconf 80' lang='lat' dir='ltr'>valoriS‚</span> <span class='ocrx_word' id='word_1_231' title='bbox 1858 2705 2076 2770; x_wconf 86' lang='lat' dir='ltr'>propter</span> <span class='ocrx_word' id='word_1_232' title='bbox 2121 2699 2445 2769; x_wconf 81' lang='lat' dir='ltr'>dignitatem</span> 
     </span>
     <span class='ocr_line' id='line_1_29' title="bbox 474 2783 2445 2858; baseline 0.001 -18"><span class='ocrx_word' id='word_1_233' title='bbox 474 2801 745 2858; x_wconf 82' lang='lat' dir='ltr'>personae3</span> <span class='ocrx_word' id='word_1_234' title='bbox 781 2785 920 2838; x_wconf 82' lang='lat' dir='ltr'>unde</span> <span class='ocrx_word' id='word_1_235' title='bbox 961 2785 1158 2840; x_wconf 88' lang='lat' dir='ltr'>dicitur</span> <span class='ocrx_word' id='word_1_236' title='bbox 1187 2786 1425 2856; x_wconf 88' lang='lat' dir='ltr'>Sapient.</span> <span class='ocrx_word' id='word_1_237' title='bbox 1470 2802 1573 2852; x_wconf 87' lang='lat' dir='ltr'>vn,</span> <span class='ocrx_word' id='word_1_238' title='bbox 1606 2788 1691 2852; x_wconf 71' lang='grc'><strong>44,</strong></span> <span class='ocrx_word' id='word_1_239' title='bbox 1716 2785 1875 2856; x_wconf 87' lang='lat' dir='ltr'>quod</span> <span class='ocrx_word' id='word_1_240' title='bbox 1888 2785 2131 2856; x_wconf 77' lang='lat' dir='ltr'>infinit-us</span> <span class='ocrx_word' id='word_1_241' title='bbox 2160 2785 2314 2840; x_wconf 82' lang='lat' dir='ltr'>estin</span> <span class='ocrx_word' id='word_1_242' title='bbox 2351 2783 2445 2842; x_wconf 85' lang='lat' dir='ltr'>illa</span> 
     </span>
     <span class='ocr_line' id='line_1_30' title="bbox 476 2871 2445 2933; baseline -0.001 -5"><span class='ocrx_word' id='word_1_243' title='bbox 476 2874 752 2928; x_wconf 78' lang='lat' dir='ltr'>thesaurus</span> <span class='ocrx_word' id='word_1_244' title='bbox 779 2871 1086 2932; x_wconf 75' lang='lat' dir='ltr'>hominibus.</span> <span class='ocrx_word' id='word_1_245' title='bbox 1128 2872 1387 2930; x_wconf 88' lang='lat' dir='ltr'>Similiter</span> <span class='ocrx_word' id='word_1_246' title='bbox 1416 2875 1579 2930; x_wconf 83' lang='lat' dir='ltr'>etiam</span> <span class='ocrx_word' id='word_1_247' title='bbox 1608 2882 1663 2928; x_wconf 92' lang='lat' dir='ltr'>et</span> <span class='ocrx_word' id='word_1_248' title='bbox 1690 2889 1876 2933; x_wconf 89' lang='lat' dir='ltr'>omnes</span> <span class='ocrx_word' id='word_1_249' title='bbox 1914 2872 2003 2928; x_wconf 90' lang='lat' dir='ltr'>alii</span> <span class='ocrx_word' id='word_1_250' title='bbox 2042 2873 2225 2928; x_wconf 89' lang='lat' dir='ltr'>Sancti</span> <span class='ocrx_word' id='word_1_251' title='bbox 2262 2873 2445 2926; x_wconf 77' lang='lat' dir='ltr'>inten-</span> 
     </span>
     <span class='ocr_line' id='line_1_31' title="bbox 478 2957 2440 3042; baseline -0.001 -28"><span class='ocrx_word' id='word_1_252' title='bbox 478 2959 676 3014; x_wconf 88' lang='lat' dir='ltr'>tionem</span> <span class='ocrx_word' id='word_1_253' title='bbox 703 2957 1046 3014; x_wconf 87' lang='lat' dir='ltr'>habuerunt</span> <span class='ocrx_word' id='word_1_254' title='bbox 1033 2976 1087 3013; x_wconf 89' lang='lat' dir='ltr'>m</span> <span class='ocrx_word' id='word_1_255' title='bbox 1102 2959 1185 3014; x_wconf 89' lang='lat' dir='ltr'>his</span> <span class='ocrx_word' id='word_1_256' title='bbox 1204 2975 1338 3031; x_wconf 84' lang='lat' dir='ltr'>quae</span> <span class='ocrx_word' id='word_1_257' title='bbox 1350 2960 1491 3032; x_wconf 83' lang='lat' dir='ltr'>passi</span> <span class='ocrx_word' id='word_1_258' title='bbox 1517 2967 1641 3016; x_wconf 87' lang='lat' dir='ltr'>sunt</span> <span class='ocrx_word' id='word_1_259' title='bbox 1665 2965 1730 3014; x_wconf 87' lang='lat' dir='ltr'>ct</span> <span class='ocrx_word' id='word_1_260' title='bbox 1742 2958 1983 3014; x_wconf 85' lang='lat' dir='ltr'>fecerunt</span> <span class='ocrx_word' id='word_1_261' title='bbox 2006 2967 2221 3042; x_wconf 83' lang='lat' dir='ltr'>propter</span> <span class='ocrx_word' id='word_1_262' title='bbox 2249 2960 2440 3026; x_wconf 90' lang='lat' dir='ltr'>Deum,</span> 
     </span>
     <span class='ocr_line' id='line_1_32' title="bbox 475 3035 2444 3111; baseline -0.002 -9"><span class='ocrx_word' id='word_1_263' title='bbox 475 3053 537 3102; x_wconf 88' lang='lat' dir='ltr'>ut</span> <span class='ocrx_word' id='word_1_264' title='bbox 558 3046 658 3102; x_wconf 91' lang='lat' dir='ltr'>hoc</span> <span class='ocrx_word' id='word_1_265' title='bbox 685 3054 826 3101; x_wconf 89' lang='lat' dir='ltr'>esset</span> <span class='ocrx_word' id='word_1_266' title='bbox 858 3047 924 3101; x_wconf 92' lang='lat' dir='ltr'>ad</span> <span class='ocrx_word' id='word_1_267' title='bbox 957 3046 1250 3103; x_wconf 89' lang='lat' dir='ltr'>utilitatem</span> <span class='ocrx_word' id='word_1_268' title='bbox 1279 3063 1382 3102; x_wconf 93' lang='lat' dir='ltr'>non</span> <span class='ocrx_word' id='word_1_269' title='bbox 1412 3047 1583 3102; x_wconf 90' lang='lat' dir='ltr'>solum</span> <span class='ocrx_word' id='word_1_270' title='bbox 1620 3047 1718 3111; x_wconf 89' lang='lat' dir='ltr'>sui,</span> <span class='ocrx_word' id='word_1_271' title='bbox 1746 3046 1840 3102; x_wconf 89' lang='lat' dir='ltr'>sed</span> <span class='ocrx_word' id='word_1_272' title='bbox 1867 3048 2032 3100; x_wconf 89' lang='lat' dir='ltr'>etiam</span> <span class='ocrx_word' id='word_1_273' title='bbox 2062 3047 2226 3101; x_wconf 90' lang='lat' dir='ltr'>totius</span> <span class='ocrx_word' id='word_1_274' title='bbox 2254 3035 2444 3100; x_wconf 80' lang='lat' dir='ltr'>Eccle-</span> 
     </span>
     <span class='ocr_line' id='line_1_33' title="bbox 475 3127 2495 3206; baseline 0 -18"><span class='ocrx_word' id='word_1_275' title='bbox 475 3127 591 3188; x_wconf 84' lang='lat' dir='ltr'>si&#39;ae.</span> <span class='ocrx_word' id='word_1_276' title='bbox 618 3134 784 3190; x_wconf 89' lang='lat' dir='ltr'>Totus</span> <span class='ocrx_word' id='word_1_277' title='bbox 807 3148 932 3202; x_wconf 88' lang='lat' dir='ltr'>ergo</span> <span class='ocrx_word' id='word_1_278' title='bbox 957 3133 1058 3187; x_wconf 88' lang='lat' dir='ltr'>iste</span> <span class='ocrx_word' id='word_1_279' title='bbox 1092 3132 1376 3206; x_wconf 79' lang='lat' dir='ltr'>thesaurus</span> <span class='ocrx_word' id='word_1_280' title='bbox 1404 3141 1486 3190; x_wconf 86' lang='lat' dir='ltr'>est</span> <span class='ocrx_word' id='word_1_281' title='bbox 1516 3135 1571 3188; x_wconf 91' lang='lat' dir='ltr'>in</span> <span class='ocrx_word' id='word_1_282' title='bbox 1592 3134 1992 3206; x_wconf 85' lang='lat' dir='ltr'>dispensatione</span> <span class='ocrx_word' id='word_1_283' title='bbox 2020 3135 2138 3204; x_wconf 89' lang='lat' dir='ltr'>ejus</span> <span class='ocrx_word' id='word_1_284' title='bbox 2170 3133 2261 3206; x_wconf 90' lang='lat' dir='ltr'>qui</span> <span class='ocrx_word' id='word_1_285' title='bbox 2299 3147 2441 3205; x_wconf 78' lang='lat' dir='ltr'>prae·</span> <span class='ocrx_word' id='word_1_286' title='bbox 2490 3154 2495 3160; x_wconf 91' lang='lat'><strong>·</strong></span> 
     </span>
    </p>
   </div>
   <div class='ocr_carea' id='block_1_5' title="bbox 469 3217 2458 3370">
    <p class='ocr_par' dir='ltr' id='par_1_10' title="bbox 469 3217 2458 3370">
     <span class='ocr_line' id='line_1_34' title="bbox 477 3217 2446 3298; baseline 0.001 -24"><span class='ocrx_word' id='word_1_287' title='bbox 477 3225 560 3274; x_wconf 87' lang='lat' dir='ltr'>cst</span> <span class='ocrx_word' id='word_1_288' title='bbox 585 3217 1128 3298; x_wconf 85' lang='lat' dir='ltr'>generaliEcclesiae;</span> <span class='ocrx_word' id='word_1_289' title='bbox 1157 3221 1296 3275; x_wconf 91' lang='lat' dir='ltr'>unde</span> <span class='ocrx_word' id='word_1_290' title='bbox 1321 3222 1475 3277; x_wconf 89' lang='lat' dir='ltr'>Petro</span> <span class='ocrx_word' id='word_1_291' title='bbox 1501 3222 1759 3276; x_wconf 90' lang='lat' dir='ltr'>Dominus</span> <span class='ocrx_word' id='word_1_292' title='bbox 1788 3221 1979 3296; x_wconf 39' lang='lat' dir='ltr'>claves·</span> <span class='ocrx_word' id='word_1_293' title='bbox 1996 3221 2145 3291; x_wconf 87' lang='lat' dir='ltr'>regni</span> <span class='ocrx_word' id='word_1_294' title='bbox 2184 3220 2446 3276; x_wconf 85' lang='lat' dir='ltr'>coelorum</span> 
     </span>
     <span class='ocr_line' id='line_1_35' title="bbox 469 3298 2458 3370; baseline -0.001 -16"><span class='ocrx_word' id='word_1_295' title='bbox 469 3299 758 3364; x_wconf 85' lang='lat' dir='ltr'>commisit,</span> <span class='ocrx_word' id='word_1_296' title='bbox 789 3299 978 3352; x_wconf 87' lang='lat' dir='ltr'>Matth.</span> <span class='ocrx_word' id='word_1_297' title='bbox 1010 3314 1152 3357; x_wconf 82' lang='lat' dir='ltr'>xvn.</span> <span class='ocrx_word' id='word_1_298' title='bbox 1181 3299 1406 3368; x_wconf 90' lang='lat' dir='ltr'>Quando</span> <span class='ocrx_word' id='word_1_299' title='bbox 1434 3315 1563 3370; x_wconf 87' lang='lat' dir='ltr'>ergo</span> <span class='ocrx_word' id='word_1_300' title='bbox 1588 3299 1795 3354; x_wconf 88' lang='lat' dir='ltr'>utilitas</span> <span class='ocrx_word' id='word_1_301' title='bbox 1834 3299 1915 3353; x_wconf 86' lang='lat' dir='ltr'>vel</span> <span class='ocrx_word' id='word_1_302' title='bbox 1958 3299 2253 3353; x_wconf 86' lang='lat' dir='ltr'>necessitas</span> <span class='ocrx_word' id='word_1_303' title='bbox 2285 3298 2458 3370; x_wconf 84' lang='lat' dir='ltr'>ipsius</span> 
     </span>
    </p>
   </div>
   <div class='ocr_carea' id='block_1_6' title="bbox 467 3385 2458 3918">
    <p class='ocr_par' dir='ltr' id='par_1_11' title="bbox 467 3385 2458 3914">
     <span class='ocr_line' id='line_1_36' title="bbox 471 3385 2456 3460; baseline -0.001 -16"><span class='ocrx_word' id='word_1_304' title='bbox 471 3385 726 3444; x_wconf 83' lang='lat' dir='ltr'>Ecclesiae</span> <span class='ocrx_word' id='word_1_305' title='bbox 763 3385 864 3447; x_wconf 82' lang='lat' dir='ltr'>hoc</span> <span class='ocrx_word' id='word_1_306' title='bbox 909 3387 1170 3458; x_wconf 84' lang='lat' dir='ltr'>exposcit,</span> <span class='ocrx_word' id='word_1_307' title='bbox 1202 3395 1380 3459; x_wconf 84' lang='lat' dir='ltr'>potest</span> <span class='ocrx_word' id='word_1_308' title='bbox 1425 3387 1513 3444; x_wconf 90' lang='lat' dir='ltr'>ille</span> <span class='ocrx_word' id='word_1_309' title='bbox 1554 3389 1648 3460; x_wconf 85' lang='lat' dir='ltr'>qui</span> <span class='ocrx_word' id='word_1_310' title='bbox 1690 3393 1887 3459; x_wconf 77' lang='lat' dir='ltr'>praeest</span> <span class='ocrx_word' id='word_1_311' title='bbox 1924 3387 2200 3451; x_wconf 72' lang='lat' dir='ltr'>Ecclesiae,</span> <span class='ocrx_word' id='word_1_312' title='bbox 2234 3386 2300 3441; x_wconf 91' lang='lat' dir='ltr'>de</span> <span class='ocrx_word' id='word_1_313' title='bbox 2346 3385 2456 3456; x_wconf 80' lang='lat' dir='ltr'>ista</span> 
     </span>
     <span class='ocr_line' id='line_1_37' title="bbox 468 3467 2457 3549; baseline -0.001 -17"><span class='ocrx_word' id='word_1_314' title='bbox 468 3475 732 3532; x_wconf 84' lang='lat' dir='ltr'>infinitate</span> <span class='ocrx_word' id='word_1_315' title='bbox 758 3474 994 3537; x_wconf 81' lang='lat' dir='ltr'>thesauri</span> <span class='ocrx_word' id='word_1_316' title='bbox 1019 3477 1418 3533; x_wconf 86' lang='lat' dir='ltr'>communicare</span> <span class='ocrx_word' id='word_1_317' title='bbox 1444 3475 1607 3533; x_wconf 86' lang='lat' dir='ltr'>alicui</span> <span class='ocrx_word' id='word_1_318' title='bbox 1643 3478 1734 3549; x_wconf 90' lang='lat' dir='ltr'>qui</span> <span class='ocrx_word' id='word_1_319' title='bbox 1762 3493 1855 3548; x_wconf 84' lang='lat' dir='ltr'>per</span> <span class='ocrx_word' id='word_1_320' title='bbox 1878 3467 2164 3536; x_wconf 81' lang='lat' dir='ltr'>caritatem</span> <span class='ocrx_word' id='word_1_321' title='bbox 2185 3473 2255 3530; x_wconf 73' lang='lat' dir='ltr'>fit</span> <span class='ocrx_word' id='word_1_322' title='bbox 2280 3489 2457 3530; x_wconf 87' lang='lat' dir='ltr'>mem-</span> 
     </span>
     <span class='ocr_line' id='line_1_38' title="bbox 467 3562 2457 3642; baseline -0.001 -22"><span class='ocrx_word' id='word_1_323' title='bbox 467 3563 622 3622; x_wconf 80' lang='lat' dir='ltr'>bruni</span> <span class='ocrx_word' id='word_1_324' title='bbox 654 3562 926 3630; x_wconf 87' lang='lat' dir='ltr'>Ecclesiae,</span> <span class='ocrx_word' id='word_1_325' title='bbox 953 3562 1020 3620; x_wconf 91' lang='lat' dir='ltr'>de</span> <span class='ocrx_word' id='word_1_326' title='bbox 1056 3565 1319 3637; x_wconf 87' lang='lat' dir='ltr'>praedicto</span> <span class='ocrx_word' id='word_1_327' title='bbox 1365 3565 1619 3642; x_wconf 84' lang='lat' dir='ltr'>thesauro</span> <span class='ocrx_word' id='word_1_328' title='bbox 1644 3570 1905 3638; x_wconf 89' lang='lat' dir='ltr'>quantum</span> <span class='ocrx_word' id='word_1_329' title='bbox 1940 3562 2043 3618; x_wconf 91' lang='lat' dir='ltr'>sibi</span> <span class='ocrx_word' id='word_1_330' title='bbox 2077 3564 2252 3619; x_wconf 90' lang='lat' dir='ltr'>visum</span> <span class='ocrx_word' id='word_1_331' title='bbox 2290 3562 2457 3618; x_wconf 84' lang='lat' dir='ltr'>suerit</span> 
     </span>
     <span class='ocr_line' id='line_1_39' title="bbox 467 3649 2455 3730; baseline -0.001 -22"><span class='ocrx_word' id='word_1_332' title='bbox 467 3660 846 3725; x_wconf 85' lang='lat' dir='ltr'>opportunum,</span> <span class='ocrx_word' id='word_1_333' title='bbox 879 3653 960 3708; x_wconf 88' lang='lat' dir='ltr'>vel</span> <span class='ocrx_word' id='word_1_334' title='bbox 1012 3668 1182 3726; x_wconf 88' lang='lat' dir='ltr'>usque</span> <span class='ocrx_word' id='word_1_335' title='bbox 1225 3653 1291 3710; x_wconf 87' lang='lat' dir='ltr'>ad</span> <span class='ocrx_word' id='word_1_336' title='bbox 1341 3653 1565 3730; x_wconf 88' lang='lat' dir='ltr'>totalem</span> <span class='ocrx_word' id='word_1_337' title='bbox 1613 3651 1985 3708; x_wconf 87' lang='lat' dir='ltr'>remissionem</span> <span class='ocrx_word' id='word_1_338' title='bbox 2032 3666 2334 3724; x_wconf 69' lang='lat' dir='ltr'>pennarum,</span> <span class='ocrx_word' id='word_1_339' title='bbox 2367 3649 2455 3706; x_wconf 88' lang='lat' dir='ltr'>vel</span> 
     </span>
     <span class='ocr_line' id='line_1_40' title="bbox 469 3738 2457 3814; baseline -0.001 -20"><span class='ocrx_word' id='word_1_340' title='bbox 469 3756 639 3812; x_wconf 80' lang='lat' dir='ltr'>usquo</span> <span class='ocrx_word' id='word_1_341' title='bbox 669 3741 736 3798; x_wconf 91' lang='lat' dir='ltr'>ad</span> <span class='ocrx_word' id='word_1_342' title='bbox 765 3739 1011 3814; x_wconf 86' lang='lat' dir='ltr'>aliquam</span> <span class='ocrx_word' id='word_1_343' title='bbox 1051 3745 1255 3797; x_wconf 85' lang='lat' dir='ltr'>certam</span> <span class='ocrx_word' id='word_1_344' title='bbox 1294 3741 1689 3812; x_wconf 81' lang='lat' dir='ltr'>quantitatem3</span> <span class='ocrx_word' id='word_1_345' title='bbox 1732 3742 1807 3796; x_wconf 89' lang='lat' dir='ltr'>ita</span> <span class='ocrx_word' id='word_1_346' title='bbox 1853 3738 2058 3795; x_wconf 80' lang='lat' dir='ltr'>scilicet</span> <span class='ocrx_word' id='word_1_347' title='bbox 2092 3739 2233 3810; x_wconf 88' lang='lat' dir='ltr'>quod</span> <span class='ocrx_word' id='word_1_348' title='bbox 2276 3739 2457 3810; x_wconf 83' lang='lat' dir='ltr'>passio</span> 
     </span>
     <span class='ocr_line' id='line_1_41' title="bbox 469 3825 2458 3918; baseline -0.004 -32"><span class='ocrx_word' id='word_1_349' title='bbox 469 3825 666 3892; x_wconf 82' lang='lat' dir='ltr'>Christi</span> <span class='ocrx_word' id='word_1_350' title='bbox 695 3837 750 3886; x_wconf 90' lang='lat' dir='ltr'>et</span> <span class='ocrx_word' id='word_1_351' title='bbox 773 3828 998 3894; x_wconf 81' lang='lat' dir='ltr'>aliorum</span> <span class='ocrx_word' id='word_1_352' title='bbox 1027 3829 1349 3918; x_wconf 83' lang='lat' dir='ltr'>Sanctorum</span> <span class='ocrx_word' id='word_1_353' title='bbox 1377 3829 1429 3884; x_wconf 88' lang='lat' dir='ltr'>ei</span> <span class='ocrx_word' id='word_1_354' title='bbox 1458 3827 1793 3914; x_wconf 81' lang='lat' dir='ltr'>imputetur</span> <span class='ocrx_word' id='word_1_355' title='bbox 1783 3842 1849 3887; x_wconf 82' lang='lat' dir='ltr'>ac</span> <span class='ocrx_word' id='word_1_356' title='bbox 1877 3826 1922 3895; x_wconf 81' lang='lat' dir='ltr'>si</span> <span class='ocrx_word' id='word_1_357' title='bbox 1950 3827 2067 3913; x_wconf 74' lang='lat' dir='ltr'>ipse</span> <span class='ocrx_word' id='word_1_358' title='bbox 2093 3841 2284 3912; x_wconf 79' lang='lat' dir='ltr'>passus</span> <span class='ocrx_word' id='word_1_359' title='bbox 2310 3830 2458 3894; x_wconf 71' lang='lat' dir='ltr'>esset</span> 
     </span>
    </p>
   </div>
  </div>
 </body>
</html>
