2800 4492
60 418 63 460 “·
62 375 65 382 “
62 313 73 350 ⁰*
64 161 85 290 ”.-·-.Ἷ

87 396 94 406 .
88 234 94 242 .
68 0 94 158 ''T-7

539 378 622 444 20
1020 396 1072 442 s.
1116 393 1350 441 ⁰1·quAE
1389 393 1716 446 mmm-ns
1757 393 2069 440 opuscuna

1241 601 1697 662 ARTICULUS
1741 601 1849 662 IV.

633 733 854 802 Utrum
881 733 962 799 ad
983 733 1203 798 divinat
1233 733 1573 812 Trinitatis
1595 733 1991 814 coquitionem
2026 749 2185 796 mens
2206 731 2471 797 humana

808 842 923 906 per
961 823 1304 888 naturalem
1329 823 1624 887 rationem
1639 823 1953 902 pervenire
1978 823 2260 901 sufficiat.

611 957 693 1014 Ad
736 965 995 1032 quartum
1035 959 1116 1014 sic
1158 957 1494 1030 proceditur.
1524 957 1579 1011 4.
1617 956 1845 1012 Videtur
1880 957 2025 1030 quod
2061 956 2131 1012 ad
2179 955 2551 1028 cognitionem

537 1045 740 1106 divinae
763 1043 1235 1104 'Trinitatis'mens
1259 1046 1497 1102 hnmana
1525 1060 1622 1118 per
1653 1043 1961 1102 naturalem
1989 1043 2550 1102 rationem-sufficiat.

539 1132 821 1206 Quidquid
849 1134 995 1189 enim
1019 1133 1277 1189 convenit
1302 1132 1416 1187 enti
1441 1131 1496 1186 in
1521 1137 1789 1204 quantum
1814 1139 1898 1188 est
1923 1145 2039 1201 ens,
2066 1136 2285 1206 oportet
2312 1131 2555 1187 maxime

539 1221 600 1277 in
627 1222 804 1294 primo
831 1221 957 1278 'ente
983 1221 1259 1278 inveniri':
1291 1220 1386 1276 sed
1414 1221 1633 1276 trinitas
1656 1219 1911 1278 convenit
1940 1220 2051 1276 enti
2078 1221 2134 1276 in
2161 1225 2428 1292 quantum
2464 1227 2555 1275 est

540 1326 656 1376 enS,
687 1326 810 1366 curn
848 1311 902 1366 in
932 1309 1185 1366 omnibus
1213 1308 1430 1365 entibus
1459 1309 1788 1376 inveniatur,
1820 1310 2061 1382 eoquod
2091 1307 2555 1365 omnia-habeant

539 1399 801 1473 speciem,
833 1400 1077 1466 modum,
1111 1407 1167 1456 et
1209 1399 1476 1464 ordinem,
1512 1405 1577 1454 ut
1617 1398 1909 1470 Augustin.
1940 1397 2110 1469 dicit3
2142 1407 2271 1469 ergo
2298 1396 2553 1454 naturali

539 1487 754 1545 ratione
782 1489 911 1544 sciri
943 1489 1121 1560 potest
1149 1487 1296 1560 quod
1315 1487 1372 1541 in
1393 1487 1515 1542 'Deo
1541 1486 1615 1541 sit
1640 1487 1899 1542 Trin'itaS.
1966 1495 1973 1501 ·

587 1576 664 1635 '2.
688 1579 845 1645 Item,
879 1575 1318 1649 nulla-perfectio
1346 1581 1433 1630 est
1460 1574 1835 1632 subtrahenda·
1860 1575 1973 1631 Deo
2008 1591 2023 1630 t
2051 1575 2147 1632 sed
2167 1574 2437 1631 ternarius
2466 1581 2555 1633 est
2650 1629 2655 1636 ,

542 1664 1178 1738 numerus'perfectionis
1206 1663 1381 1719 omnis
1407 1661 1507 1730 rei,
1536 1671 1595 1720 ut
1624 1661 1827 1720 dicitur
1854 1679 1876 1720 1
1902 1663 2037 1720 Coeli
2072 1670 2128 1720 et
2154 1663 2337 1720 Mundi
2362 1681 2377 1732 ;
2418 1679 2554 1736 ergo

541 1754 782 1810 Trinitas
812 1754 924 1808 Deo
948 1758 1032 1808 est
1055 1750 1424 1818 attribuenda,
1454 1752 1613 1808 etsie
1641 1751 1789 1808 idem
1816 1751 1963 1825 quod
1989 1753 2171 1824 prius..-

590 1846 665 1897 -3,
696 1843 854 1908 Item,
901 1839 1076 1897 omnis
1105 1839 1451 1913 inaequalitas
1477 1841 1545 1897 ad
1574 1840 1948 1913 aequalitatem
1968 1841 2258 1898 'reducitur
2284 1841 2549 1914 priorem,

541 1929 686 1986 sicut
727 1927 1022 1984 multitudo
1062 1925 1130 1983 ad
1177 1926 1446 1984 unitatem
1490 1944 1507 1981 z
1550 1926 1648 1984 sed
1687 1927 1827 1984 inter
1868 1927 2043 1983 Deum
2083 1936 2139 1984 et
2180 1927 2415 2001 primum
2452 1943 2557 1988 ens

539 2022 786 2074 creatum
826 2023 910 2090 est
937 2013 1318 2088 inaequalitas;
1357 2030 1515 2087 ergo
1529 2022 1745 2088 oportet
1774 2019 2100 2089 praecedere
2110 2016 2275 2073 aliam
2314 2016 2555 2090 aequali-

539 2113 732 2174 tatem,
765 2120 889 2178 quae
916 2121 1042 2161 cum
1081 2119 1188 2161 non
1223 2105 1296 2162 sit
1319 2105 1426 2160 nisi
1470 2104 1723 2177 plurium,
1765 2112 1982 2178 oportet
2009 2119 2129 2162 esse
2156 2106 2401 2179 aliquam
2425 2104 2556 2178 plu-

539 2196 765 2251 ritatem
795 2194 847 2249 in
877 2194 1095 2252 divinis.
2120 2215 2132 2228 -·
2202 2216 2209 2228 ·

585 2285 661 2338 ·.4
694 2283 852 2351 Item,
883 2293 1051 2339 omne
1067 2282 1413 2356 aequivocum
1441 2282 1725 2340 reducitur
1754 2282 1821 2340 ad
1854 2283 2144 2340 univocum
2192 2283 2343 2339 :sed
2368 2283 2555 2340 exitus

538 2379 810 2429 creaturas
851 2387 884 2429 a
930 2371 1044 2428 Deo
1073 2376 1158 2427 est
1193 2371 1545 2444 aequivocum
1586 2379 1825 2444 oportet
1842 2386 1973 2444 ergo
2016 2380 2145 2431 ante
2170 2371 2315 2428 hunc
2349 2388 2555 2444 ponere

537 2461 942 2536 processionem
964 2461 1293 2527 univocam,
1325 2475 1437 2534 qua
1464 2461 1611 2518 Deus
1652 2461 1899 2534 procedit
1939 2477 1971 2518 a
2002 2463 2135 2530 Dec,
2184 2477 2252 2516 ex
2285 2477 2413 2534 qua
2423 2460 2556 2516 Tri-

538 2550 684 2607 nitas
708 2563 1064 2623 personarum
1092 2550 1360 2622 sequitur.
2378 2571 2383 2580 ¹

607 2640 662 2694 5.
686 2639 842 2704 Item,
862 2638 1061 2694 nullius
1080 2637 1205 2694 boni
1221 2637 1336 2693 sine
1356 2638 1633 2695 consortio
1649 2643 1829 2711 potest
1844 2653 1963 2695 esse
1973 2637 2217 2710 jucunda
2232 2638 2505 2710 possessio

537 2725 678 2782 sed·
665 2742 723 2782 m
749 2726 863 2782 Deo
891 2732 976 2781 est
997 2725 1068 2781 ab
1094 2732 1302 2782 aeterno
1323 2725 1873 2798 jucundissima‘boni
1899 2727 2187 2799 possessio,
2220 2741 2349 2797 ergo
2386 2726 2573 2793 babet

537 2820 809 2872 aeternum
850 2813 1203 2880 consortium,
1237 2814 1384 2887 quod
1413 2830 1521 2871 non
1550 2821 1633 2871 est
1674 2815 1781 2872 nisi
1820 2815 2130 2872 divinarum
2168 2830 2550 2888 personarum,

538 2901 668 2977 quia
716 2901 861 2958 nulla
903 2909 1158 2959 creatura
1198 2908 1280 2958 est
1314 2907 1541 2970 aeterna,
1590 2919 1720 2976 ergo
1763 2908 1979 2976 oportet
2024 2904 2080 2960 in
2108 2903 2327 2959 Deitate
2367 2903 2555 2976 plures

539 3003 804 3063 personas
833 3001 1078 3064 ponere.
1376 3012 1382 3020 ·
1583 3009 1589 3016 ·
1793 3029 1799 3036 ι
1850 3027 1855 3034 -
1890 3011 1895 3016 ·
2052 3011 2057 3016 ·
2138 3031 2143 3036 -
2174 3026 2179 3032 -
2295 3013 2299 3017 ·
2433 3011 2439 3020 ·
2542 3014 2553 3019 ·

609 3083 662 3137 6
686 3082 842 3149 Item,
869 3081 1015 3154 quod
1035 3081 1181 3138 Deus
1193 3079 1591 3153 sitintelligens
1611 3081 1821 3138 ratione
1848 3079 2086 3138 naturali
2108 3085 2289 3154 potest
2314 3079 2505 3138 haberi
2534 3098 2553 3138 z

539 3151 636 3226 sed
665 3183 732 3224 ex
759 3168 864 3225 hoc
894 3167 1039 3240 quod
1067 3175 1153 3224 est
1189 3169 1499 3242 intelligens
1521 3171 1771 3242 sequitur
1796 3170 1943 3243 quod
1972 3169 2211 3226 Verbum
2250 3169 2551 3241 concipiat,

540 3257 671 3330 quia
712 3256 812 3314 hoc
859 3263 943 3314 est
983 3272 1269 3315 commune
1314 3258 1462 3314 omni
1500 3257 1856 3330 intelligenti3
1900 3273 2031 3330 ergo
2060 3257 2293 3315 naturali
2336 3259 2556 3315 ratione

540 3351 722 3419 potest
749 3347 1003 3418 cognosci
1027 3345 1147 3402 Filii
1173 3346 1472 3418 generatio,
1500 3353 1557 3401 et
1581 3346 1771 3402 eadem
1795 3347 2006 3403 ratione
2028 3347 2231 3403 amoris
2250 3346 2553 3418 processio.

611 3435 665 3490 7.
687 3435 844 3504 Item,
869 3435 1050 3492 Ricar.
1064 3434 1138 3490 de
1159 3435 1358 3492 Sancto
1378 3435 1587 3492 Victor.
1615 3434 1670 3490 in
1696 3433 1789 3489 lib.
1811 3433 1880 3490 de
1905 3435 2101 3490 Trinit.
2122 3434 2258 3491 dicit
2285 3452 2299 3488 z
2328 3455 2353 3487 α
2372 3436 2556 3492 Credo

537 3524 656 3581 sine
683 3523 847 3580 dubio
880 3523 950 3579 ad
985 3523 1351 3596 quorumlibet
1379 3522 1837 3595 explanationem,
1880 3538 2005 3596 quae
2035 3538 2255 3579 necesse
2283 3529 2368 3579 est
2404 3538 2552 3591 esse,

539 3627 647 3669 non
674 3613 834 3670 modo
850 3612 1170 3685 probabilia,
1187 3613 1284 3669 sed
1308 3611 1479 3669 etiam
1496 3612 1808 3668 ‘necessaria
1827 3618 2151 3683 argumenta
2166 3627 2273 3668 non
2287 3611 2500 3682 deesse,
2524 3632 2554 3665 n

539 3701 635 3758 sed
683 3702 858 3757 Deum
896 3715 1015 3756 esse
1053 3701 1257 3758 trinum
1295 3710 1352 3759 et
1397 3715 1568 3757 unum
1608 3708 1694 3757 est
1718 3714 1957 3768 necesse,
1990 3700 2119 3772 quia
2148 3705 2235 3758 est
2269 3707 2554 3772 aeternus3

538 3805 670 3860 ergo
696 3789 767 3846 ad
792 3787 898 3844 hoc
920 3796 1047 3844 sunt
1072 3789 1311 3846 rationes
1333 3788 1680 3856 necessariae,
1710 3794 1767 3844 et
1792 3788 1874 3845 sic
1897 3789 2041 3844 idem
2066 3789 2213 3864 quod
2243 3789 2414 3861 prius.

610 3882 666 3933 8.
686 3879 842 3943 Item,
868 3875 1130 3934 Platonici
1151 3892 1255 3934 non
1280 3877 1591 3935 habuerunt
1613 3877 1978 3950 cognitionem
1996 3877 2063 3934 de
2082 3879 2195 3934 Deo
2215 3875 2317 3936 nisi
2338 3894 2436 3950 per
2458 3893 2555 3936 ra-

537 3966 748 4028 tionem
774 3982 788 4022 z
814 3964 912 4024 sed
941 3965 1045 4040 ipsi
1081 3974 1380 4041 posuerunt
1414 3962 1486 4025 ad
1514 3961 1695 4025 minus
1720 3965 1861 4025 duas
1881 3965 2407 4054 personas-scilicet
2443 3968 2558 4027 Pa-
