<?xml version="1.0" encoding="UTF-8"?>
<!DOCTYPE html PUBLIC "-//W3C//DTD XHTML 1.0 Transitional//EN"
    "http://www.w3.org/TR/xhtml1/DTD/xhtml1-transitional.dtd">
<html xmlns="http://www.w3.org/1999/xhtml" xml:lang="en" lang="en">
 <head>
  <title>
</title>
<meta http-equiv="Content-Type" content="text/html;charset=utf-8" />
  <meta name='ocr-system' content='tesseract 3.04.00' />
  <meta name='ocr-capabilities' content='ocr_page ocr_carea ocr_par ocr_line ocrx_word'/>
</head>
<body>
  <div class='ocr_page' id='page_1' title='image "./sthomaquinatisd00thomgoog_0571.png"; bbox 0 0 2800 4492; ppageno 0'>
   <div class='ocr_carea' id='block_1_1' title="bbox 709 318 2277 393">
    <p class='ocr_par' dir='ltr' id='par_1_1' title="bbox 709 318 2277 393">
     <span class='ocr_line' id='line_1_1' title="bbox 709 318 2277 393; baseline -0.003 -5"><span class='ocrx_word' id='word_1_1' title='bbox 709 338 821 389; x_wconf 69' lang='grc' dir='ltr'><strong>ΧΠ.</strong></span> <span class='ocrx_word' id='word_1_2' title='bbox 853 357 930 372; x_wconf 89' lang='grc'>-</span> <span class='ocrx_word' id='word_1_3' title='bbox 963 337 1384 393; x_wconf 78' lang='lat' dir='ltr'><strong>QUODLIBETUM</strong></span> <span class='ocrx_word' id='word_1_4' title='bbox 1444 338 1848 387; x_wconf 68' lang='lat' dir='ltr'><strong>ovonsscnuun</strong></span> <span class='ocrx_word' id='word_1_5' title='bbox 2161 318 2277 387; x_wconf 74' lang='lat'><strong>557</strong></span> 
     </span>
    </p>
   </div>
   <div class='ocr_carea' id='block_1_2' title="bbox 275 454 2284 1157">
    <p class='ocr_par' dir='ltr' id='par_1_2' title="bbox 275 454 2284 1157">
     <span class='ocr_line' id='line_1_2' title="bbox 281 454 2283 532; baseline -0.001 -17"><span class='ocrx_word' id='word_1_6' title='bbox 281 454 458 515; x_wconf 78' lang='lat' dir='ltr'><strong>virtus</strong></span> <span class='ocrx_word' id='word_1_7' title='bbox 484 454 767 531; x_wconf 89' lang='lat' dir='ltr'><strong>impressa.</strong></span> <span class='ocrx_word' id='word_1_8' title='bbox 787 458 971 515; x_wconf 89' lang='lat' dir='ltr'><strong>Potest</strong></span> <span class='ocrx_word' id='word_1_9' title='bbox 993 456 1156 515; x_wconf 91' lang='lat' dir='ltr'><strong>etiam</strong></span> <span class='ocrx_word' id='word_1_10' title='bbox 1179 456 1287 515; x_wconf 90' lang='lat' dir='ltr'><strong>dici</strong></span> <span class='ocrx_word' id='word_1_11' title='bbox 1316 458 1462 531; x_wconf 91' lang='lat' dir='ltr'><strong>quod</strong></span> <span class='ocrx_word' id='word_1_12' title='bbox 1480 458 1645 516; x_wconf 86' lang='lat' dir='ltr'><strong>verba</strong></span> <span class='ocrx_word' id='word_1_13' title='bbox 1670 458 1879 532; x_wconf 85' lang='lat' dir='ltr'><strong>prolata</strong></span> <span class='ocrx_word' id='word_1_14' title='bbox 1901 456 1955 513; x_wconf 89' lang='lat' dir='ltr'><strong>in</strong></span> <span class='ocrx_word' id='word_1_15' title='bbox 1980 464 2131 515; x_wconf 86' lang='lat' dir='ltr'><strong>certo</strong></span> <span class='ocrx_word' id='word_1_16' title='bbox 2154 464 2283 515; x_wconf 87' lang='lat' dir='ltr'><strong>tem·</strong></span> 
     </span>
     <span class='ocr_line' id='line_1_3' title="bbox 277 546 2279 623; baseline 0 -20"><span class='ocrx_word' id='word_1_17' title='bbox 277 564 410 623; x_wconf 89' lang='lat' dir='ltr'><strong>pore</strong></span> <span class='ocrx_word' id='word_1_18' title='bbox 431 546 668 607; x_wconf 82' lang='lat' dir='ltr'><strong>habeant</strong></span> <span class='ocrx_word' id='word_1_19' title='bbox 702 546 999 603; x_wconf 89' lang='lat' dir='ltr'><strong>efficaciam</strong></span> <span class='ocrx_word' id='word_1_20' title='bbox 1023 547 1271 605; x_wconf 88' lang='lat' dir='ltr'><strong>movendi</strong></span> <span class='ocrx_word' id='word_1_21' title='bbox 1293 564 1307 618; x_wconf 91' lang='lat'><strong>;</strong></span> <span class='ocrx_word' id='word_1_22' title='bbox 1330 548 1427 604; x_wconf 89' lang='lat' dir='ltr'><strong>sed</strong></span> <span class='ocrx_word' id='word_1_23' title='bbox 1458 546 1561 604; x_wconf 91' lang='lat' dir='ltr'><strong>hoc</strong></span> <span class='ocrx_word' id='word_1_24' title='bbox 1585 564 1691 603; x_wconf 91' lang='lat' dir='ltr'><strong>non</strong></span> <span class='ocrx_word' id='word_1_25' title='bbox 1720 556 1802 605; x_wconf 91' lang='lat' dir='ltr'><strong>est</strong></span> <span class='ocrx_word' id='word_1_26' title='bbox 1828 564 2037 605; x_wconf 86' lang='lat' dir='ltr'><strong>verum.</strong></span> <span class='ocrx_word' id='word_1_27' title='bbox 2056 549 2195 605; x_wconf 91' lang='lat' dir='ltr'><strong>Nam</strong></span> <span class='ocrx_word' id='word_1_28' title='bbox 2218 548 2279 603; x_wconf 84' lang='lat' dir='ltr'><strong>in</strong></span> 
     </span>
     <span class='ocr_line' id='line_1_4' title="bbox 275 635 2281 711; baseline -0 -19"><span class='ocrx_word' id='word_1_29' title='bbox 275 636 439 693; x_wconf 88' lang='lat' dir='ltr'><strong>rebus</strong></span> <span class='ocrx_word' id='word_1_30' title='bbox 464 635 804 693; x_wconf 85' lang='lat' dir='ltr'><strong>naturalibus</strong></span> <span class='ocrx_word' id='word_1_31' title='bbox 827 636 1010 693; x_wconf 88' lang='lat' dir='ltr'><strong>omnia</strong></span> <span class='ocrx_word' id='word_1_32' title='bbox 1039 652 1162 709; x_wconf 82' lang='lat' dir='ltr'><strong>q-uae</strong></span> <span class='ocrx_word' id='word_1_33' title='bbox 1180 635 1389 693; x_wconf 69' lang='lat' dir='ltr'><strong>hahent⁴</strong></span> <span class='ocrx_word' id='word_1_34' title='bbox 1409 636 1651 710; x_wconf 81' lang='lat' dir='ltr'>aliquam</span> <span class='ocrx_word' id='word_1_35' title='bbox 1676 637 1934 693; x_wconf 87' lang='lat' dir='ltr'><strong>virtutem</strong></span> <span class='ocrx_word' id='word_1_36' title='bbox 1964 653 2033 695; x_wconf 82' lang='lat' dir='ltr'><strong>ex-</strong></span> <span class='ocrx_word' id='word_1_37' title='bbox 2054 652 2281 711; x_wconf 89' lang='lat' dir='ltr'><strong>corpore</strong></span> 
     </span>
     <span class='ocr_line' id='line_1_5' title="bbox 277 721 2281 799; baseline -0.001 -17"><span class='ocrx_word' id='word_1_38' title='bbox 277 725 506 793; x_wconf 83' lang='lat' dir='ltr'><strong>caelesti,</strong></span> <span class='ocrx_word' id='word_1_39' title='bbox 541 721 741 782; x_wconf 89' lang='lat' dir='ltr'><strong>habent</strong></span> <span class='ocrx_word' id='word_1_40' title='bbox 771 724 920 781; x_wconf 90' lang='lat' dir='ltr'><strong>illam</strong></span> <span class='ocrx_word' id='word_1_41' title='bbox 947 732 1372 799; x_wconf 72' lang='lat' dir='ltr'><strong>consequentem</strong></span> <span class='ocrx_word' id='word_1_42' title='bbox 1403 725 1643 799; x_wconf 82' lang='lat' dir='ltr'><strong>aliquam</strong></span> <span class='ocrx_word' id='word_1_43' title='bbox 1674 726 1942 795; x_wconf 85' lang='lat' dir='ltr'><strong>sormam;</strong></span> <span class='ocrx_word' id='word_1_44' title='bbox 1977 726 2120 783; x_wconf 88' lang='lat' dir='ltr'><strong>unde</strong></span> <span class='ocrx_word' id='word_1_45' title='bbox 2149 725 2281 781; x_wconf 93' lang='lat' dir='ltr'><strong>nihil</strong></span> 
     </span>
     <span class='ocr_line' id='line_1_6' title="bbox 278 808 2282 895; baseline -0.001 -23"><span class='ocrx_word' id='word_1_46' title='bbox 278 816 394 887; x_wconf 86' lang='lat' dir='ltr'><strong>agit</strong></span> <span class='ocrx_word' id='word_1_47' title='bbox 418 814 486 873; x_wconf 89' lang='lat' dir='ltr'><strong>ad</strong></span> <span class='ocrx_word' id='word_1_48' title='bbox 511 814 750 889; x_wconf 82' lang='lat' dir='ltr'><strong>speciem</strong></span> <span class='ocrx_word' id='word_1_49' title='bbox 775 814 877 872; x_wconf 88' lang='lat' dir='ltr'><strong>nisi</strong></span> <span class='ocrx_word' id='word_1_50' title='bbox 903 830 971 872; x_wconf 83' lang='lat' dir='ltr'><strong>ex</strong></span> <span class='ocrx_word' id='word_1_51' title='bbox 999 808 1203 871; x_wconf 83' lang='lat' dir='ltr'><strong>virtute</strong></span> <span class='ocrx_word' id='word_1_52' title='bbox 1237 813 1481 887; x_wconf 87' lang='lat' dir='ltr'><strong>corporis</strong></span> <span class='ocrx_word' id='word_1_53' title='bbox 1508 814 1777 883; x_wconf 86' lang='lat' dir='ltr'><strong>caelestis;</strong></span> <span class='ocrx_word' id='word_1_54' title='bbox 1810 822 1866 895; x_wconf 77' lang='lat' dir='ltr'><strong>et</strong></span> <span class='ocrx_word' id='word_1_55' title='bbox 1892 815 1973 871; x_wconf 90' lang='lat' dir='ltr'><strong>sic</strong></span> <span class='ocrx_word' id='word_1_56' title='bbox 1995 815 2170 871; x_wconf 84' lang='lat' dir='ltr'><strong>forma</strong></span> <span class='ocrx_word' id='word_1_57' title='bbox 2198 821 2282 869; x_wconf 88' lang='lat' dir='ltr'><strong>est</strong></span> 
     </span>
     <span class='ocr_line' id='line_1_7' title="bbox 277 900 2282 977; baseline -0 -19"><span class='ocrx_word' id='word_1_58' title='bbox 277 905 428 977; x_wconf 90' lang='lat' dir='ltr'><strong>prius</strong></span> <span class='ocrx_word' id='word_1_59' title='bbox 458 904 512 959; x_wconf 93' lang='lat' dir='ltr'><strong>in</strong></span> <span class='ocrx_word' id='word_1_60' title='bbox 558 918 886 977; x_wconf 89' lang='lat' dir='ltr'><strong>unoquoque</strong></span> <span class='ocrx_word' id='word_1_61' title='bbox 931 918 1097 976; x_wconf 91' lang='lat' dir='ltr'><strong>quam</strong></span> <span class='ocrx_word' id='word_1_62' title='bbox 1143 900 1318 957; x_wconf 84' lang='lat' dir='ltr'><strong>virtus</strong></span> <span class='ocrx_word' id='word_1_63' title='bbox 1357 903 1427 958; x_wconf 92' lang='lat' dir='ltr'><strong>ad</strong></span> <span class='ocrx_word' id='word_1_64' title='bbox 1476 902 1629 959; x_wconf 90' lang='lat' dir='ltr'><strong>talia.</strong></span> <span class='ocrx_word' id='word_1_65' title='bbox 1679 904 1910 962; x_wconf 86' lang='lat' dir='ltr'><strong>Remota</strong></span> <span class='ocrx_word' id='word_1_66' title='bbox 1954 920 2083 975; x_wconf 90' lang='lat' dir='ltr'><strong>ergo</strong></span> <span class='ocrx_word' id='word_1_67' title='bbox 2116 902 2282 977; x_wconf 84' lang='lat' dir='ltr'>priori</span> 
     </span>
     <span class='ocr_line' id='line_1_8' title="bbox 277 984 2284 1065; baseline -0.001 -16"><span class='ocrx_word' id='word_1_68' title='bbox 277 1001 590 1050; x_wconf 86' lang='lat' dir='ltr'><strong>removetur</strong></span> <span class='ocrx_word' id='word_1_69' title='bbox 638 992 930 1065; x_wconf 80' lang='lat' dir='ltr'><strong>posterior.</strong></span> <span class='ocrx_word' id='word_1_70' title='bbox 981 991 1038 1047; x_wconf 92' lang='lat' dir='ltr'><strong>Si</strong></span> <span class='ocrx_word' id='word_1_71' title='bbox 1087 1006 1230 1063; x_wconf 83' lang='lat' dir='ltr'><strong>ergo.</strong></span> <span class='ocrx_word' id='word_1_72' title='bbox 1264 991 1574 1063; x_wconf 77' lang='lat' dir='ltr'><strong>huJusmodi</strong></span> <span class='ocrx_word' id='word_1_73' title='bbox 1626 991 1860 1051; x_wconf 86' lang='lat' dir='ltr'><strong>virtutes</strong></span> <span class='ocrx_word' id='word_1_74' title='bbox 1910 984 2284 1049; x_wconf 84' lang='lat' dir='ltr'><strong>attribuuntur</strong></span> 
     </span>
     <span class='ocr_line' id='line_1_9' title="bbox 279 1068 2283 1157; baseline -0 -19"><span class='ocrx_word' id='word_1_75' title='bbox 279 1081 569 1155; x_wconf 80' lang='lat' dir='ltr'><strong>aliquibus,</strong></span> <span class='ocrx_word' id='word_1_76' title='bbox 595 1085 811 1152; x_wconf 89' lang='lat' dir='ltr'><strong>oportet</strong></span> <span class='ocrx_word' id='word_1_77' title='bbox 837 1079 980 1157; x_wconf 88' lang='lat' dir='ltr'><strong>quod</strong></span> <span class='ocrx_word' id='word_1_78' title='bbox 1003 1072 1318 1137; x_wconf 73' lang='lat' dir='ltr'><strong>radicentur</strong></span> <span class='ocrx_word' id='word_1_79' title='bbox 1342 1068 1754 1152; x_wconf 68' lang='lat' dir='ltr'><strong>superformant</strong></span> <span class='ocrx_word' id='word_1_80' title='bbox 1786 1078 2047 1153; x_wconf 81' lang='lat' dir='ltr'><strong>aliquam.</strong></span> <span class='ocrx_word' id='word_1_81' title='bbox 2072 1081 2283 1137; x_wconf 87' lang='lat' dir='ltr'><strong>Formae</strong></span> 
     </span>
    </p>
   </div>
   <div class='ocr_carea' id='block_1_3' title="bbox 279 1167 2372 1241">
    <p class='ocr_par' dir='ltr' id='par_1_3' title="bbox 279 1167 2372 1241">
     <span class='ocr_line' id='line_1_10' title="bbox 279 1167 2372 1241; baseline -0 -16"><span class='ocrx_word' id='word_1_82' title='bbox 279 1177 464 1226; x_wconf 67' lang='lat' dir='ltr'><strong>mitem</strong></span> <span class='ocrx_word' id='word_1_83' title='bbox 493 1168 806 1226; x_wconf 86' lang='lat' dir='ltr'><strong>artificiales</strong></span> <span class='ocrx_word' id='word_1_84' title='bbox 842 1184 946 1225; x_wconf 90' lang='lat' dir='ltr'><strong>non</strong></span> <span class='ocrx_word' id='word_1_85' title='bbox 977 1174 1102 1224; x_wconf 88' lang='lat' dir='ltr'><strong>sunt</strong></span> <span class='ocrx_word' id='word_1_86' title='bbox 1125 1168 1249 1241; x_wconf 63' lang='lat' dir='ltr'><strong>¹nisi</strong></span> <span class='ocrx_word' id='word_1_87' title='bbox 1279 1168 1469 1240; x_wconf 81' lang='lat' dir='ltr'><strong>figurae</strong></span> <span class='ocrx_word' id='word_1_88' title='bbox 1499 1168 1749 1241; x_wconf 82' lang='lat' dir='ltr'><strong>quaedam</strong></span> <span class='ocrx_word' id='word_1_89' title='bbox 1782 1186 1797 1225; x_wconf 69' lang='grc' dir='ltr'><strong>ι</strong></span> <span class='ocrx_word' id='word_1_90' title='bbox 1830 1174 1886 1225; x_wconf 91' lang='lat' dir='ltr'><strong>et</strong></span> <span class='ocrx_word' id='word_1_91' title='bbox 1924 1168 2046 1225; x_wconf 84' lang='lat' dir='ltr'><strong>ideo</strong></span> <span class='ocrx_word' id='word_1_92' title='bbox 2085 1169 2284 1225; x_wconf 85' lang='lat' dir='ltr'><strong>falsum</strong></span> <span class='ocrx_word' id='word_1_93' title='bbox 2368 1167 2372 1171; x_wconf 75' lang='grc'><strong>’</strong></span> 
     </span>
    </p>
   </div>
   <div class='ocr_carea' id='block_1_4' title="bbox 279 1244 2283 2567">
    <p class='ocr_par' dir='ltr' id='par_1_4' title="bbox 279 1244 2283 2567">
     <span class='ocr_line' id='line_1_11' title="bbox 280 1244 2283 1336; baseline 0 -23"><span class='ocrx_word' id='word_1_94' title='bbox 280 1264 365 1313; x_wconf 85' lang='lat' dir='ltr'><strong>est</strong></span> <span class='ocrx_word' id='word_1_95' title='bbox 393 1256 535 1331; x_wconf 90' lang='lat' dir='ltr'><strong>quod</strong></span> <span class='ocrx_word' id='word_1_96' title='bbox 563 1256 730 1315; x_wconf 83' lang='lat' dir='ltr'><strong>verba</strong></span> <span class='ocrx_word' id='word_1_97' title='bbox 767 1263 822 1315; x_wconf 88' lang='lat' dir='ltr'><strong>et</strong></span> <span class='ocrx_word' id='word_1_98' title='bbox 861 1244 1192 1336; x_wconf 83' lang='lat' dir='ltr'><strong>hujusmodi,</strong></span> <span class='ocrx_word' id='word_1_99' title='bbox 1226 1256 1487 1313; x_wconf 84' lang='lat' dir='ltr'><strong>virtutem</strong></span> <span class='ocrx_word' id='word_1_100' title='bbox 1516 1256 1755 1329; x_wconf 85' lang='lat' dir='ltr'><strong>aliquam</strong></span> <span class='ocrx_word' id='word_1_101' title='bbox 1787 1256 2026 1313; x_wconf 78' lang='lat' dir='ltr'><strong>habeant</strong></span> <span class='ocrx_word' id='word_1_102' title='bbox 2056 1274 2124 1313; x_wconf 85' lang='lat' dir='ltr'><strong>ex</strong></span> <span class='ocrx_word' id='word_1_103' title='bbox 2153 1273 2283 1313; x_wconf 88' lang='lat' dir='ltr'><strong>cor-</strong></span> 
     </span>
     <span class='ocr_line' id='line_1_12' title="bbox 280 1338 2281 1419; baseline 0 -15"><span class='ocrx_word' id='word_1_104' title='bbox 280 1363 410 1419; x_wconf 84' lang='lat' dir='ltr'><strong>pore</strong></span> <span class='ocrx_word' id='word_1_105' title='bbox 439 1345 680 1415; x_wconf 79' lang='lat' dir='ltr'><strong>caelesti3</strong></span> <span class='ocrx_word' id='word_1_106' title='bbox 711 1345 806 1401; x_wconf 92' lang='lat' dir='ltr'><strong>sed</strong></span> <span class='ocrx_word' id='word_1_107' title='bbox 854 1346 899 1403; x_wconf 91' lang='lat' dir='ltr'><strong>si</strong></span> <span class='ocrx_word' id='word_1_108' title='bbox 939 1338 1146 1401; x_wconf 85' lang='lat' dir='ltr'><strong>habent</strong></span> <span class='ocrx_word' id='word_1_109' title='bbox 1169 1344 1429 1417; x_wconf 88' lang='lat' dir='ltr'><strong>aliquam,</strong></span> <span class='ocrx_word' id='word_1_110' title='bbox 1461 1345 1565 1401; x_wconf 92' lang='lat' dir='ltr'><strong>hoe</strong></span> <span class='ocrx_word' id='word_1_111' title='bbox 1610 1344 1811 1401; x_wconf 90' lang='lat' dir='ltr'><strong>habent</strong></span> <span class='ocrx_word' id='word_1_112' title='bbox 1841 1363 1908 1402; x_wconf 83' lang='lat' dir='ltr'><strong>ex</strong></span> <span class='ocrx_word' id='word_1_113' title='bbox 1950 1347 2149 1419; x_wconf 86' lang='lat' dir='ltr'><strong>spiritu</strong></span> <span class='ocrx_word' id='word_1_114' title='bbox 2172 1348 2281 1405; x_wconf 86' lang='lat' dir='ltr'><strong>im-</strong></span> 
     </span>
     <span class='ocr_line' id='line_1_13' title="bbox 280 1424 2283 1509; baseline 0.001 -20"><span class='ocrx_word' id='word_1_115' title='bbox 280 1424 502 1501; x_wconf 86' lang='lat' dir='ltr'><strong>munde,</strong></span> <span class='ocrx_word' id='word_1_116' title='bbox 529 1434 621 1507; x_wconf 89' lang='lat' dir='ltr'><strong>qui</strong></span> <span class='ocrx_word' id='word_1_117' title='bbox 649 1432 920 1489; x_wconf 79' lang='lat' dir='ltr'><strong>immiscet</strong></span> <span class='ocrx_word' id='word_1_118' title='bbox 949 1448 1006 1497; x_wconf 83' lang='lat' dir='ltr'><strong>se</strong></span> <span class='ocrx_word' id='word_1_119' title='bbox 1038 1430 1220 1488; x_wconf 85' lang='lat' dir='ltr'><strong>verbis</strong></span> <span class='ocrx_word' id='word_1_120' title='bbox 1260 1431 1557 1499; x_wconf 89' lang='lat' dir='ltr'><strong>hominum,</strong></span> <span class='ocrx_word' id='word_1_121' title='bbox 1592 1439 1651 1488; x_wconf 89' lang='lat' dir='ltr'><strong>ut</strong></span> <span class='ocrx_word' id='word_1_122' title='bbox 1686 1433 1944 1509; x_wconf 90' lang='lat' dir='ltr'><strong>decipiat,</strong></span> <span class='ocrx_word' id='word_1_123' title='bbox 1984 1436 2283 1491; x_wconf 88' lang='lat' dir='ltr'><strong>secundum</strong></span> 
     </span>
     <span class='ocr_line' id='line_1_14' title="bbox 281 1520 2283 1596; baseline 0 -16"><span class='ocrx_word' id='word_1_124' title='bbox 281 1523 677 1595; x_wconf 81' lang='lat' dir='ltr'><strong>Augustinum3</strong></span> <span class='ocrx_word' id='word_1_125' title='bbox 721 1522 864 1578; x_wconf 88' lang='lat' dir='ltr'><strong>unde</strong></span> <span class='ocrx_word' id='word_1_126' title='bbox 902 1520 1194 1596; x_wconf 88' lang='lat' dir='ltr'><strong>aliquando</strong></span> <span class='ocrx_word' id='word_1_127' title='bbox 1233 1528 1461 1580; x_wconf 89' lang='lat' dir='ltr'><strong>utuntur</strong></span> <span class='ocrx_word' id='word_1_128' title='bbox 1497 1522 1681 1579; x_wconf 87' lang='lat' dir='ltr'><strong>verbis</strong></span> <span class='ocrx_word' id='word_1_129' title='bbox 1718 1522 1999 1589; x_wconf 84' lang='lat' dir='ltr'><strong>fabulosis,</strong></span> <span class='ocrx_word' id='word_1_130' title='bbox 2034 1524 2186 1579; x_wconf 85' lang='lat' dir='ltr'><strong>falsis</strong></span> <span class='ocrx_word' id='word_1_131' title='bbox 2226 1532 2283 1580; x_wconf 89' lang='lat' dir='ltr'><strong>et</strong></span> 
     </span>
     <span class='ocr_line' id='line_1_15' title="bbox 282 1610 2280 1685; baseline 0 -16"><span class='ocrx_word' id='word_1_132' title='bbox 282 1614 437 1669; x_wconf 87' lang='lat' dir='ltr'><strong>vanis</strong></span> <span class='ocrx_word' id='word_1_133' title='bbox 459 1610 654 1685; x_wconf 84' lang='lat' dir='ltr'><strong>quibus</strong></span> <span class='ocrx_word' id='word_1_134' title='bbox 684 1610 750 1667; x_wconf 92' lang='lat' dir='ltr'><strong>ad</strong></span> <span class='ocrx_word' id='word_1_135' title='bbox 777 1610 1113 1667; x_wconf 89' lang='lat' dir='ltr'><strong>illudendum</strong></span> <span class='ocrx_word' id='word_1_136' title='bbox 1141 1610 1397 1676; x_wconf 81' lang='lat' dir='ltr'><strong>¹homines</strong></span> <span class='ocrx_word' id='word_1_137' title='bbox 1441 1627 1501 1667; x_wconf 88' lang='lat' dir='ltr'><strong>se</strong></span> <span class='ocrx_word' id='word_1_138' title='bbox 1534 1610 1863 1668; x_wconf 82' lang='lat' dir='ltr'><strong>immiscent.</strong></span> <span class='ocrx_word' id='word_1_139' title='bbox 1904 1612 2059 1668; x_wconf 85' lang='lat' dir='ltr'><strong>Unde</strong></span> <span class='ocrx_word' id='word_1_140' title='bbox 2097 1614 2280 1670; x_wconf 84' lang='lat' dir='ltr'><strong>omnia</strong></span> 
     </span>
     <span class='ocr_line' id='line_1_16' title="bbox 282 1698 2281 1772; baseline -0.001 -14"><span class='ocrx_word' id='word_1_141' title='bbox 282 1700 623 1759; x_wconf 82' lang='lat' dir='ltr'><strong>isla-frivola</strong></span> <span class='ocrx_word' id='word_1_142' title='bbox 663 1706 718 1757; x_wconf 86' lang='lat' dir='ltr'><strong>et</strong></span> <span class='ocrx_word' id='word_1_143' title='bbox 757 1700 1138 1772; x_wconf 86' lang='lat' dir='ltr'><strong>superstitiosa</strong></span> <span class='ocrx_word' id='word_1_144' title='bbox 1188 1704 1335 1768; x_wconf 81' lang='lat' dir='ltr'><strong>sant,</strong></span> <span class='ocrx_word' id='word_1_145' title='bbox 1381 1706 1437 1754; x_wconf 90' lang='lat' dir='ltr'><strong>et</strong></span> <span class='ocrx_word' id='word_1_146' title='bbox 1484 1698 1749 1772; x_wconf 82' lang='lat' dir='ltr'><strong>imagines</strong></span> <span class='ocrx_word' id='word_1_147' title='bbox 1792 1700 2193 1767; x_wconf 63' lang='lat' dir='ltr'><strong>astronomicae,</strong></span> <span class='ocrx_word' id='word_1_148' title='bbox 2227 1702 2281 1756; x_wconf 92' lang='lat' dir='ltr'><strong>in</strong></span> 
     </span>
     <span class='ocr_line' id='line_1_17' title="bbox 284 1787 2278 1865; baseline -0.001 -19"><span class='ocrx_word' id='word_1_149' title='bbox 284 1791 479 1865; x_wconf 82' lang='lat' dir='ltr'><strong>quibus</strong></span> <span class='ocrx_word' id='word_1_150' title='bbox 502 1790 602 1845; x_wconf 90' lang='lat' dir='ltr'><strong>etsi</strong></span> <span class='ocrx_word' id='word_1_151' title='bbox 627 1804 735 1845; x_wconf 92' lang='lat' dir='ltr'><strong>non</strong></span> <span class='ocrx_word' id='word_1_152' title='bbox 764 1788 908 1845; x_wconf 86' lang='lat' dir='ltr'><strong>adsit</strong></span> <span class='ocrx_word' id='word_1_153' title='bbox 931 1787 1114 1861; x_wconf 87' lang='lat' dir='ltr'><strong>aliqua</strong></span> <span class='ocrx_word' id='word_1_154' title='bbox 1142 1803 1396 1861; x_wconf 85' lang='lat' dir='ltr'><strong>expressa</strong></span> <span class='ocrx_word' id='word_1_155' title='bbox 1430 1788 1705 1844; x_wconf 81' lang='lat' dir='ltr'><strong>invocatio</strong></span> <span class='ocrx_word' id='word_1_156' title='bbox 1732 1788 2059 1856; x_wconf 87' lang='lat' dir='ltr'><strong>daemonum,</strong></span> <span class='ocrx_word' id='word_1_157' title='bbox 2096 1796 2278 1845; x_wconf 87' lang='lat' dir='ltr'><strong>tamen</strong></span> 
     </span>
     <span class='ocr_line' id='line_1_18' title="bbox 285 1876 2279 1952; baseline -0.001 -16"><span class='ocrx_word' id='word_1_158' title='bbox 285 1887 368 1937; x_wconf 79' lang='lat' dir='ltr'><strong>est</strong></span> <span class='ocrx_word' id='word_1_159' title='bbox 409 1880 480 1935; x_wconf 89' lang='lat' dir='ltr'><strong>ibi</strong></span> <span class='ocrx_word' id='word_1_160' title='bbox 515 1878 736 1952; x_wconf 88' lang='lat' dir='ltr'><strong>quidam</strong></span> <span class='ocrx_word' id='word_1_161' title='bbox 769 1877 967 1933; x_wconf 86' lang='lat' dir='ltr'><strong>tacitus</strong></span> <span class='ocrx_word' id='word_1_162' title='bbox 996 1892 1313 1933; x_wconf 79' lang='lat' dir='ltr'><strong>consensus,</strong></span> <span class='ocrx_word' id='word_1_163' title='bbox 1344 1876 1547 1935; x_wconf 90' lang='lat' dir='ltr'><strong>Tamen</strong></span> <span class='ocrx_word' id='word_1_164' title='bbox 1594 1878 1642 1933; x_wconf 90' lang='lat' dir='ltr'><strong>si</strong></span> <span class='ocrx_word' id='word_1_165' title='bbox 1686 1877 1885 1949; x_wconf 83' lang='lat' dir='ltr'><strong>aliquis</strong></span> <span class='ocrx_word' id='word_1_166' title='bbox 1922 1878 2071 1933; x_wconf 88' lang='lat' dir='ltr'><strong>dicat</strong></span> <span class='ocrx_word' id='word_1_167' title='bbox 2114 1878 2279 1935; x_wconf 86' lang='lat' dir='ltr'><strong>verba</strong></span> 
     </span>
     <span class='ocr_line' id='line_1_19' title="bbox 284 1965 2281 2031; baseline -0.002 -7"><span class='ocrx_word' id='word_1_168' title='bbox 284 1968 378 2025; x_wconf 89' lang='lat' dir='ltr'><strong>Dsi</strong></span> <span class='ocrx_word' id='word_1_169' title='bbox 407 1975 464 2023; x_wconf 86' lang='lat' dir='ltr'><strong>et</strong></span> <span class='ocrx_word' id='word_1_170' title='bbox 491 1983 645 2023; x_wconf 88' lang='lat' dir='ltr'><strong>sacra</strong></span> <span class='ocrx_word' id='word_1_171' title='bbox 675 1966 790 2022; x_wconf 90' lang='lat' dir='ltr'><strong>sine</strong></span> <span class='ocrx_word' id='word_1_172' title='bbox 835 1966 1212 2021; x_wconf 87' lang='lat' dir='ltr'><strong>immutatione</strong></span> <span class='ocrx_word' id='word_1_173' title='bbox 1241 1971 1296 2021; x_wconf 89' lang='lat' dir='ltr'><strong>et</strong></span> <span class='ocrx_word' id='word_1_174' title='bbox 1327 1965 1535 2031; x_wconf 84' lang='lat' dir='ltr'><strong>fraude,</strong></span> <span class='ocrx_word' id='word_1_175' title='bbox 1578 1965 1673 2021; x_wconf 91' lang='lat' dir='ltr'><strong>sed</strong></span> <span class='ocrx_word' id='word_1_176' title='bbox 1711 1965 1854 2022; x_wconf 88' lang='lat' dir='ltr'><strong>bona</strong></span> <span class='ocrx_word' id='word_1_177' title='bbox 1884 1972 1938 2021; x_wconf 92' lang='lat' dir='ltr'><strong>et</strong></span> <span class='ocrx_word' id='word_1_178' title='bbox 1977 1966 2163 2022; x_wconf 87' lang='lat' dir='ltr'><strong>divina</strong></span> <span class='ocrx_word' id='word_1_179' title='bbox 2192 1967 2281 2021; x_wconf 89' lang='lat' dir='ltr'><strong>in-</strong></span> 
     </span>
     <span class='ocr_line' id='line_1_20' title="bbox 286 2053 2281 2122; baseline -0.001 -9"><span class='ocrx_word' id='word_1_180' title='bbox 286 2057 524 2113; x_wconf 88' lang='lat' dir='ltr'><strong>tentione</strong></span> <span class='ocrx_word' id='word_1_181' title='bbox 553 2061 608 2110; x_wconf 84' lang='lat' dir='ltr'><strong>et</strong></span> <span class='ocrx_word' id='word_1_182' title='bbox 635 2054 844 2120; x_wconf 85' lang='lat' dir='ltr'><strong>fraude,</strong></span> <span class='ocrx_word' id='word_1_183' title='bbox 877 2053 973 2109; x_wconf 90' lang='lat' dir='ltr'><strong>sed</strong></span> <span class='ocrx_word' id='word_1_184' title='bbox 1012 2053 1150 2108; x_wconf 88' lang='lat' dir='ltr'><strong>bona</strong></span> <span class='ocrx_word' id='word_1_185' title='bbox 1176 2058 1232 2109; x_wconf 84' lang='lat' dir='ltr'><strong>et</strong></span> <span class='ocrx_word' id='word_1_186' title='bbox 1263 2054 1448 2109; x_wconf 92' lang='lat' dir='ltr'><strong>divina</strong></span> <span class='ocrx_word' id='word_1_187' title='bbox 1478 2054 1811 2122; x_wconf 79' lang='lat' dir='ltr'><strong>intentione3</strong></span> <span class='ocrx_word' id='word_1_188' title='bbox 1836 2070 1950 2111; x_wconf 76' lang='lat' dir='ltr'><strong>,non</strong></span> <span class='ocrx_word' id='word_1_189' title='bbox 1977 2060 2060 2109; x_wconf 89' lang='lat' dir='ltr'><strong>est</strong></span> <span class='ocrx_word' id='word_1_190' title='bbox 2089 2055 2281 2111; x_wconf 88' lang='lat' dir='ltr'><strong>incan-</strong></span> 
     </span>
     <span class='ocr_line' id='line_1_21' title="bbox 285 2136 2279 2215; baseline -0.002 -13"><span class='ocrx_word' id='word_1_191' title='bbox 285 2148 440 2210; x_wconf 89' lang='lat' dir='ltr'><strong>tati0‚</strong></span> <span class='ocrx_word' id='word_1_192' title='bbox 469 2144 564 2201; x_wconf 88' lang='lat' dir='ltr'><strong>sed</strong></span> <span class='ocrx_word' id='word_1_193' title='bbox 593 2142 788 2199; x_wconf 88' lang='lat' dir='ltr'><strong>oratio.</strong></span> <span class='ocrx_word' id='word_1_194' title='bbox 813 2136 1230 2215; x_wconf 79' lang='lat' dir='ltr'><strong>Chrysostomus</strong></span> <span class='ocrx_word' id='word_1_195' title='bbox 1261 2146 1446 2195; x_wconf 85' lang='lat' dir='ltr'><strong>tamen</strong></span> <span class='ocrx_word' id='word_1_196' title='bbox 1476 2156 1640 2213; x_wconf 86' lang='lat' dir='ltr'><strong>super</strong></span> <span class='ocrx_word' id='word_1_197' title='bbox 1666 2140 1863 2197; x_wconf 87' lang='lat' dir='ltr'><strong>Matth.</strong></span> <span class='ocrx_word' id='word_1_198' title='bbox 1897 2138 2002 2195; x_wconf 88' lang='lat' dir='ltr'><strong>ibi:</strong></span> <span class='ocrx_word' id='word_1_199' title='bbox 2032 2142 2279 2199; x_wconf 68' lang='lat' dir='ltr'><strong>Dilatavit</strong></span> 
     </span>
     <span class='ocr_line' id='line_1_22' title="bbox 279 2226 2283 2305; baseline -0 -18"><span class='ocrx_word' id='word_1_200' title='bbox 279 2231 608 2305; x_wconf 75' lang='lat' dir='ltr'><strong>phylacteria</strong></span> <span class='ocrx_word' id='word_1_201' title='bbox 645 2238 774 2296; x_wconf 66' lang='lat' dir='ltr'><strong>etc„</strong></span> <span class='ocrx_word' id='word_1_202' title='bbox 807 2226 1152 2301; x_wconf 79' lang='lat' dir='ltr'><strong>reprehendit</strong></span> <span class='ocrx_word' id='word_1_203' title='bbox 1181 2227 1301 2283; x_wconf 90' lang='lat' dir='ltr'><strong>illos</strong></span> <span class='ocrx_word' id='word_1_204' title='bbox 1329 2226 1425 2300; x_wconf 84' lang='lat' dir='ltr'><strong>qui</strong></span> <span class='ocrx_word' id='word_1_205' title='bbox 1463 2228 1602 2284; x_wconf 90' lang='lat' dir='ltr'><strong>collo</strong></span> <span class='ocrx_word' id='word_1_206' title='bbox 1645 2227 1811 2285; x_wconf 87' lang='lat' dir='ltr'><strong>verba</strong></span> <span class='ocrx_word' id='word_1_207' title='bbox 1842 2228 2117 2301; x_wconf 83' lang='lat' dir='ltr'><strong>Evangelii</strong></span> <span class='ocrx_word' id='word_1_208' title='bbox 2158 2246 2283 2287; x_wconf 87' lang='lat' dir='ltr'><strong>sus-</strong></span> 
     </span>
     <span class='ocr_line' id='line_1_23' title="bbox 285 2310 2281 2393; baseline -0.001 -18"><span class='ocrx_word' id='word_1_209' title='bbox 285 2322 546 2393; x_wconf 88' lang='lat' dir='ltr'><strong>pendunt,</strong></span> <span class='ocrx_word' id='word_1_210' title='bbox 579 2334 700 2375; x_wconf 89' lang='lat' dir='ltr'><strong>cum</strong></span> <span class='ocrx_word' id='word_1_211' title='bbox 731 2317 904 2373; x_wconf 87' lang='lat' dir='ltr'><strong>virtus</strong></span> <span class='ocrx_word' id='word_1_212' title='bbox 947 2314 1221 2387; x_wconf 83' lang='lat' dir='ltr'><strong>Evangelii</strong></span> <span class='ocrx_word' id='word_1_213' title='bbox 1251 2331 1358 2371; x_wconf 89' lang='lat' dir='ltr'><strong>non</strong></span> <span class='ocrx_word' id='word_1_214' title='bbox 1401 2314 1473 2371; x_wconf 85' lang='lat' dir='ltr'><strong>sit</strong></span> <span class='ocrx_word' id='word_1_215' title='bbox 1513 2310 1570 2370; x_wconf 80' lang='lat' dir='ltr'><strong>i&#39;n</strong></span> <span class='ocrx_word' id='word_1_216' title='bbox 1610 2314 1795 2386; x_wconf 81' lang='lat' dir='ltr'><strong>figuris</strong></span> <span class='ocrx_word' id='word_1_217' title='bbox 1825 2316 2152 2383; x_wconf 86' lang='lat' dir='ltr'><strong>litterarum,</strong></span> <span class='ocrx_word' id='word_1_218' title='bbox 2186 2318 2281 2373; x_wconf 89' lang='lat' dir='ltr'><strong>sed</strong></span> 
     </span>
     <span class='ocr_line' id='line_1_24' title="bbox 288 2403 2280 2477; baseline -0.001 -14"><span class='ocrx_word' id='word_1_219' title='bbox 288 2410 344 2464; x_wconf 92' lang='lat' dir='ltr'><strong>in</strong></span> <span class='ocrx_word' id='word_1_220' title='bbox 381 2409 504 2463; x_wconf 80' lang='lat' dir='ltr'><strong>side.</strong></span> <span class='ocrx_word' id='word_1_221' title='bbox 533 2410 652 2463; x_wconf 90' lang='lat' dir='ltr'><strong>Non</strong></span> <span class='ocrx_word' id='word_1_222' title='bbox 684 2413 865 2461; x_wconf 88' lang='lat' dir='ltr'><strong>tamen</strong></span> <span class='ocrx_word' id='word_1_223' title='bbox 895 2404 1092 2460; x_wconf 90' lang='lat' dir='ltr'><strong>damno</strong></span> <span class='ocrx_word' id='word_1_224' title='bbox 1133 2403 1254 2459; x_wconf 89' lang='lat' dir='ltr'><strong>illos</strong></span> <span class='ocrx_word' id='word_1_225' title='bbox 1281 2404 1372 2476; x_wconf 88' lang='lat' dir='ltr'><strong>qui</strong></span> <span class='ocrx_word' id='word_1_226' title='bbox 1416 2419 1581 2476; x_wconf 86' lang='lat' dir='ltr'><strong>super</strong></span> <span class='ocrx_word' id='word_1_227' title='bbox 1622 2420 1680 2459; x_wconf 89' lang='lat' dir='ltr'><strong>se</strong></span> <span class='ocrx_word' id='word_1_228' title='bbox 1705 2413 1901 2476; x_wconf 88' lang='lat' dir='ltr'><strong>gerunt</strong></span> <span class='ocrx_word' id='word_1_229' title='bbox 1924 2404 2280 2477; x_wconf 87' lang='lat' dir='ltr'><strong>Evangelium</strong></span> 
     </span>
     <span class='ocr_line' id='line_1_25' title="bbox 287 2490 2281 2567; baseline -0.001 -13"><span class='ocrx_word' id='word_1_230' title='bbox 287 2515 353 2555; x_wconf 88' lang='lat' dir='ltr'><strong>ex</strong></span> <span class='ocrx_word' id='word_1_231' title='bbox 377 2497 682 2561; x_wconf 85' lang='lat' dir='ltr'><strong>devotione,</strong></span> <span class='ocrx_word' id='word_1_232' title='bbox 714 2496 842 2567; x_wconf 90' lang='lat' dir='ltr'><strong>quia</strong></span> <span class='ocrx_word' id='word_1_233' title='bbox 873 2494 931 2548; x_wconf 92' lang='lat' dir='ltr'><strong>B.</strong></span> <span class='ocrx_word' id='word_1_234' title='bbox 963 2491 1178 2549; x_wconf 88' lang='lat' dir='ltr'><strong>Caecilia</strong></span> <span class='ocrx_word' id='word_1_235' title='bbox 1207 2490 1559 2563; x_wconf 79' lang='lat' dir='ltr'><strong>Evangelium</strong></span> <span class='ocrx_word' id='word_1_236' title='bbox 1588 2492 1789 2549; x_wconf 88' lang='lat' dir='ltr'><strong>Christi</strong></span> <span class='ocrx_word' id='word_1_237' title='bbox 1818 2510 2031 2567; x_wconf 88' lang='lat' dir='ltr'><strong>semper</strong></span> <span class='ocrx_word' id='word_1_238' title='bbox 2060 2493 2281 2565; x_wconf 83' lang='lat' dir='ltr'><strong>gerebat</strong></span> 
     </span>
    </p>
   </div>
   <div class='ocr_carea' id='block_1_5' title="bbox 287 2580 2285 2741">
    <p class='ocr_par' dir='ltr' id='par_1_5' title="bbox 287 2580 2285 2741">
     <span class='ocr_line' id='line_1_26' title="bbox 288 2580 2285 2658; baseline -0.001 -16"><span class='ocrx_word' id='word_1_239' title='bbox 288 2588 342 2643; x_wconf 89' lang='lat' dir='ltr'><strong>in</strong></span> <span class='ocrx_word' id='word_1_240' title='bbox 365 2592 584 2658; x_wconf 88' lang='lat' dir='ltr'><strong>pectore</strong></span> <span class='ocrx_word' id='word_1_241' title='bbox 611 2584 726 2640; x_wconf 88' lang='lat' dir='ltr'><strong>sine</strong></span> <span class='ocrx_word' id='word_1_242' title='bbox 754 2588 930 2637; x_wconf 87' lang='lat' dir='ltr'><strong>tamen</strong></span> <span class='ocrx_word' id='word_1_243' title='bbox 953 2581 1136 2655; x_wconf 88' lang='lat' dir='ltr'><strong>aliqua</strong></span> <span class='ocrx_word' id='word_1_244' title='bbox 1161 2580 1438 2637; x_wconf 84' lang='lat' dir='ltr'><strong>additione</strong></span> <span class='ocrx_word' id='word_1_245' title='bbox 1462 2580 1550 2637; x_wconf 88' lang='lat' dir='ltr'><strong>vel</strong></span> <span class='ocrx_word' id='word_1_246' title='bbox 1574 2581 1863 2640; x_wconf 85' lang='lat' dir='ltr'><strong>verborum</strong></span> <span class='ocrx_word' id='word_1_247' title='bbox 1889 2581 1973 2640; x_wconf 87' lang='lat' dir='ltr'><strong>vel</strong></span> <span class='ocrx_word' id='word_1_248' title='bbox 1994 2582 2285 2641; x_wconf 87' lang='lat' dir='ltr'><strong>characte-</strong></span> 
     </span>
     <span class='ocr_line' id='line_1_27' title="bbox 287 2670 1274 2741; baseline -0.008 -11"><span class='ocrx_word' id='word_1_249' title='bbox 287 2688 410 2730; x_wconf 90' lang='lat' dir='ltr'><strong>rum</strong></span> <span class='ocrx_word' id='word_1_250' title='bbox 434 2670 518 2730; x_wconf 88' lang='lat' dir='ltr'><strong>vel</strong></span> <span class='ocrx_word' id='word_1_251' title='bbox 544 2674 850 2725; x_wconf 86' lang='lat' dir='ltr'><strong>ceterorum</strong></span> <span class='ocrx_word' id='word_1_252' title='bbox 877 2676 1274 2741; x_wconf 85' lang='lat' dir='ltr'><strong>suspectorum.</strong></span> 
     </span>
    </p>
   </div>
   <div class='ocr_carea' id='block_1_6' title="bbox 1016 2835 1551 2918">
    <p class='ocr_par' dir='ltr' id='par_1_6' title="bbox 1016 2835 1551 2918">
     <span class='ocr_line' id='line_1_28' title="bbox 1016 2835 1551 2918; baseline 0.002 -13"><span class='ocrx_word' id='word_1_253' title='bbox 1016 2836 1412 2918; x_wconf 84' lang='lat' dir='ltr'>QUAESTIO</span> <span class='ocrx_word' id='word_1_254' title='bbox 1458 2835 1551 2906; x_wconf 89' lang='lat' dir='ltr'><strong>X.</strong></span> 
     </span>
    </p>
   </div>
   <div class='ocr_carea' id='block_1_7' title="bbox 289 2968 2293 3492">
    <p class='ocr_par' dir='ltr' id='par_1_7' title="bbox 289 2968 2293 3492">
     <span class='ocr_line' id='line_1_29' title="bbox 358 2968 2287 3046; baseline -0.001 -15"><span class='ocrx_word' id='word_1_255' title='bbox 358 2972 564 3031; x_wconf 87' lang='lat' dir='ltr'><strong>Deinde</strong></span> <span class='ocrx_word' id='word_1_256' title='bbox 593 2971 886 3046; x_wconf 80' lang='lat' dir='ltr'><strong>quaesitum</strong></span> <span class='ocrx_word' id='word_1_257' title='bbox 912 2974 996 3027; x_wconf 89' lang='lat' dir='ltr'><strong>est</strong></span> <span class='ocrx_word' id='word_1_258' title='bbox 1023 2970 1092 3027; x_wconf 88' lang='lat' dir='ltr'><strong>de</strong></span> <span class='ocrx_word' id='word_1_259' title='bbox 1119 2970 1356 3038; x_wconf 84' lang='lat' dir='ltr'><strong>homine,</strong></span> <span class='ocrx_word' id='word_1_260' title='bbox 1377 2974 1645 3041; x_wconf 83' lang='lat' dir='ltr'><strong>quantum</strong></span> <span class='ocrx_word' id='word_1_261' title='bbox 1664 2968 1733 3026; x_wconf 91' lang='lat' dir='ltr'><strong>ad</strong></span> <span class='ocrx_word' id='word_1_262' title='bbox 1756 2968 2030 3042; x_wconf 78' lang='lat' dir='ltr'><strong>gratiam3</strong></span> <span class='ocrx_word' id='word_1_263' title='bbox 2057 2977 2113 3028; x_wconf 87' lang='lat' dir='ltr'><strong>et</strong></span> <span class='ocrx_word' id='word_1_264' title='bbox 2141 2970 2287 3030; x_wconf 82' lang='lat' dir='ltr'><strong>circa</strong></span> 
     </span>
     <span class='ocr_line' id='line_1_30' title="bbox 289 3058 2289 3137; baseline -0.003 -16"><span class='ocrx_word' id='word_1_265' title='bbox 289 3066 392 3123; x_wconf 92' lang='lat' dir='ltr'><strong>hoc</strong></span> <span class='ocrx_word' id='word_1_266' title='bbox 415 3072 734 3137; x_wconf 82' lang='lat' dir='ltr'><strong>quaeruntur</strong></span> <span class='ocrx_word' id='word_1_267' title='bbox 766 3062 867 3117; x_wconf 89' lang='lat' dir='ltr'><strong>tria</strong></span> <span class='ocrx_word' id='word_1_268' title='bbox 901 3076 914 3115; x_wconf 90' lang='lat'><strong>:</strong></span> <span class='ocrx_word' id='word_1_269' title='bbox 944 3060 1118 3132; x_wconf 86' lang='lat' dir='ltr'><strong>primo</strong></span> <span class='ocrx_word' id='word_1_270' title='bbox 1160 3060 1228 3115; x_wconf 90' lang='lat' dir='ltr'><strong>de</strong></span> <span class='ocrx_word' id='word_1_271' title='bbox 1256 3059 1642 3125; x_wconf 84' lang='lat' dir='ltr'><strong>sacramentis;</strong></span> <span class='ocrx_word' id='word_1_272' title='bbox 1673 3058 1913 3114; x_wconf 88' lang='lat' dir='ltr'><strong>secundo</strong></span> <span class='ocrx_word' id='word_1_273' title='bbox 1957 3062 2025 3115; x_wconf 87' lang='lat' dir='ltr'><strong>de</strong></span> <span class='ocrx_word' id='word_1_274' title='bbox 2065 3059 2289 3117; x_wconf 83' lang='lat' dir='ltr'><strong>virtuti-</strong></span> 
     </span>
     <span class='ocr_line' id='line_1_31' title="bbox 289 3146 2287 3220; baseline -0.003 -11"><span class='ocrx_word' id='word_1_275' title='bbox 289 3155 424 3220; x_wconf 84' lang='lat' dir='ltr'><strong>bus;</strong></span> <span class='ocrx_word' id='word_1_276' title='bbox 465 3150 628 3207; x_wconf 84' lang='lat' dir='ltr'><strong>tertio</strong></span> <span class='ocrx_word' id='word_1_277' title='bbox 668 3150 734 3205; x_wconf 87' lang='lat' dir='ltr'><strong>de</strong></span> <span class='ocrx_word' id='word_1_278' title='bbox 773 3148 986 3205; x_wconf 79' lang='lat' dir='ltr'><strong>officiis,</strong></span> <span class='ocrx_word' id='word_1_279' title='bbox 1035 3146 1331 3218; x_wconf 77' lang='lat' dir='ltr'><strong>Derprimo</strong></span> <span class='ocrx_word' id='word_1_280' title='bbox 1375 3148 1483 3202; x_wconf 86' lang='lat' dir='ltr'><strong>tria</strong></span> <span class='ocrx_word' id='word_1_281' title='bbox 1525 3146 1758 3219; x_wconf 79' lang='lat' dir='ltr'><strong>quaesi&#39;ta</strong></span> <span class='ocrx_word' id='word_1_282' title='bbox 1799 3152 1925 3201; x_wconf 88' lang='lat' dir='ltr'><strong>sunt</strong></span> <span class='ocrx_word' id='word_1_283' title='bbox 1959 3163 1973 3200; x_wconf 75' lang='lat' dir='ltr'><em>z</em></span> <span class='ocrx_word' id='word_1_284' title='bbox 2003 3147 2175 3218; x_wconf 83' lang='lat' dir='ltr'><strong>primo</strong></span> <span class='ocrx_word' id='word_1_285' title='bbox 2220 3148 2287 3204; x_wconf 87' lang='lat' dir='ltr'><strong>de</strong></span> 
     </span>
     <span class='ocr_line' id='line_1_32' title="bbox 290 3234 2293 3310; baseline -0.003 -11"><span class='ocrx_word' id='word_1_286' title='bbox 290 3240 648 3302; x_wconf 84' lang='lat' dir='ltr'><strong>sacramentis</strong></span> <span class='ocrx_word' id='word_1_287' title='bbox 695 3237 920 3310; x_wconf 70' lang='lat' dir='ltr'><strong>gmtiae3</strong></span> <span class='ocrx_word' id='word_1_288' title='bbox 961 3234 1199 3291; x_wconf 92' lang='lat' dir='ltr'><strong>secundo</strong></span> <span class='ocrx_word' id='word_1_289' title='bbox 1234 3234 1302 3301; x_wconf 88' lang='lat' dir='ltr'><strong>de</strong></span> <span class='ocrx_word' id='word_1_290' title='bbox 1349 3234 1545 3289; x_wconf 83' lang='lat' dir='ltr'><strong>effectu</strong></span> <span class='ocrx_word' id='word_1_291' title='bbox 1590 3240 2097 3304; x_wconf 72' lang='lat' dir='ltr'><strong>sacramentorum3</strong></span> <span class='ocrx_word' id='word_1_292' title='bbox 2127 3236 2293 3292; x_wconf 89' lang='lat' dir='ltr'><strong>tertio·</strong></span> 
     </span>
     <span class='ocr_line' id='line_1_33' title="bbox 290 3322 2289 3398; baseline -0.002 -11"><span class='ocrx_word' id='word_1_293' title='bbox 290 3330 359 3387; x_wconf 87' lang='lat' dir='ltr'><strong>de</strong></span> <span class='ocrx_word' id='word_1_294' title='bbox 397 3330 606 3385; x_wconf 89' lang='lat' dir='ltr'><strong>unitate</strong></span> <span class='ocrx_word' id='word_1_295' title='bbox 648 3326 924 3397; x_wconf 81' lang='lat' dir='ltr'><strong>Ecclesiae.</strong></span> <span class='ocrx_word' id='word_1_296' title='bbox 958 3325 1037 3379; x_wconf 87' lang='lat' dir='ltr'><strong>De</strong></span> <span class='ocrx_word' id='word_1_297' title='bbox 1087 3322 1446 3393; x_wconf 80' lang='lat' dir='ltr'><strong>sacramentis</strong></span> <span class='ocrx_word' id='word_1_298' title='bbox 1476 3323 1668 3395; x_wconf 79' lang='lat' dir='ltr'><strong>gratiae</strong></span> <span class='ocrx_word' id='word_1_299' title='bbox 1715 3322 2101 3398; x_wconf 61' lang='lat' dir='ltr'><strong>quaerebantur</strong></span> <span class='ocrx_word' id='word_1_300' title='bbox 2138 3325 2289 3385; x_wconf 66' lang='lat' dir='ltr'><strong>duee</strong></span> 
     </span>
     <span class='ocr_line' id='line_1_34' title="bbox 292 3410 1340 3492; baseline -0.01 -16"><span class='ocrx_word' id='word_1_301' title='bbox 292 3421 354 3476; x_wconf 65' lang='lat'><strong>⁴0</strong></span> <span class='ocrx_word' id='word_1_302' title='bbox 379 3418 447 3475; x_wconf 91' lang='lat' dir='ltr'><strong>de</strong></span> <span class='ocrx_word' id='word_1_303' title='bbox 470 3417 774 3492; x_wconf 85' lang='lat' dir='ltr'><strong>baptism03</strong></span> <span class='ocrx_word' id='word_1_304' title='bbox 801 3418 862 3473; x_wconf 74' lang='lat'><strong>2⁰</strong></span> <span class='ocrx_word' id='word_1_305' title='bbox 900 3413 967 3469; x_wconf 88' lang='lat' dir='ltr'><strong>de</strong></span> <span class='ocrx_word' id='word_1_306' title='bbox 995 3410 1340 3487; x_wconf 63' lang='lat' dir='ltr'><strong>poenitentia.</strong></span> 
     </span>
    </p>
   </div>
   <div class='ocr_carea' id='block_1_8' title="bbox 845 3568 1633 3638">
    <p class='ocr_par' dir='ltr' id='par_1_8' title="bbox 845 3568 1633 3638">
     <span class='ocr_line' id='line_1_35' title="bbox 845 3568 1633 3638; baseline 0.009 -11"><span class='ocrx_word' id='word_1_307' title='bbox 845 3620 852 3627; x_wconf 85' lang='lat'><strong>.</strong></span> <span class='ocrx_word' id='word_1_308' title='bbox 951 3569 1409 3638; x_wconf 83' lang='lat' dir='ltr'>ARTIGULUS</span> <span class='ocrx_word' id='word_1_309' title='bbox 1462 3568 1633 3634; x_wconf 88' lang='lat' dir='ltr'><strong>XIV.</strong></span> 
     </span>
    </p>
   </div>
   <div class='ocr_carea' id='block_1_9' title="bbox 304 3693 2293 3878">
    <p class='ocr_par' dir='ltr' id='par_1_9' title="bbox 304 3693 2293 3878">
     <span class='ocr_line' id='line_1_36' title="bbox 304 3693 2293 3783; baseline -0.01 -11"><span class='ocrx_word' id='word_1_310' title='bbox 304 3693 522 3771; x_wconf 75' lang='lat' dir='ltr'><strong>Utrum</strong></span> <span class='ocrx_word' id='word_1_311' title='bbox 549 3713 712 3783; x_wconf 75' lang='lat' dir='ltr'><strong>aqua</strong></span> <span class='ocrx_word' id='word_1_312' title='bbox 743 3695 954 3763; x_wconf 72' lang='lat' dir='ltr'><strong>habeat</strong></span> <span class='ocrx_word' id='word_1_313' title='bbox 980 3698 1266 3761; x_wconf 76' lang='lat' dir='ltr'><strong>virtutem</strong></span> <span class='ocrx_word' id='word_1_314' title='bbox 1293 3696 1380 3759; x_wconf 83' lang='lat' dir='ltr'><strong>ad·</strong></span> <span class='ocrx_word' id='word_1_315' title='bbox 1411 3696 1903 3761; x_wconf 72' lang='lat' dir='ltr'><strong>emundationem.</strong></span> <span class='ocrx_word' id='word_1_316' title='bbox 1931 3726 2012 3746; x_wconf 78' lang='lat'><strong>-·-</strong></span> <span class='ocrx_word' id='word_1_317' title='bbox 2034 3698 2097 3781; x_wconf 88' lang='lat'><strong>(3</strong></span> <span class='ocrx_word' id='word_1_318' title='bbox 2115 3703 2293 3781; x_wconf 64' lang='lat' dir='ltr'><strong>paq-t,</strong></span> 
     </span>
     <span class='ocr_line' id='line_1_37' title="bbox 399 3784 2187 3878; baseline -0.004 -21"><span class='ocrx_word' id='word_1_319' title='bbox 399 3797 608 3878; x_wconf 55' lang='lat' dir='ltr'><strong>quas-st.</strong></span> <span class='ocrx_word' id='word_1_320' title='bbox 643 3792 742 3867; x_wconf 85' lang='lat'><strong>66,</strong></span> <span class='ocrx_word' id='word_1_321' title='bbox 770 3790 892 3853; x_wconf 74' lang='lat' dir='ltr'><strong>art.</strong></span> <span class='ocrx_word' id='word_1_322' title='bbox 926 3789 966 3849; x_wconf 84' lang='lat'><strong><em>2</em></strong></span> <span class='ocrx_word' id='word_1_323' title='bbox 992 3792 1049 3851; x_wconf 78' lang='lat' dir='ltr'><strong>et</strong></span> <span class='ocrx_word' id='word_1_324' title='bbox 1075 3788 1146 3863; x_wconf 84' lang='lat'><strong>33</strong></span> <span class='ocrx_word' id='word_1_325' title='bbox 1178 3791 1236 3849; x_wconf 76' lang='lat' dir='ltr'><strong>et</strong></span> <span class='ocrx_word' id='word_1_326' title='bbox 1262 3789 1322 3863; x_wconf 83' lang='lat'><strong>4,</strong></span> <span class='ocrx_word' id='word_1_327' title='bbox 1355 3784 1503 3847; x_wconf 74' lang='lat' dir='ltr'><strong>diet.</strong></span> <span class='ocrx_word' id='word_1_328' title='bbox 1530 3786 1591 3861; x_wconf 89' lang='lat'><strong>3,</strong></span> <span class='ocrx_word' id='word_1_329' title='bbox 1618 3790 1739 3848; x_wconf 75' lang='lat' dir='ltr'><strong>art.</strong></span> <span class='ocrx_word' id='word_1_330' title='bbox 1767 3788 1829 3863; x_wconf 88' lang='lat'><strong>3,</strong></span> <span class='ocrx_word' id='word_1_331' title='bbox 1860 3794 2071 3869; x_wconf 71' lang='lat' dir='ltr'><strong>qua-st.</strong></span> <span class='ocrx_word' id='word_1_332' title='bbox 2103 3786 2187 3871; x_wconf 90' lang='lat'><strong>1).</strong></span> 
     </span>
    </p>
   </div>
   <div class='ocr_carea' id='block_1_10' title="bbox 366 3908 2300 3994">
    <p class='ocr_par' dir='ltr' id='par_1_10' title="bbox 366 3908 2300 3994">
     <span class='ocr_line' id='line_1_38' title="bbox 366 3908 2300 3994; baseline -0.002 -17"><span class='ocrx_word' id='word_1_333' title='bbox 366 3916 449 3977; x_wconf 84' lang='lat' dir='ltr'><strong>Ad</strong></span> <span class='ocrx_word' id='word_1_334' title='bbox 480 3916 715 3993; x_wconf 87' lang='lat' dir='ltr'><strong>primum</strong></span> <span class='ocrx_word' id='word_1_335' title='bbox 739 3915 1024 3989; x_wconf 71' lang='lat' dir='ltr'><strong>quaeritur,</strong></span> <span class='ocrx_word' id='word_1_336' title='bbox 1047 3917 1230 3969; x_wconf 86' lang='lat' dir='ltr'><strong>utrum</strong></span> <span class='ocrx_word' id='word_1_337' title='bbox 1256 3925 1398 3994; x_wconf 87' lang='lat' dir='ltr'><strong>aqua</strong></span> <span class='ocrx_word' id='word_1_338' title='bbox 1428 3908 1627 3967; x_wconf 78' lang='lat' dir='ltr'><strong>habeat</strong></span> <span class='ocrx_word' id='word_1_339' title='bbox 1652 3911 1910 3969; x_wconf 77' lang='lat' dir='ltr'><strong>virtutem</strong></span> <span class='ocrx_word' id='word_1_340' title='bbox 1935 3914 2001 3971; x_wconf 90' lang='lat' dir='ltr'><strong>ad</strong></span> <span class='ocrx_word' id='word_1_341' title='bbox 2030 3914 2300 3973; x_wconf 88' lang='lat' dir='ltr'><strong>emunda-</strong></span> 
     </span>
    </p>
   </div>
  </div>
 </body>
</html>
