2800 4492
541 315 694 378 380.
1019 331 1072 377 s.
1107 301 1352 375 'anona
1390 326 1721 381 nouimus
1762 311 2069 373 opuscumi

545 448 825 523 cognoscit
853 447 1058 515 omnia,
1089 460 1268 520 nequo
1292 452 1375 503 tot
1401 444 1614 518 species
1651 442 1817 501 babet
1844 448 1981 517 quot
2008 448 2137 500 sunt
2164 440 2479 511 individue,
2508 447 2587 500 ut

543 556 609 596 ex
635 538 802 595 dictis
823 542 1006 611 patet..
1381 540 1386 546 '
2528 545 2535 548 ·

614 629 698 686 Ad
740 626 994 701 quintum
1039 623 1361 704 dicendum,
1409 623 1557 696 quod
1593 620 1685 678 illa
1724 636 1833 678 una
1875 619 2087 695 species
2130 620 2363 677 efficitur
2410 622 2585 678 ratio

541 715 902 789 cognoscendi
933 714 1215 789 quodlibet
1244 711 1605 780 individuum,
1624 710 1923 769 secundum
1939 715 2247 784 respectum
2264 710 2333 768 ad
2350 710 2576 784 ipsum,

545 813 606 863 ut
630 822 697 864 ex
719 805 882 863 dictis
905 810 1078 878 patet.

1239 980 1695 1042 ARTIGULUS
1736 978 1846 1041 lv.

619 1117 836 1184 Utrum
862 1114 1107 1189 notitia,
1141 1131 1270 1195 quae
1299 1113 1371 1176 ab
1398 1111 1750 1192 Auqustino
1780 1109 2011 1174 dicitur
2029 1108 2231 1190 proles
2251 1111 2499 1188 mentis,

901 1206 986 1300 sit
1014 1204 1082 1267 in
1108 1206 1294 1267 mente
1317 1202 1481 1265 sicut
1516 1200 1791 1264 accidens
1817 1200 1885 1263 in
1908 1199 2193 1280 subjecto.

616 1339 774 1397 Circa
796 1343 1053 1411 quartum
1079 1337 1159 1393 sic
1198 1334 1614 1409 procediturd.
1647 1333 1876 1391 Videtur
1901 1333 2045 1407 quod
2080 1334 2295 1402 notitia,
2324 1351 2455 1408 quoe
2490 1335 2569 1393 ab

545 1429 850 1500 Augustino
876 1427 1079 1485 dicitur
1108 1425 1286 1499 proles
1323 1424 1541 1492 mentiS,
1582 1437 1690 1480 non
1718 1423 1793 1479 sit
1825 1429 2008 1480 mente
2035 1423 2179 1480 sicut
2204 1423 2465 1481 accidens
2504 1426 2566 1482 in

546 1518 815 1590 subjecto.
852 1516 1072 1574 Nullum
1119 1515 1264 1572 enim
1315 1513 1571 1572 accidens
1616 1511 1835 1569 excedit
1870 1527 2031 1569 suum
2072 1512 2399 1585 subjectum.
2444 1515 2566 1572 Sed

548 1608 748 1665 notitia
785 1605 1000 1664 excedit
1042 1613 1298 1671 mentem,
1326 1604 1459 1676 quia
1502 1619 1655 1659 mens
1680 1619 1786 1660 non
1830 1602 2008 1660 solum
2046 1602 2327 1676 seipsam,
2368 1604 2471 1660 sed
2504 1610 2563 1662 et

549 1697 658 1756 alia
678 1712 775 1771 per
797 1696 1054 1754 notitiam
1077 1693 1249 1750 novit.
1271 1693 1417 1764 Ergo
1442 1691 1636 1748 notitia
1662 1707 1766 1748 non
1786 1699 1871 1748 est
1896 1691 2153 1748 accidens
2175 1693 2396 1748 mentis.

617 1791 671 1842 2.
715 1786 1005 1850 Praeterea,
1053 1781 1260 1838 nullum
1303 1780 1561 1837 accidens
1606 1787 1690 1836 est
1740 1779 1952 1854 aequale
1997 1795 2097 1838 suo
2138 1780 2404 1853 subjecto.
2445 1781 2563 1839 Sed

544 1873 742 1930 notitia
773 1881 856 1928 est
893 1870 1123 1943 aequalis
1151 1870 1355 1938 menti3
1387 1868 1525 1925 alias
1567 1869 1623 1925 in
1665 1869 1881 1934 notitia,
1914 1879 2094 1926 mente
2128 1877 2185 1926 et
2221 1885 2407 1926 amare
2442 1885 2562 1926 non

545 1962 869 2019 consisteret
893 1959 1073 2031 imago
1109 1957 1413 2026 Trinitatis,
1442 1958 1589 2031 quod
1626 1958 1962 2032 Augustinus
1988 1959 2159 2032 ponit.
2190 1957 2330 2031 Ergo
2356 1959 2561 2016 notitia

546 2065 654 2107 non
684 2056 768 2107 est
798 2049 1051 2107 accidens
1075 2046 1294 2104 mentis.
1327 2087 1335 2095 .

617 2145 670 2196 3.
714 2140 1004 2205 Praeterea,
1053 2137 1157 2194 hoc
1201 2136 1350 2194 idem
1391 2135 1611 2193 videtur
1656 2149 1723 2192 ex
1768 2134 1954 2192 verbis
1999 2135 2311 2209 Augustini,
2358 2136 2452 2210 qui
2500 2137 2560 2192 in

547 2229 629 2285 tx
669 2227 766 2283 lib.
797 2228 865 2285 de
891 2227 1087 2284 Trinit.
1129 2224 1283 2293 dicit,
1324 2225 1471 2298 quod
1513 2224 1709 2281 notitia
1738 2231 1794 2280 et
1836 2238 1989 2297 amor
2014 2225 2069 2280 in
2100 2223 2283 2282 anima
2310 2225 2563 2282 existunt

514 2317 520 2326 '
550 2316 999 2384 substantialiter,
1022 2314 1128 2383 vel,
1159 2321 1221 2370 ut
1244 2313 1321 2371 ita
1349 2314 1551 2380 dicam,
1574 2312 1956 2382 essentialiter,
1978 2328 2087 2370 non
2114 2323 2376 2388 tanquam
2402 2315 2563 2372 acci·

550 2406 683 2463 dens
712 2407 766 2462 in
787 2406 1053 2478 subjecto,
1081 2410 1144 2459 ut
1162 2403 1311 2460 color
1334 2410 1432 2459 aut
1460 2403 1633 2474 figura
1660 2402 1719 2458 in
1741 2416 1989 2474 corpore.

619 2493 724 2553 Sed
745 2500 956 2564 contra,
979 2493 1174 2550 notitia
1199 2491 1401 2548 mentis
1418 2489 1549 2546 nibil
1567 2489 1715 2547 aliud
1739 2504 1859 2546 esse
1875 2489 2093 2547 videtur
2109 2505 2277 2564 quam
2300 2491 2557 2549 scientia.

547 2583 654 2640 Sed
683 2583 912 2641 scientia
940 2587 1025 2638 est
1048 2579 1321 2649 accidens,
1345 2595 1473 2636 cum
1499 2579 1648 2636 sitin
1670 2577 1847 2652 prima
1870 2579 2054 2653 specio
2080 2580 2387 2654 qualitatis.
2410 2579 2561 2656 Ergo

547 2679 606 2727 et
633 2671 849 2727 notitia.
1215 2703 1222 2708 -
1568 2701 1573 2706 ·
2410 2739 2419 2746 .

617 2759 942 2831 Respondeo
964 2757 1275 2826 dicendum,
1299 2757 1446 2832 quod
1460 2754 1663 2814 notitia
1687 2762 1925 2830 quatuor
1949 2755 2127 2814 modis
2150 2758 2327 2830 accipi
2352 2765 2557 2832 potest.

549 2847 728 2903 Primo
745 2862 848 2919 pro
882 2848 1001 2919 ipsa
1028 2852 1225 2903 natura
1263 2845 1669 2917 cognoscitiva3
1699 2845 1939 2903 secundo
1961 2863 2059 2920 pro
2090 2848 2334 2920 potentia
2364 2851 2563 2920 cogni-

551 2938 697 3005 tiva3
726 2934 890 2992 tertio
917 2949 1016 3007 pro
1049 2933 1238 2990 habitu
1273 2933 1680 3004 cognoscitiv03
1711 2941 1908 3008 quarto
1939 2950 2036 3008 pro
2075 2935 2191 3008 ipso
2228 2937 2565 3009 cognitionis

551 3033 697 3084 actu.
724 3025 876 3083 Sicut
903 3023 1072 3081 etiam
1094 3022 1198 3080 hoc
1221 3037 1420 3079 nomen
1443 3037 1645 3090 semus,
1678 3024 2007 3098 quandoque
2031 3023 2277 3082 nominat
2302 3033 2562 3082 naturam

549 3116 886 3182 sensitivam,
918 3119 1080 3187 prout
1116 3109 1327 3169 scilicet
1365 3118 1451 3167 est
1479 3112 1809 3185 principium
1840 3113 2002 3185 hujus
2026 3119 2253 3182 naturae,
2288 3115 2434 3188 quod
2473 3120 2565 3172 est

549 3204 839 3272 sensibile;
870 3202 1196 3276 quandoque
1227 3216 1358 3258 vero
1389 3201 1635 3257 nominat
1663 3200 1839 3273 ipsam
1865 3203 2196 3274 potentiam;
2224 3203 2564 3277 quandoque

549 3306 681 3348 vero
731 3299 934 3349 actum.
993 3289 1288 3363 Loquendo
1337 3303 1469 3362 ergo
1516 3289 1587 3346 de
1631 3289 1829 3347 notitia
1870 3291 2047 3363 primo
2093 3289 2253 3348 modo
2306 3299 2560 3365 accepta,

553 3385 770 3438 constat
814 3379 960 3452 quod
1006 3393 1112 3435 non
1167 3385 1251 3434 est
1294 3377 1352 3434 in
1408 3376 1717 3435 substantia
1760 3379 1959 3436 mentis
2005 3379 2149 3436 sicut
2196 3380 2453 3436 accidens
2504 3382 2564 3437 in

551 3468 820 3542 subjecto,
863 3467 958 3524 sed
988 3466 1423 3525 substantialiter
1454 3476 1513 3523 et
1552 3465 1950 3534 essentialiter;
1980 3467 2125 3524 sicut
2158 3467 2383 3534 dicitur,
2408 3469 2566 3541 quod

551 3557 817 3616 rationale
848 3562 934 3613 est
974 3555 1029 3612 in
1056 3556 1202 3622 vivo,
1230 3561 1287 3612 et
1328 3555 1516 3612 vivum
1557 3556 1613 3610 in
1656 3562 1804 3612 ente.
1842 3555 1900 3612 Si
1939 3562 2123 3613 autem
2162 3555 2449 3628 loquamur
2490 3557 2567 3615 de

550 3647 747 3704 notitia
777 3645 950 3702 tribus
983 3644 1103 3702 aliis
1143 3644 1321 3701 modis
1359 3650 1585 3718 accepta
1609 3661 1625 3714 ;
1652 3644 1734 3700 sic
1761 3643 2052 3718 dupliciter
2090 3651 2272 3717 potest
2298 3645 2569 3703 conside·

549 3736 704 3792 rari:
747 3732 835 3791 vel
879 3731 1177 3790 secundum
1222 3731 1368 3804 quod
1396 3739 1750 3804 comparatur
1777 3730 1846 3787 ad
1887 3738 2346 3803 cognoscentem3
2376 3741 2435 3788 et
2476 3733 2566 3790 sic

550 3823 694 3879 inest
721 3820 1068 3894 cognoscenti
1112 3820 1256 3876 sicut
1296 3819 1552 3877 accidens
1589 3819 1644 3875 in
1673 3818 1939 3892 subjecto,
1984 3826 2042 3876 et
2080 3819 2164 3877 sic
2188 3834 2299 3876 non
2340 3821 2565 3877 excedit

551 3909 878 3983 subjectum,
903 3909 1036 3984 quia
1062 3923 1341 3983 nunquam
1369 3908 1647 3967 invenitur
1682 3908 1861 3967 inesse
1895 3907 2058 3967 alicui
2086 3907 2191 3967 nisi
2218 3909 2391 3968 menti
2421 3924 2438 3966 z
2469 3907 2563 3966 vel
