2800 4492
525 350 643 413 118
999 370 1051 413 s.
1096 369 1329 414 THOMAE
1368 368 1696 421 sommus
1735 368 2048 416 oruscum

524 482 726 540 dicitur
755 498 821 540 ιιι
841 483 911 541 de
936 483 1235 541 Anima.Et
1256 486 1337 542 sic
1363 485 1680 545 immediate
1705 493 1887 561 potest
1912 488 2198 560 concipere
2215 486 2536 545 intellectus

526 572 891 645 quidditatem
934 574 1009 629 rei
1045 573 1335 641 sensibilis,
1363 592 1470 633 non
1514 584 1698 633 autem
1731 576 1963 649 alicujus
1995 576 2076 632 rei
2115 576 2531 635 intellectualis.

526 660 681 722 Unde
716 659 851 717 dicit
882 662 1081 735 Diony.
1110 679 1154 719 ιι
1189 679 1239 720 c.
1284 663 1409 721 coel.
1456 665 1668 722 Hierar.
1709 665 1856 738 quod
1893 672 2083 722 nostra
2128 665 2378 738 analogia
2418 680 2536 720 non

525 746 675 804 valet
694 746 1011 804 immediate
1036 750 1253 805 extend-i
1278 750 1335 805 in
1359 751 1660 807 invisibiles
1683 752 2170 824 contemplationes
2201 769 2213 807 :
2243 752 2340 807 sed
2367 766 2538 825 quae·

527 835 657 891 dam
680 834 975 892 invisibilia
1010 842 1156 906 sunt,
1182 852 1416 910 quorum
1446 838 1731 913 quidditas·
1751 846 1810 896 et
1843 846 2038 895 natura
2071 838 2311 911 perfecte
2338 838 2540 911 expri-

528 922 697 977 mitur
743 939 810 980 ex
852 924 1251 996 quidditatibus
1298 942 1481 985 rerum
1525 926 1863 985 sensibilium
1918 928 2082 994 notis,
2121 932 2179 985 et
2219 926 2290 983 de
2326 925 2538 984 talibus

530 1011 957 1084 intelligentibus
979 1030 1268 1087 possumus
1289 1016 1432 1072 scire
1455 1016 1588 1089 quid
1615 1022 1721 1083 est,
1747 1015 1844 1073 sed
1870 1015 2144 1072 mediate:
2169 1016 2314 1072 sicut
2338 1032 2404 1071 ex
2423 1014 2538 1071 hoc

532 1102 676 1174 quod
706 1102 878 1167 scitur
901 1104 1032 1176 quid
1063 1110 1147 1159 est
1172 1102 1357 1173 bomo,
1382 1110 1440 1159 et
1470 1104 1605 1177 quid
1640 1108 1722 1161 est
1757 1104 1978 1174 animal,
2009 1103 2342 1161 sufficienter
2366 1104 2539 1159 inno-

532 1190 695 1247 tescit
718 1189 982 1249 habitudo
1006 1190 1165 1247 unius
1184 1192 1251 1248 ad
1279 1192 1530 1262 alterum,
1558 1199 1704 1250 etex
1737 1194 1840 1249 boc
1862 1193 2034 1250 scitur
2061 1193 2192 1266 quid
2221 1200 2308 1248 est
2333 1207 2532 1264 genus,

531 1286 589 1335 et
614 1280 746 1353 quid
774 1285 862 1337 est
888 1280 1117 1352 species.
1140 1281 1367 1338 Naturae
1403 1288 1589 1338 autem
1616 1281 1902 1339 sensibiles
1927 1282 2220 1339 intellectas
2243 1296 2347 1337 non
2371 1280 2540 1336 suffi-

531 1370 741 1427 cienter
763 1368 1077 1442 exprimunt
1096 1368 1341 1429 divinam
1362 1371 1678 1438 essentiam,
1701 1386 1878 1443 neque
1905 1370 2072 1428 etiam
2097 1370 2311 1443 aliquas
2336 1384 2536 1425 essen-

534 1460 641 1517 tias
664 1464 968 1533 separatas,
998 1474 1124 1515 cum
1152 1474 1263 1515 non
1287 1458 1396 1516 sint
1421 1460 1582 1517 unius
1604 1460 1821 1531 generis
1847 1458 2172 1516 naturaliter
2213 1458 2488 1531 loquendo
2517 1477 2532 1514 :

532 1557 589 1607 et
610 1550 997 1624 quidditas,‘et
1022 1548 1208 1611 omnia
1234 1548 1544 1619 hujusmodi
1573 1548 1794 1605 nomina
1820 1548 1934 1605 fere
1961 1549 2242 1621 aequivoce
2272 1548 2538 1604 dicuntur

518 1639 599 1695 de
625 1638 993 1705 sensibilibus,
1023 1644 1081 1693 et
1122 1638 1191 1691 de
1218 1635 1327 1694 illis
1366 1636 1707 1695 substantiis.
1737 1637 1894 1694 Unde
1933 1636 2319 1695 similitudines
2343 1652 2536 1692 rerum

533 1728 873 1785 sensibilium
902 1726 973 1783 ad
1010 1724 1355 1785 substantias
1376 1725 1765 1783 immateriales
1798 1726 2092 1783 translatas
2127 1733 2290 1783 vocat
2327 1726 2532 1798 Diony.

534 1832 579 1873 ιι
603 1832 653 1872 c.
678 1816 804 1891 egel.
831 1816 1045 1875 Hierar.
1076 1813 1369 1869 dissimiles
1414 1814 1793 1872 similationes.
1824 1814 1946 1871 Alio
1983 1816 2143 1873 modo
2181 1813 2536 1872 intellectua-

535 1904 676 1961 libus
701 1903 1027 1959 habentibus
1050 1918 1173 1977 quae
1196 1902 1379 1974 aliquo
1410 1902 1570 1959 modo
1593 1902 1942 1960 sensibilibus
1967 1904 2258 1961 distributa
2282 1910 2410 1959 sunt
2437 1918 2450 1959 ι
2473 1910 2539 1960 ει,

534 1993 617 2049 sic
641 2009 738 2065 per
763 1994 911 2049 viam
938 1989 1311 2048 similitudinis
1341 1984 1447 2047 non
1486 1990 1817 2049 sufficienter
1850 1991 1960 2050 illae
2001 1992 2324 2050 substantiae
2354 2009 2422 2049 ex
2446 1994 2536 2049 his

536 2084 899 2139 innotescunt.
928 2081 1120 2154 Neque
1146 2082 1312 2137 etiam
1346 2096 1444 2153 per
1467 2071 1618 2137 viam'
1649 2082 2008 2149 causalitatis‚
2027 2082 2156 2154 quia
2193 2080 2286 2139 illa
2311 2098 2437 2154 quae
2459 2082 2538 2137 ab

537 2172 644 2227 illis
671 2170 992 2227 substantiis
1018 2167 1367 2227 inveniuntur
1408 2169 1602 2227 effecta
1643 2170 1698 2225 in
1736 2169 1820 2226 his
1859 2170 2226 2239 inferioribus,
2257 2185 2364 2225 non
2401 2177 2536 2225 sunt

536 2262 761 2317 effectus
812 2260 1165 2333 adaequantes
1200 2273 1386 2314 eornm
1433 2258 1680 2328 virtuteS,
1707 2264 1770 2314 ut
1808 2260 1890 2315 sic
1931 2258 2208 2332 perveniri
2247 2258 2422 2331 possit
2459 2259 2536 2315 ad

534 2348 816 2407 sciendum
846 2348 991 2421 quod
1017 2347 1149 2422 quid
1178 2355 1261 2405 est
1285 2348 1353 2404 de
1376 2346 1733 2405 causa.Unde
1751 2347 1820 2402 de
1843 2347 2165 2404 substantiis
2193 2345 2302 2404 illis
2329 2348 2537 2403 imma·

538 2438 820 2502 terialibns
845 2438 1143 2498 secundum
1169 2446 1374 2495 statum
1412 2437 1519 2493 viae
1545 2436 1692 2492 nullo
1723 2437 1883 2493 modo
1920 2452 2208 2509 possumus
2233 2437 2374 2493 seire
2397 2437 2536 2509 quid

536 2537 619 2587 est
640 2530 752 2587 non
792 2528 968 2585 solum
1004 2544 1101 2601 per
1125 2528 1273 2583 viam
1312 2525 1580 2583 naturalis
1614 2526 1960 2598 cognitionis,
1991 2527 2088 2582 sed
2115 2526 2409 2583 'neo-etiam
2434 2542 2534 2598 per

535 2619 683 2677 viam
714 2617 1063 2681 revelationis
1100 2633 1113 2670 ε
1144 2616 1274 2687 quia
1314 2614 1518 2671 divinae
1557 2614 1907 2671 revelationis
1944 2614 2132 2671 radius
2171 2614 2239 2670 ad
2275 2628 2376 2671 nos
2399 2628 2536 2686 per-

535 2708 685 2764 venit
712 2705 1013 2763 secundum
1034 2703 1258 2760 modum
1286 2709 1552 2769 nostrum,
1578 2712 1640 2762 ut
1681 2704 1880 2777 Diony.
1907 2704 2061 2759 dicit.
2089 2702 2350 2773 Quamvis
2384 2703 2533 2758 enim

535 2812 631 2869 per
656 2792 1047 2851 revelationem
1069 2791 1344 2847 elevemur
1379 2792 1449 2847 ad
1493 2792 1700 2866 aliquid
1727 2792 2184 2865 cognoscendum,
2215 2790 2360 2863 quod
2393 2789 2535 2866 alias

534 2892 679 2941 esset
698 2883 855 2940 nobis
878 2882 1142 2953 ignotum,
1170 2894 1276 2935 non
1311 2886 1494 2936 tamen
1536 2881 1606 2939 ad
1649 2882 1752 2937 hoc
1778 2882 1924 2954 quod
1967 2881 2074 2939 alio
2095 2880 2264 2937 modo
2295 2894 2533 2951 cognos-

534 2981 723 3030 camus
750 2970 853 3026 nisi
882 2985 988 3043 per·
1004 2967 1283 3025 sensibilia
1314 2986 1327 3023 t
1360 2970 1505 3025 unde
1545 2970 1771 3043 Dionys.
1806 2986 1825 3027 1
1861 2986 1985 3043 cap.
2024 2969 2151 3027 coel.
2189 2969 2340 3024 Hier.
2369 2968 2529 3039 dicit,

535 3062 681 3137 quod
708 3058 1041 3134 impossibile
1065 3065 1149 3114 est
1174 3056 1329 3113 nobis
1350 3057 1512 3115 aliter
1535 3058 1881 3131 superlucere
1897 3059 2144 3117 divinum
2168 3057 2402 3125 radium,
2424 3058 2533 3113 nisi

534 3150 988 3208 circumvelatum
1027 3147 1295 3204 varietate
1329 3161 1612 3204 sacrorum
1659 3147 2014 3205 velaminum.
2039 3146 2144 3204 Via
2180 3153 2364 3203 autem
2403 3160 2536 3219 quas

532 3244 617 3294 est
640 3254 737 3311 per
764 3235 1042 3293 sensibilia
1064 3249 1171 3290 non
1200 3233 1399 3291 sufficit
1427 3234 1496 3291 ad
1521 3235 1828 3295 ducendum
1861 3236 1916 3290 in
1957 3234 2294 3291 substantias
2333 3249 2534 3305 super-

534 3325 816 3382 naturales
860 3324 1159 3381 secundum
1204 3323 1571 3396 cognitionem
1609 3324 1744 3396 quid
1788 3332 1892 3380 est.
1931 3324 2001 3380 Et
2043 3324 2125 3379 sic
2166 3328 2338 3379 restat
2381 3322 2532 3395 quod

532 3414 725 3471 formae
752 3411 1139 3469 immateriales
1165 3426 1275 3468 non
1296 3419 1428 3468 sunt
1449 3409 1605 3467 nobis
1632 3418 1778 3473 notae
1801 3412 2113 3483 cognitione
2143 3411 2276 3483 quid
2302 3417 2405 3476 est,
2431 3409 2536 3475 sed

530 3502 708 3560 solum
736 3501 1047 3575 cognitione
1063 3482 1261 3569 adest,
1287 3500 1406 3557 sive
1441 3499 1679 3557 naturali
1715 3500 1928 3557 ratione
1965 3516 2034 3556 ex
2061 3499 2344 3557 effectibus
2369 3512 2537 3555 crea-

534 3602 803 3659 turarum¹
827 3590 948 3647 sive.
990 3588 1155 3646 etiam
1194 3603 1263 3645 ex
1302 3585 1637 3644 revelatione
1668 3603 1794 3660 quae
1823 3596 1907 3645 est
1947 3604 2045 3661 per
2083 3586 2470 3645 similitudines
2499 3602 2535 3643 a

531 3680 877 3739 sensibilibus
894 3686 1159 3753 sumptas.
2015 3680 2025 3693 '
2049 3694 2054 3701 ·

600 3772 707 3829 Est.
732 3775 915 3828 tamen
942 3767 1244 3833 sciendum,
1271 3767 1419 3839 quod
1457 3766 1526 3823 de
1550 3767 1699 3826 nulla
1730 3784 1790 3827 re
1812 3774 1993 3844 potest
2019 3768 2148 3826 sciri
2177 3784 2249 3825 an
2289 3773 2392 3835 est,
2427 3767 2536 3824 nisi

533 3874 753 3932 quoquo
787 3858 948 3915 modo
976 3858 1048 3915 de
1079 3872 1145 3913 ea
1183 3856 1391 3918 sciatur
1419 3856 1551 3929 quid
1569 3864 1664 3915 est
1690 3858 1778 3915 vel
1817 3858 2127 3931 cognitione
2155 3857 2414 3932 perfecta,
2447 3856 2536 3914 vel

534 3948 843 4021 cognitione
868 3946 1115 4007 confusa.
1163 3946 1319 4005 Unde
1363 3946 1498 4005 dicit
1529 3945 1884 4023 Philosophus
1921 3964 1942 4008 ι
1979 3945 2353 4025 Physicorum,
2385 3946 2538 4021 quod
