2800 4492
673 291 766 338 x1.
795 306 876 322 -
899 291 967 337 m
1005 291 1274 338 non-mm
1313 292 1394 338 nn
1435 292 1764 338 mmmmm
2140 273 2241 334 79-

216 401 392 461 cludit
423 403 615 462 modos
652 419 923 478 congruos
965 405 1194 480 singulis
1237 406 1475 482 partium
1520 407 1927 482 praedictarum,
1968 412 2024 462 et
2064 405 2227 480 hujus

217 493 392 564 partis
429 493 717 567 dispositio
760 495 1085 569 relinquitur
1119 496 1497 569 disputationi.
1540 485 1809 564 Secundo,
1842 495 2063 568 exponit
2092 495 2228 550 ulti·

219 597 368 637 mum
393 583 610 638 modurn
641 585 736 656 qui
761 590 847 640 est
873 585 1124 657 proprius
1148 587 1400 658 praesenti
1434 585 1793 658 inquisitioni,
1826 591 1881 642 et
1910 583 2013 640 hoc
2041 584 2228 656 dupli-

220 669 376 726 citer.
409 671 604 738 Primo,
634 673 964 728 removendo
983 673 1036 728 id
1059 675 1204 747 quod
1228 681 1313 731 est
1334 673 1802 746 impedimentum,
1832 673 1905 728 ibi
1937 691 1950 728 z
1980 694 2005 724 σ
2034 674 2227 744 Neque

223 764 436 829 oportet
457 760 514 815 in
531 760 734 816 divinis
754 761 948 817 deduci
973 761 1043 818 ad
1069 763 1332 834 imagines
1363 783 1387 815 υ
1411 769 1474 818 ut
1491 763 1704 820 scilicet
1728 763 1795 818 de
1815 761 1893 817 eis
1910 760 2227 834 judicandis

223 861 512 918 sequamur
545 849 817 918 judicium
852 849 1278 922 imaginationi&
1309 851 1579 918 Secundo,
1615 851 1950 906 ostendendo
1980 850 2033 904 id
2078 848 2223 920 quod

225 940 304 987 est
345 935 642 1006 proprium,
688 935 761 991 ibi
814 955 827 992 ε
881 957 906 989 α
953 937 1057 994 Sed
1107 938 1288 1011 potius
1318 939 1493 1010 ipsam
1530 939 1797 1011 inspicere
1840 938 2069 994 formam
2106 937 2225 992 sine

225 1029 372 1078 motu
411 1031 464 1078 et
505 1025 736 1081 materia
784 1044 809 1076 n
839 1027 997 1096 cujus
1025 1027 1392 1083 conditionem
1434 1034 1831 1100 consequenter
1872 1027 2093 1099 exponit
2137 1027 2225 1082 in-

228 1110 472 1180 grediens
497 1113 566 1169 ad
597 1114 931 1185 propositam
960 1115 1340 1187 quaestionem.

968 1286 1366 1366 QUAESTIO
1455 1287 1516 1353 V

570 1445 650 1489 DE
693 1445 997 1490 DIVISIONE
1040 1428 1479 1491 SPECULATWAE
1522 1445 1844 1489 scmN‘rIAE.

295 1559 390 1616 Hic
415 1565 497 1614 est
525 1559 727 1633 duplex
756 1564 1008 1633 quaestio.
1039 1561 1240 1628 Prima,
1273 1561 1340 1618 de
1365 1561 1631 1618 divisione
1659 1559 2011 1632 speculativae
2039 1559 2221 1615 scien-

235 1646 335 1714 tiae,
368 1663 486 1720 quae
509 1649 566 1703 in
594 1649 776 1706 littera
807 1649 1042 1722 ponitur.
1075 1650 1342 1720 Secunda,
1379 1648 1449 1709 de
1483 1648 1677 1718 modiS,
1706 1663 1845 1721 quos
1869 1646 2221 1721 speculativae

235 1735 459 1793 scientiae
486 1737 760 1793 attribuit.

297 1825 441 1882 Circa
468 1827 706 1898 primum
735 1833 1054 1900 quaeruntur
1079 1834 1335 1900 quatuor.

297 1914 482 1970 Primo.
522 1916 720 1971 Utrum
748 1917 820 1972 sit
845 1915 1172 1972 conveniens
1200 1914 1415 1984 divisi0,
1451 1887 1561 1989 qua
1588 1915 1852 1971 dividitur
1876 1913 2216 1987 speculativa

236 1999 284 2054 in
303 2000 392 2058 has
419 2009 532 2059 tres
553 2012 758 2075 partae,
791 2004 1116 2072 naturalem,
1139 2004 1601 2071 mathematicam,
1631 2010 1686 2059 et
1710 2003 1970 2061 divinam.

294 2091 550 2148 Secundo.
578 2093 776 2150 Utrum
803 2092 1069 2150 naturalis
1104 2093 1443 2166 philosophia
1484 2094 1556 2150 sit
1594 2093 1663 2149 de
1692 2093 1779 2148 his
1816 2107 1941 2164 quae
1980 2095 2107 2148 sunt
2152 2091 2210 2148 in

238 2186 367 2235 motu
396 2188 450 2237 et
479 2179 734 2238 materia.

295 2267 487 2324 Tertio·
513 2269 714 2326 Utrum
752 2268 1141 2328 mathematica
1177 2268 1543 2326 consideratio
1572 2269 1645 2326 sit
1678 2267 1795 2326 sino
1824 2277 1976 2325 motu
2006 2273 2061 2323 et
2092 2281 2215 2322 rna·-

240 2356 374 2414 teria.

297 2445 510 2514 Quarto.
537 2447 734 2504 Utrum
753 2445 940 2505 divina
967 2447 1200 2506 scientia
1219 2447 1293 2505 sit
1323 2447 1393 2504 de
1421 2446 1507 2503 his
1530 2460 1657 2518 quae
1682 2449 1809 2502 sunt
1842 2444 1961 2502 sine
1984 2441 2217 2500 materia

239 2538 286 2588 et
303 2541 462 2594 motu.

930 2715 1386 2777 ARTIGULUS
1448 2714 1500 2774 Ι.

250 2839 441 2911 Utrum
467 2848 554 2912 sit
581 2849 927 2913 conveniens
968 2850 1208 2923 divisim
1241 2867 1364 2931 qua
1391 2847 1711 2911 dividitur·
1738 2846 2113 2926 speculativa
2152 2845 2221 2907 in

301 2937 403 3041 kas
440 2943 563 3000 tres
600 2944 830 3018 parter,
859 2939 1204 3003 naturalem
1243 2938 1493 3012 scilicet,
1526 2937 2006 3000 mathematicam
2032 2940 2087 2998 et
2115 2935 2219 2997 ‹ti-

303 3044 516 3090 amam.

295 3158 370 3214 Ad
399 3160 635 3231 primum
673 3160 754 3216 sic
789 3161 1122 3233 proceditur.
1153 3162 1204 3215 l.
1231 3161 1462 3218 Videtur
1486 3161 1629 3232 quod
1655 3159 1990 3232 speculativa
2022 3158 2214 3214 incon-

240 3248 498 3305 venienter
531 3248 586 3304 in
624 3249 724 3305 has
759 3255 871 3305 tres
909 3249 1094 3322 partes
1132 3249 1429 3306 dividatur.
1459 3251 1647 3306 Partes
1691 3249 1834 3304 enim
1864 3247 2217 3322 speculativae

239 3342 348 3391 sunt
377 3336 452 3392 illi
482 3336 704 3394 habitus
745 3339 840 3410 qui
876 3345 1087 3410 partem
1124 3339 1322 3396 animae
1349 3339 1833 3410 contemplativam
1880 3337 2170 3410 perficiunt
2201 3354 2215 3390 ε

241 3423 319 3478 sed
343 3425 472 3482 Phil.
498 3427 552 3481 in
583 3442 642 3482 v¹
671 3426 797 3482 Eth.
817 3428 968 3498 ponit
997 3427 1142 3500 quod
1176 3427 1537 3484 scientificum
1566 3427 1788 3497 animae,
1808 3427 1951 3500 quod
1978 3435 2063 3482 est
2090 3441 2223 3498 pars

240 3512 342 3582 ejus
366 3515 816 3587 contemplativa,
845 3513 1124 3588 perficitur
1157 3516 1430 3573 habitibus
1461 3517 1653 3584 tribus,
1684 3516 1895 3572 scilicet
1922 3513 2217 3588 sapientia,

241 3601 464 3668 scientia,
491 3609 547 3660 et
573 3603 889 3660 intellectu·
875 3620 1050 3676 ,ergo
1081 3605 1188 3662 ista
1232 3604 1335 3660 tria
1376 3613 1505 3662 sunt
1533 3612 1717 3678 partes
1756 3603 2129 3678 speculativae,
2162 3605 2218 3656 et

240 3701 333 3744 non
357 3690 442 3748 illa
472 3708 598 3764 quae
625 3693 682 3748 in
710 3692 894 3750 littera
915 3701 1209 3766 ponuntur.

300 3781 347 3836 2.
375 3779 526 3846 Item,
565 3785 706 3852 Aug.
739 3781 875 3838 dicit
912 3797 1016 3838 vm
1056 3783 1124 3848 de
1159 3783 1274 3839 Civ.
1317 3783 1437 3848 Dei,
1469 3783 1617 3856 quoti
1657 3781 1937 3838 rationalis
1977 3775 2217 3850 philoso-

239 3863 367 3938 phia,
393 3885 515 3944 quae
539 3877 625 3928 est
651 3869 846 3943 logica,
875 3871 977 3931 sub
1003 3871 1342 3946 speculativa
1373 3871 1731 3948 philosophia,
1757 3869 1843 3929 vel
1878 3867 2221 3942 contempla-
