2800 4492
579 335 663 397 56
1060 352 1111 397 s.
1157 350 1389 397 1*quAE
1430 350 1757 402 AQmNA'rxs
1798 349 2107 397 croscum

652 468 736 525 Ad
774 467 1012 542 prImum
1045 482 1174 540 ergo
1210 466 1522 535 dicendum,
1551 467 1696 541 quod
1738 468 1873 524 dicit
1911 469 2054 540 Aug.
2096 484 2142 525 11
2185 465 2255 524 de
2290 467 2581 531 Trinitate-

578 560 660 614 De
686 559 848 614 Patre
876 564 931 613 et
958 556 1094 614 Filio
1121 557 1324 613 dicitur
1347 556 1556 630 aliquid
1577 558 1631 612 in
1657 556 1954 629 Scripturis
1984 556 2291 630 tripliciter.
2316 558 2583 627 Quaedam

579 662 817 720 namque
846 646 1113 703 unitatem
1148 645 1472 703 substantias
1499 651 1554 701 et
1584 661 1939 719 personarum
1978 646 2355 719 aequalitatem
2395 653 2585 719 osten-

579 736 737 804 dunt,
772 743 830 791 ut
855 752 944 807 eqo
971 741 1020 791 et
1041 742 1204 808 pater
1224 750 1392 791 unum
1414 751 1615 791 mmm.
1642 734 1907 804 Quaedam
1928 750 2058 791 vero
2082 735 2281 792 Filium
2318 736 2585 794 minorem

579 825 873 881 ostendunt
898 830 1120 898 propter
1139 825 1370 881 formam
1394 824 1871 893 servi,secundum
1896 840 2059 897 quam
2089 824 2267 882 factus
2291 833 2374 882 est
2403 828 2585 901 seipso

576 915 775 983 minor,
803 914 1123 981 secundum,
1156 913 1286 985 illud
1313 912 1507 986 Philip.
1540 928 1586 969 11
1617 930 1631 970 ε
1658 913 1999 985 Semetipsum
2024 914 2324 971 exinanivit
2350 923 2587 989 sormam

575 1004 718 1060 servi
743 1003 1020 1077 accipiens.
1046 1003 1308 1073 Quaedam
1336 1018 1467 1059 vero
1491 1003 1569 1059 ita
1593 1002 1871 1072 dicuntur,
1892 1007 1952 1059 ut
1980 1020 2158 1077 neque
2186 1004 2382 1073 minor,
2406 1022 2586 1079 neque

576 1093 805 1167 aequalis
837 1092 1178 1159 ostendatur,
1210 1092 1306 1147 sed
1355 1097 1570 1148 tantum
1608 1092 1754 1163 quod
1796 1092 1963 1149 Filius
2002 1092 2077 1149 sit
2119 1093 2188 1149 de
2214 1095 2396 1163 Patre,
2441 1096 2585 1153 sicut

575 1183 732 1238 Joan.
760 1197 819 1237 νι
850 1198 862 1235 :
893 1181 1042 1237 Sicut
1081 1181 1249 1237 Pater
1273 1179 1423 1236 habet
1447 1180 1613 1235 vitam
1640 1180 1702 1236 in
1741 1180 2033 1253 semetipso,
2061 1181 2137 1237 sic
2162 1181 2307 1239 dedit
2348 1191 2401 1242 et
2439 1184 2586 1242 Filio

575 1270 747 1325 vitam
789 1269 977 1326 habere
1017 1268 1078 1325 in
1119 1269 1408 1342 semetipso·
1437 1270 1575 1341 Ipsae
1605 1274 1787 1325 autem
1820 1271 2013 1342 primae
2051 1273 2411 1329 auctoritates
2459 1280 2587 1331 sunt

577 1358 862 1416 catholicis
894 1359 948 1414 in
992 1358 1382 1415 adminiculum
1420 1358 1490 1414 ad
1526 1357 1895 1415 defensionem
1931 1361 2203 1417 veritatis.
2230 1362 2336 1418 Sed
2369 1379 2435 1420 ea
2460 1380 2587 1437 quae

574 1447 813 1505 secundo
861 1452 916 1503 et
965 1448 1128 1504 tertio
1183 1447 1343 1504 modo
1400 1447 1657 1504 dicuntur
1710 1448 1766 1503 in
1808 1448 2108 1521 Scriptura,
2168 1462 2585 1524 assumpserunt

572 1536 820 1594 haeretici
864 1537 931 1594 ad
979 1538 1064 1593 sui
1115 1538 1317 1593 erroris
1361 1537 1853 1604 confirmationem,
1904 1537 2002 1593 sed
2050 1554 2211 1596 vane.
2264 1541 2386 1597 Non
2440 1544 2584 1601 enim

574 1642 700 1700 quae
743 1627 812 1681 de
858 1626 1073 1683 Christo
1124 1626 1380 1681 dicuntur
1428 1627 1727 1681 secundum
1779 1625 2078 1683 humanam
2123 1636 2399 1699 naturam,
2436 1632 2584 1689 refe·

573 1716 746 1771 reuda
768 1714 837 1771 ad
867 1714 987 1789 ejus
1015 1714 1400 1782 Divinitatem3
1424 1714 1563 1770 alias
1602 1722 1923 1787 sequeretur
1947 1718 2094 1789 quod
2118 1718 2419 1775 secundum
2450 1722 2583 1778 Dei-

579 1810 752 1859 tatem
793 1809 939 1859 esset
973 1811 1239 1872 mortuus,
1256 1817 1380 1857 cum
1425 1801 1528 1858 hoc
1568 1802 1637 1858 de
1678 1804 1795 1875 ipso
1840 1805 2139 1861 secundum
2181 1805 2583 1867 humanitatem

573 1892 809 1948 dicatur.
855 1892 1117 1948 Similiter
1134 1906 1235 1947 nec
1266 1891 1573 1947 ostenditur
1592 1893 1755 1947 Patre
1788 1893 1964 1949 minor
1987 1893 2173 1962 Filius,
2206 1898 2461 1969 quamvis
2490 1900 2584 1956 Fi-

573 1981 680 2039 lius
704 1981 778 2036 sit
805 1996 872 2035 ex
901 1981 1080 2047 Patre,
1099 1979 1229 2053 quia
1251 1980 1421 2035 Filius
1448 1980 1630 2055 omnia
1650 1996 1681 2037 a
1702 1982 1861 2037 Patre
1886 1998 2011 2055 quae
2024 1984 2185 2040 Pater
2204 1984 2385 2054 habet,
2420 2004 2583 2047 acce-

571 2070 677 2144 pit,
709 2078 769 2126 ut
798 2068 1028 2126 habetur
1050 2069 1204 2124 Joan.
1235 2084 1313 2136 ιν,
1341 2077 1397 2125 et
1426 2069 1617 2126 Matth.
1648 2084 1735 2126 xi.
1764 2070 1919 2126 Unde
1945 2088 2041 2145 per
2070 2072 2172 2129 hoc
2194 2075 2329 2131 ordo
2354 2077 2583 2149 originis

575 2176 685 2216 non
710 2158 1056 2232 inaequalitas
1081 2158 1397 2215 Divinitatis
1418 2159 1589 2215 astrui
1611 2164 1810 2231 potest.
1830 2159 1989 2229 Quod
2008 2176 2136 2233 ergo
2165 2162 2394 2221 dicitur:
2414 2166 2582 2224 Pater

575 2250 755 2320 maJor
780 2264 860 2305 me
883 2253 979 2312 est,
1003 2247 1214 2303 dictum
1259 2255 1340 2304 est
1359 2248 1439 2303 ‘de
1473 2248 1609 2304 Filio
1639 2249 1938 2305 secundum
1981 2249 2271 2309 humanam
2300 2260 2574 2325 naturam,

572 2338 875 2395 secundum
903 2340 1136 2409 August.
1158 2336 1244 2394 vel
1263 2337 1562 2393 secundum
1583 2336 1868 2406 Hilarium,
1898 2341 2195 2397 secundum
2224 2342 2487 2409 divinam,
2505 2346 2580 2403 ita

574 2429 721 2501 quod
757 2427 1042 2501 majoritas
1079 2441 1186 2483 non
1217 2426 1479 2499 importet
1519 2426 1969 2499 inaequalitatem,
2002 2430 2133 2503 quia
2156 2430 2325 2487 Filius
2355 2448 2463 2489 non
2498 2443 2582 2492 est

572 2520 752 2577 minor
774 2520 955 2587 Patre,
987 2518 1075 2575 cui
1119 2516 1310 2574 datum
1346 2523 1433 2573 est
1460 2532 1656 2573 nomen
1702 2533 1865 2591 super
1909 2533 2068 2575 omne
2096 2536 2311 2587 nomen,
2337 2524 2434 2580 sed
2474 2524 2587 2582 im·-

572 2616 756 2680 portat
783 2607 1170 2664 auctoritatem
1197 2605 1472 2677 principii,
1500 2605 1801 2661 secundum
1844 2607 1991 2677 quod
2034 2607 2137 2663 hoc
2162 2624 2271 2682 quo
2296 2610 2468 2669 Filius
2498 2622 2585 2671 est

573 2695 804 2771 aequalis
829 2694 998 2762 Patri,
1028 2691 1195 2749 habet
1222 2706 1255 2748 a
1279 2694 1483 2766 fatre.-

643 2784 727 2841 Ad
760 2783 1060 2839 secundum
1087 2778 1399 2845 dicendum,
1433 2778 1577 2850 quod
1606 2778 1741 2834 Filio
1769 2779 2004 2851 subjecit
2040 2784 2224 2840 omnia
2252 2804 2361 2845 non
2404 2791 2583 2849 solum

571 2874 755 2940 Pater,
785 2870 879 2927 sed
909 2870 1077 2925 etiam
1109 2868 1228 2941 ipse
1255 2866 1359 2923 sibi
1387 2866 1513 2939 ipsi,
1544 2866 1844 2923 secundum
1868 2869 1999 2926 illud
2026 2870 2221 2946 Philip.
2249 2891 2320 2933 ιιι
2347 2880 2584 2939 :Secun-

573 2960 804 3017 cundum
822 2958 1079 3016 virtutem
1106 2972 1213 3030 qua
1237 2963 1421 3029 potens
1450 2960 1526 3011 est
1547 2954 1805 3028 subjicere
1830 2957 1936 3014 sibi
1974 2959 2174 3027 omnia,
2202 2962 2306 3021 hoc
2352 2976 2457 3036 est,
2486 2986 2585 3027 se-

573 3051 812 3109 cundum
835 3047 1109 3105 Deitatem
1134 3062 1242 3120 qua
1271 3044 1501 3119 aequalis
1530 3049 1613 3101 est
1651 3045 1819 3104 Patri.
1846 3046 2002 3103 Unde
2028 3064 2155 3105 cum
2196 3052 2401 3111 dicitur
2431 3058 2583 3131 quod

571 3139 822 3196 Christus
844 3138 950 3194 erit
976 3136 1273 3209 subjectus,
1301 3151 1409 3191 non
1438 3134 1501 3190 fit
1536 3136 1872 3207 comparatio
1895 3134 2016 3193 Filii
2041 3138 2110 3194 ad
2135 3141 2351 3199 Patrem
2374 3160 2586 3205 secun-

573 3228 705 3283 dum
733 3228 1024 3294 Deitatem,
1047 3225 1144 3281 sed
1175 3225 1349 3295 magis
1381 3223 1681 3279 secundum
1710 3223 2107 3284 humanitatem
2135 3229 2257 3286 Filii
2282 3232 2351 3288 ad
2381 3234 2584 3295 Deita-

572 3321 687 3372 tem
710 3317 906 3387 Patris,
935 3330 1061 3388 quae
1103 3314 1202 3380 toti
1248 3311 1506 3369 Trinitati
1535 3314 1838 3370 communis
1866 3321 1971 3372 est.
1993 3316 2062 3372 Et
2111 3322 2242 3377 tunc
2288 3327 2581 3396 apparebit

573 3406 812 3462 maxime
839 3403 1138 3462 secundum
1181 3403 1473 3459 humanam
1496 3410 1749 3459 naturam
1778 3402 1979 3462 divinae
2022 3406 2320 3480 subjectuS,
2352 3418 2581 3485 quando

573 3495 760 3553 divina
805 3501 1002 3551 natura
1048 3492 1288 3566 perfecte
1341 3497 1720 3563 cognoscetur,
1766 3507 1875 3549 non
1902 3494 1999 3551 tali
2037 3496 2392 3571 subjectione,
2431 3504 2582 3563 sicut

572 3584 796 3657 quidam
843 3582 1089 3640 haeretici
1125 3579 1398 3650 dixerunt,
1444 3580 1587 3652 quod
1634 3581 1754 3654 ipsa
1795 3587 1993 3639 natura
2034 3584 2271 3645 humana
2308 3604 2341 3645 a
2384 3592 2579 3653 divina

573 3680 883 3745 asssumpta
921 3676 1166 3727 transeat
1205 3670 1264 3725 in
1305 3669 1569 3739 divinam,
1618 3670 1712 3726 sed
1748 3672 2045 3728 secundum
2083 3676 2229 3746 quod
2266 3678 2447 3735 minor
2487 3692 2578 3739 est

571 3766 732 3821 Patre
777 3760 1136 3827 humanitate,
1165 3758 1312 3833 quod
1346 3759 1583 3815 maxime
1618 3760 1902 3832 apparebit
1945 3778 2070 3818 cum
2117 3776 2360 3832 regnum,
2396 3760 2453 3816 id
2482 3770 2578 3819 est

571 3851 778 3919 fideles,
812 3851 990 3909 tradet
1026 3848 1194 3915 Patri,
1228 3863 1335 3904 non
1373 3848 1479 3904 sibi
1526 3848 1807 3920 adjiciens,
1831 3850 1929 3906 sed
1970 3850 2039 3908 ad
2078 3851 2258 3906 Patris
2298 3849 2571 3907 visionem

573 3940 869 4011 adducenS,
899 3954 1009 4013 qua
1030 3937 1238 3999 visione
1261 3936 1430 3996 etiam
1469 3937 1643 4009 ipsius
1674 3938 1863 3995 Deitas
1886 3938 2180 3999 videbitur.
2448 3929 2453 3933 ’
