2800 4492
499 289 620 354 428
977 307 1033 358 e.
1075 307 1310 352 Tucim
1349 303 1680 358 Aoumxris
1722 303 2037 352 causeum.

500 433 556 485 et
600 424 931 500 hujusmodi,
986 439 1024 484 a
1061 423 1262 498 quibus
1305 421 1502 479 eodem
1556 420 1720 478 modo
1774 418 2027 494 procedit
2072 417 2389 478 intellectus
2446 420 2526 478 ad

498 516 938 588 cognoscendum
966 513 1334 588 quidditatem
1357 511 1789 583 uniuscujusque
1819 510 1919 578 rei,
1946 527 2046 584 per
2073 526 2239 584 quem
2260 511 2523 584 procedit

499 620 530 660 a
559 605 842 678 principiis
883 619 980 676 per
1007 619 1068 660 se
1109 603 1256 659 notis
1297 600 1367 659 ad
1410 600 1819 673 cognoscendas
1864 599 2363 670 conclusiones30t
2407 599 2523 656 hoc

500 692 586 750 vel
614 710 712 766 per
730 708 799 752 ea
823 708 948 766 quae
975 692 1101 764 quis
1127 705 1292 747 sensu
1315 690 1587 763 percipit;
1618 688 1765 745 sicut
1790 703 1916 744 cum
1940 705 2042 762 per
2066 688 2354 746 sensibiles
2379 705 2523 762 pro·

499 783 760 854 prietates
784 782 1015 853 alicujus
1040 781 1120 836 rei
1159 778 1409 852 concipio
1448 777 1596 834 illius
1633 777 1714 833 rei
1752 777 2159 849 quidditatem;
2187 778 2277 836 vel
2317 795 2418 852 per
2448 795 2519 835 ea

499 887 624 944 quae
651 871 722 928 ab
750 871 873 928 aliis
899 871 1024 944 quis
1052 868 1226 936 audit,
1255 874 1316 925 ut
1343 883 1472 924 cum
1494 866 1670 922 laicus
1692 867 1786 939 qui
1816 866 1993 924 nescit
2013 866 2147 939 quid
2171 866 2244 923 sit
2273 866 2517 934 musica,

498 973 622 1013 cum
649 958 803 1016 audit
823 957 1066 1030 aliquam
1085 962 1260 1012 artem
1275 969 1395 1010 esse
1425 969 1523 1026 per
1544 968 1711 1026 quam
1728 952 1893 1010 discit
1917 968 2115 1010 canere
2142 951 2229 1009 vel
2254 953 2514 1025 psallere,

499 1045 739 1119 concipit
770 1045 1136 1120 quidditatem
1173 1042 1432 1113 musioae,
1480 1058 1607 1098 cum
1646 1041 1763 1114 ipse
1800 1041 2057 1113 praesciat
2087 1041 2222 1115 quid
2268 1043 2341 1099 sit
2394 1058 2507 1111 ars,

505 1143 562 1192 et
605 1136 738 1209 quid
793 1137 866 1193 sit
915 1149 1148 1202 canere;
1203 1139 1301 1189 aut
1355 1133 1524 1188 etiam
1591 1147 1684 1204 per
1747 1145 1813 1187 ea
1864 1146 1992 1204 quae
2052 1147 2122 1188 ex
2175 1131 2514 1189 revelatione

501 1223 789 1293 habentur,
818 1228 880 1278 ut
907 1228 994 1278 est
1030 1221 1088 1277 in
1118 1219 1203 1278 his
1230 1235 1356 1293 quae
1397 1219 1525 1276 fidei
1559 1225 1707 1277 sunt.
1738 1219 1877 1274 Cum
1918 1219 2065 1274 enim
2092 1219 2372 1276 credimus
2408 1221 2519 1277 ali-

501 1315 634 1388 quid
653 1327 772 1370 esse
799 1313 858 1369 in
886 1311 1042 1368 nobis
1070 1311 1334 1366 divinitus
1367 1309 1579 1372 datum,
1610 1324 1721 1381 quo
1764 1309 1994 1366 affectus
2034 1317 2219 1365 noster
2241 1310 2356 1366 Deo
2387 1311 2519 1366 uni-

503 1412 618 1468 tur,
665 1400 1002 1473 concipimus
1051 1399 1303 1457 caritatis
1355 1397 1751 1471 quidditatem‚
1812 1397 2179 1469 intelligentes
2222 1399 2517 1454 caritatem

508 1506 630 1547 esse
695 1489 900 1547 donum
950 1488 1070 1555 Dei,
1119 1503 1226 1560 quo
1285 1487 1513 1544 affectu-s
1559 1487 1673 1542 Deo
1731 1485 1951 1554 unitur;
2005 1497 2517 1559 praecognoscentes

501 1586 685 1636 tamen
712 1579 844 1653 quid
867 1579 942 1636 sit
973 1577 1196 1641 donum,
1231 1581 1287 1632 et
1320 1576 1453 1649 quid
1482 1575 1634 1631 unio.
1665 1575 1747 1630 De
1783 1574 1983 1646 quibus
2017 1576 2187 1632 etiam
2214 1575 2347 1647 quid
2380 1577 2513 1644 sint,

501 1669 643 1725 scire
676 1684 782 1724 non
813 1681 1120 1740 possumne,
1151 1665 1256 1721 nisi
1292 1663 1614 1720 resolvendo
1644 1663 1699 1720 in
1736 1661 1923 1735 aliqua
1953 1663 2105 1736 prius
2142 1670 2309 1732 nota;
2340 1670 2401 1720 et
2436 1667 2517 1721 sic

501 1772 788 1830 quousque
811 1755 1194 1829 perveniamus
1219 1769 1393 1826 usque
1430 1752 1498 1809 ad
1529 1753 1735 1825 primas
1757 1752 2143 1824 conceptiones
2168 1751 2391 1809 humani
2422 1755 2518 1809 in-

503 1845 772 1912 tellectuS‚
799 1859 924 1916 quae
960 1847 1088 1898 sunt
1125 1841 1378 1897 omnibus
1406 1841 1733 1897 naturaliter
1770 1847 1936 1896 notae.
1968 1840 2036 1896 Et
2079 1841 2211 1913 quia
2247 1842 2516 1900 naturalis

501 1933 743 2004 cognitio
789 1939 872 1988 est
916 1931 1170 2003 quaedam
1216 1928 1518 1986 similitudo
1559 1929 1762 1986 divinae
1804 1929 2057 1986 veritatis
2092 1929 2265 1986 menti
2311 1939 2515 1988 nostrae

505 2023 792 2094 impressa,
830 2020 1130 2076 secundum
1159 2017 1294 2074 illud
1334 2016 1533 2074 Psalm.
1583 2034 1661 2084 xv,
1694 2019 1729 2074 7
1760 2035 1775 2073 ε
1805 2017 2087 2090 Siynatum
2118 2025 2196 2076 est
2229 2035 2393 2092 super
2422 2037 2519 2076 nos

505 2111 682 2166 lumen
720 2109 900 2165 vultus
943 2107 1045 2172 tui,
1077 2105 1335 2173 Domine‚·
1364 2105 1489 2162 ideo
1531 2104 1669 2161 dicit
1696 2107 2052 2177 Augustinus,
2081 2107 2148 2161 ⁴⁰
2194 2105 2263 2162 de
2291 2107 2514 2180 Trinit„

507 2198 656 2273 quod
684 2195 995 2270 hujusmodi
1023 2194 1245 2252 habitus
1271 2199 1678 2266 cognoscuntur
1700 2195 1755 2250 in
1783 2194 1961 2267 prima
1988 2195 2245 2273 veritate.

537 2321 542 2326 ·
577 2289 698 2360 Ipsa
726 2293 912 2344 autem
952 2284 1239 2358 conceptio
1267 2284 1538 2352 caritatiS,
1570 2299 1737 2358 quam
1781 2284 2095 2341 intellectus
2123 2285 2325 2344 format
2354 2288 2516 2344 modo

503 2375 788 2451 praedicto,
829 2360 954 2431 non'
977 2381 1062 2432 est
1087 2373 1263 2431 solum
1309 2372 1609 2428 similitudo
1638 2372 1887 2430 caritatis
1926 2373 2067 2430 sicut
2095 2375 2309 2447 species
2333 2393 2517 2434 rerum

507 2466 564 2520 in
589 2481 752 2521 sensu
791 2463 880 2522 vel
923 2461 1314 2534 imaginatione
1345 2479 1359 2516 ε
1392 2461 1525 2536 quia
1552 2476 1743 2518 sensus
1784 2468 1841 2518 et
1882 2463 2205 2534 imaginatio
2233 2481 2516 2539 nunquam

507 2553 821 2626 pertingunt
857 2552 927 2608 ad
952 2549 1388 2624 cognoscendum
1427 2555 1682 2607 naturam
1716 2547 1818 2617 rei,
1849 2550 1946 2606 sed
1982 2550 2329 2609 solummodo
2366 2555 2519 2612 acci-

509 2641 715 2708 dentia,
747 2656 872 2713 quae
899 2639 1258 2697 circumstant
1297 2654 1449 2708 rem;
1474 2645 1530 2694 et
1559 2638 1681 2695 ideo
1714 2636 1927 2711 species
1954 2654 2081 2713 quae
2109 2648 2239 2698 sunt
2270 2641 2329 2699 in
2352 2658 2517 2700 sensu

506 2729 592 2785 vel
624 2728 1035 2799 imaginatione,
1062 2741 1172 2784 non
1212 2732 1613 2800 repraesentant
1652 2734 1908 2784 naturam
1936 2727 2037 2794 rei,
2070 2729 2168 2784 sed
2205 2730 2517 2788 accidentia

506 2817 625 2888 ejus
683 2821 929 2882 tantum;
979 2815 1123 2871 sicut
1163 2827 1359 2872 sensus
1393 2821 1775 2888 repraesentat·
1801 2814 2077 2874 hominem
2126 2824 2399 2890 quantum
2446 2819 2516 2876 ad

507 2902 884 2971 accidentalia,
917 2903 1014 2959 sed
1041 2901 1352 2960 intellectus
1372 2904 1660 2974 cognoscit
1688 2905 1866 2979 ipsam
1893 2912 2149 2963 naturam
2175 2913 2233 2963 et
2253 2907 2521 2965 substan-

509 2993 643 3050 tiam
669 2993 771 3050 rei.
800 2991 954 3050 Unde
982 2992 1192 3066 species
1225 2990 1583 3063 intelligibilis
1612 2999 1697 3049 est
1724 2993 2025 3051 similitudo
2061 2995 2236 3068 ipsius
2262 2999 2517 3055 essentiae

507 3084 607 3151 rei,
635 3089 690 3140 et
719 3088 804 3140 est
845 3082 1246 3156 quodammodo
1281 3082 1400 3155 ipsa
1430 3082 1711 3155 quidditas
1754 3088 1812 3139 et
1848 3089 2046 3141 natura
2086 3084 2166 3140 rei
2214 3086 2517 3144 secundum

508 3187 629 3228 esse
653 3171 1015 3244 intelligibile,
1034 3187 1140 3241 non
1163 3171 1466 3228 secundum
1494 3187 1614 3228 esse
1639 3171 1909 3245 naturale,
1932 3178 2093 3245 prout
2118 3177 2203 3228 est
2228 3173 2285 3231 in
2308 3175 2476 3232 rebus
2498 3190 2513 3230 z

509 3266 564 3316 ct
595 3259 716 3315 ideo
745 3261 926 3316 omnia
946 3276 1070 3333 quae
1093 3275 1198 3316 non
1222 3261 1428 3317 cadunt
1452 3260 1554 3316 sub
1576 3276 1738 3317 sensu
1764 3267 1818 3316 et
1843 3261 2258 3340 imaginatione,
2284 3264 2387 3320 sed
2412 3264 2517 3322 sub

509 3347 625 3404 solo
652 3346 950 3415 intellectu,
978 3354 1382 3420 cognoscuntur
1413 3341 1508 3422 per
1545 3347 1648 3405 hoc
1675 3349 1824 3422 quod
1866 3351 2121 3408 essentiae
2163 3350 2250 3409 vel
2286 3352 2516 3427 quiddi-

513 3445 656 3495 tates
688 3451 877 3493 eorum
901 3442 1026 3492 sunt
1056 3436 1240 3511 aliquo
1265 3438 1429 3494 modo
1454 3438 1509 3493 in
1536 3437 1839 3495 intellectu.

533 3559 546 3565 —
575 3528 646 3584 Et
691 3525 780 3582 hic
821 3531 905 3581 est
951 3525 1144 3582 modus
1193 3541 1304 3599 quo
1348 3527 1553 3583 caritas
1598 3527 1949 3598 cognoscitur
1986 3528 2299 3602 cognitione
2338 3531 2517 3606 prIma

506 3624 622 3674 tam
649 3615 720 3674 ab
756 3615 988 3672 habente
1026 3615 1318 3672 caritatem
1348 3631 1518 3690 quam
1554 3631 1587 3673 a
1634 3631 1742 3672 non
1778 3616 2047 3687 habente;
2079 3619 2175 3674 sed
2214 3621 2517 3679 secundum

508 3707 674 3763 alium
702 3705 922 3762 modum
950 3704 1313 3776 cognoscendi
1340 3706 1631 3762 caritatem
1654 3721 1830 3780 neque
1868 3707 2071 3764 caritas
2107 3723 2288 3781 neque
2316 3710 2531 3784 aliquis

509 3795 729 3852 habitus
755 3796 872 3852 sive
904 3795 1150 3868 potentia
1188 3794 1487 3869 percipitur
1514 3811 1549 3852 a
1583 3803 1770 3853 nostro
1809 3794 2110 3865 intellectu,
2140 3798 2245 3853 nisi
2278 3815 2379 3872 per
2416 3799 2520 3856 hoc

512 3881 658 3956 quod
686 3887 840 3940 actus
871 3881 1268 3956 percipiuntur,
1301 3887 1364 3938 ut
1389 3888 1541 3954 patet
1578 3899 1674 3955 per
1705 3882 2088 3958 Philosophum
2116 3899 2159 3943 x
2183 3882 2309 3942 Eth.
2346 3887 2527 3958 Actus.
