2800 4492
806 350 917 398 ιιι.
949 368 1029 388 --
1058 352 1489 407 Quonmen'ruu
1533 358 1778 406 rammi
2182 350 2298 413 149

982 580 1379 661 QUAESTIO
1427 575 1604 655 Vrn.

343 737 560 796 Deinde
588 738 975 813 quaerebantur
1010 739 1119 797 duo
1162 742 1229 797 de
1270 738 1356 799 his
1384 758 1510 817 quae
1538 744 1810 817 pertinent
1852 746 1922 823 ed
1960 751 2246 824 religiosos
2276 775 2289 812 ι

265 829 333 883 40
378 834 567 885 utrum
596 828 883 901 religiosus
920 834 1169 905 teneatur
1206 830 1429 888 obedire
1458 848 1556 889 suo
1586 834 1832 907 praelato,
1865 844 1926 895 ut
1955 842 2160 897 revelet
2188 844 2290 899 sibi

267 917 503 991 aliquod
534 924 807 975 secretum
845 918 989 992 quod
1020 918 1146 975 fidei
1186 936 1301 978 suae
1329 926 1413 977 est
1459 924 1850 995 commissum3
1897 931 1960 985 2⁰
1993 937 2172 987 utrum
2203 940 2292 989 te-

266 1005 475 1068 neatur
498 1007 603 1072 sibi
628 1007 869 1077 obedire,
901 1014 959 1065 ut
982 1006 1187 1066 revelet
1202 1010 1476 1068 occultam
1489 1006 1707 1085 culpam
1727 1014 1913 1073 fratris
1933 1034 2100 1092 quam
2117 1022 2287 1082 novit.

954 1186 1410 1253 ARTIGULUS
1468 1193 1609 1257 XV.

276 1282 511 1389 istrum
544 1323 867 1403 religiosus
911 1328 1183 1387 teneatur
1221 1326 1484 1390 revelare
1501 1328 1764 1406 praelato
1784 1334 2168 1415 pracipienti
2191 1356 2285 1403 se·

352 1420 585 1478 cretum
602 1431 733 1477 suoe
759 1412 903 1487 fidei
930 1414 1323 1477 commissum.
1350 1448 1434 1462 -
1465 1417 1625 1497 (2-2,
1656 1425 1866 1499 quoesc.
1905 1421 2017 1499 ’68,
2067 1432 2189 1491 aqut
2226 1430 2283 1503 1,

352 1503 521 1578 ad2,
552 1506 609 1565 et
634 1506 845 1583 quaest.
877 1502 979 1579 70,
1010 1506 1135 1566 art.
1170 1504 1227 1579 1,
1260 1503 1461 1584 ad2.)

340 1637 504 1693 Circa
534 1636 769 1709 primum
804 1635 885 1692 sic
912 1636 1244 1710 proceditur.
1277 1637 1506 1695 Videtur
1531 1639 1680 1713 quod
1721 1641 2008 1715 religiosus
2035 1651 2286 1711 teneatur

264 1726 496 1803 aliquod
532 1734 805 1783 secretum
852 1726 977 1782 fidei
1016 1741 1129 1783 suae
1155 1727 1509 1785 commissum
1537 1728 1781 1787 relevare
1821 1733 2047 1804 praelalo
2083 1738 2285 1809 praeci..

262 1816 468 1890 pienti.
500 1814 579 1872 Ad
621 1814 981 1871 obediendum
1016 1814 1159 1872 enim
1198 1815 1424 1885 praelato
1461 1816 1724 1889 obligavit
1752 1835 1810 1874 se
1838 1821 2125 1893 religiosus
2154 1842 2284 1897 pro-

263 1905 508 1963 fessione
544 1903 801 1971 solemni;
832 1903 901 1959 ad
934 1904 1227 1959 tenendum
1255 1910 1438 1960 autem
1477 1913 1749 1962 secretum
1775 1909 2038 1982 obligavit
2066 1929 2125 1969 se
2147 1916 2284 1972 sim.

260 1993 397 2071 plici
420 1993 795 2067 promissione.
823 1992 962 2066 Ergo
990 1994 1164 2065 magis
1186 1994 1348 2051 debet
1372 1994 1596 2052 obedire
1621 1998 1846 2068 praelato
1872 2016 2038 2073 quam
2063 2019 2282 2064 servare
2374 1981 2395 1998 ³

260 2090 564 2139 secretum.

336 2172 447 2229 Sed
491 2178 682 2228 contra
720 2177 803 2251 est
841 2170 983 2245 quod
1026 2171 1333 2229 Bernardus
1360 2172 1554 2231 dicit·
1600 2174 1670 2231 Id
1710 2164 1846 2248 quod
1867 2186 1946 2237 est
1973 2179 2280 2241 institutum

255 2269 493 2335 piwoptev
535 2260 839 2327 caritatem,
883 2278 986 2317 non
1036 2261 1235 2318 militat
1281 2269 1472 2335 centia
1511 2264 1814 2322 caritatem.
1864 2268 1968 2325 Sed
2017 2270 2280 2343 professio

234 2352 615 2419 -obedientiae,
659 2366 823 2424 quam
859 2350 1143 2423 religiosus
1186 2350 1318 2409 facit
1357 2352 1604 2426 praelato,
1639 2352 1890 2413 instituta
1934 2366 2016 2415 est
2059 2369 2281 2433 propter

260 2442 575 2498 caritatem.
603 2441 673 2498 Ει
678 2456 744 2513 go
766 2455 871 2495 non
896 2440 1097 2497 militat
1121 2447 1312 2497 contra
1336 2442 1646 2510 caritatem,
1675 2460 1784 2518 qua
1809 2444 2038 2517 quilibet
2065 2455 2280 2509 tenetur

260 2546 485 2589 servare
514 2530 679 2587 fidem
710 2530 975 2603 proximo.

330 2610 657 2693 Respondeo
706 2618 1015 2686 dicendum,
1059 2618 1225 2692 quod,
1274 2619 1418 2674 sicut
1455 2619 1764 2678 Bernardus
1805 2620 1939 2678 dicit
1979 2624 2033 2682 in
2074 2620 2166 2683 lib.
2205 2627 2274 2683 de

260 2708 683 2782 Dispensatione
705 2713 761 2764 et
786 2708 1083 2780 Praecepto,
1113 2707 1389 2764 sufficiens
1417 2707 1729 2765 obedientia
1764 2717 1848 2767 est
1889 2718 1950 2768 ut
1986 2713 2272 2787 religiosus

258 2798 485 2855 obediat
503 2812 606 2854 suo
631 2796 858 2870 praelato
880 2797 949 2852 de
979 2795 1062 2853 his
1090 2812 1215 2869 quae
1244 2796 1312 2853 ad
1339 2796 1585 2869 regulam
1612 2800 1886 2870 pertinent
1925 2803 2012 2861 vel
2041 2804 2268 2877 directe,

258 2888 403 2944 sicut
429 2903 495 2943 ea
524 2902 653 2960 quae
681 2893 808 2943 sunt
850 2886 1055 2960 scripta
1094 2885 1152 2942 in
1178 2886 1397 2957 Tegula,
1433 2886 1518 2942 vel
1544 2886 1846 2958 indirecte,
1879 2892 2022 2948 sicut
2053 2910 2118 2951 ea
2146 2912 2271 2970 qum

257 2976 329 3033 ad
372 2976 489 3034 haec
517 2974 707 3031 reduci
747 2981 1010 3047 possunt;
1036 2974 1179 3030 sicut
1221 2976 1524 3031 ministeria
1562 2977 1868 3036 exhibenda
1907 2980 2184 3050 fratribuS,
2218 2993 2271 3041 et

256 3080 438 3138 poenae
484 3079 585 3137 pro
630 3063 807 3137 culpis
857 3063 1100 3133 inflictae,
1127 3069 1184 3119 et
1224 3063 1556 3136 hujusmodi.
1608 3065 1854 3123 Perfecta
1909 3077 2094 3126 autem
2136 3071 2270 3127 obe-

256 3154 469 3210 dientia
498 3160 584 3209 est
606 3162 669 3209 ιιι
692 3149 1016 3225 simpliciter
1038 3152 1092 3207 in
1118 3151 1370 3209 omnibus
1394 3152 1616 3210 obediat
1642 3170 1768 3227 quae
1793 3171 1900 3212 non
1929 3166 2055 3215 sunt
2078 3168 2270 3220 contra

255 3242 505 3315 regulam
531 3240 618 3299 vel
646 3249 838 3298 contra
868 3242 1060 3298 Deum.
1079 3242 1183 3298 Sed
1209 3242 1356 3315 quod
1386 3241 1586 3316 aliquis
1611 3242 1832 3300 obediat
1860 3247 2084 3319 praeleto
2110 3249 2164 3305 in
2184 3248 2270 3310 his

254 3348 386 3406 quae
410 3337 537 3387 sunt
556 3333 749 3387 contra
780 3330 953 3385 Deum
978 3329 1065 3385 vel
1089 3336 1281 3388 contra
1304 3329 1570 3403 regulam,
1599 3337 1682 3388 cst
1712 3331 2023 3394 obedientia
2048 3337 2270 3399 incauta

254 3426 314 3477 et
341 3418 553 3477 illicita.
666 3480 671 3485 ,
1323 3464 1329 3469 .
2157 3492 2166 3501 ‚

326 3508 424 3567 Est
452 3524 585 3581 ergo
613 3507 1072 3565 considerandum
1110 3506 1165 3563 in
1207 3508 1506 3581 proposit0‚
1539 3514 1724 3569 utnum
1768 3511 1840 3569 sit
1883 3513 2095 3574 licitum
2135 3518 2269 3575 reli-

255 3598 411 3673 gioso
440 3603 717 3655 secretum
744 3597 871 3654 fidei
897 3614 1013 3655 suae
1040 3600 1391 3653 commissum
1423 3598 1686 3657 revelare.
1715 3601 1872 3669 Circa
1897 3606 2043 3679 quod
2069 3606 2269 3662 distin-

254 3688 534 3761 guendum
558 3692 645 3743 est
662 3686 729 3745 de
754 3692 988 3743 secreto.
1016 3686 1113 3742 Est
1137 3686 1281 3742 enim
1307 3686 1526 3758 aliquod
1553 3696 1826 3747 secretum
1848 3693 1990 3764 quod
2019 3692 2269 3750 illicitum

252 3786 343 3833 est
368 3776 583 3845 celar03
615 3775 759 3831 sicut
788 3775 933 3849 quod
966 3776 1019 3831 in
1046 3774 1343 3847 periculum
1362 3776 1542 3860 vergit
1572 3777 1822 3847 aliorum,
1849 3780 2046 3852 quibus
2070 3781 2270 3855 aliquis

252 3880 452 3923 cavere
478 3872 733 3934 tenetur3
768 3864 913 3920 unde
942 3870 999 3921 et
1035 3865 1091 3920 in
1115 3866 1427 3937 juramento
1463 3854 1748 3923 fidelitatis
1784 3870 2093 3924 continetur
2124 3872 2269 3944 quod

250 3953 571 4029 liujusmodi
598 3953 745 4012 servi
770 3959 983 4012 secreta
1002 3950 1239 4037 debeant
1257 3952 1494 4011 dominis
1520 3952 1787 4014 revelare.
1817 3956 1900 4013 Ad
1935 3968 2270 4033 praeceptum
