2800 4492
596 334 718 400 444
1075 356 1128 402 s.
1171 356 1404 401 'mona
1446 356 1771 407 Aoumms
1812 358 2125 403 opuscum

599 472 778 543 pretio
815 470 894 528 rei
928 472 1264 544 temporalis.
1298 473 1439 545 Ergo
1480 471 1778 531 committit
1814 473 2139 545 simoniam;
2170 478 2227 531 et
2263 474 2343 533 ita
2386 475 2623 534 videtur

600 561 747 633 quod
779 561 1086 617 mortaliter
1111 569 1324 634 peccet.

668 649 772 706 Sed
803 656 1016 717 contra,
1047 648 1136 707 ille
1162 652 1256 725 qui
1281 650 1413 709 fecit
1442 656 1627 708 votum
1655 649 1797 707 bona
1822 651 2143 719 intentione‚·
2174 652 2221 710 si
2250 654 2617 727 postmodum

512 764 516 769 ’
599 738 652 795 in
679 740 1062 811 prosecutione
1099 740 1211 797 voti
1237 748 1480 797 mutetur
1508 740 1761 797 voluntas
1784 741 1920 813 eJus,
1952 747 2013 796 ut
2038 740 2242 799 invitus
2267 744 2438 800 faciat
2462 742 2620 817 quod

597 826 784 883 volens
823 815 1092 899 promisit,
1127 844 1232 885 non
1265 836 1565 887 evacuatur
1602 829 1855 886 meritum
1893 831 2028 898 voti,
2062 838 2123 887 ut
2163 832 2382 888 videtur
2410 831 2622 888 Ansel-

597 930 721 971 mus
744 914 927 971 dicere
961 916 1016 971 in
1046 916 1184 973 libro
1213 918 1284 973 de
1320 918 1801 975 similitudinibus.
1828 918 1991 991 Ergo,
2018 919 2211 975 eadem
2248 920 2486 987 ratione,
2517 919 2617 994 qui

595 1002 796 1075 accipit
822 1004 1176 1076 praebendam
1200 1011 1261 1062 ut
1283 1006 1399 1063 Deo
1428 1007 1651 1074 serviat,
1682 1023 1787 1063 non
1817 1007 2086 1080 peccabit,
2127 1006 2381 1081 quamvis
2410 1018 2613 1081 postea

597 1100 840 1149 mutetur
864 1094 981 1165 ejus
1013 1094 1265 1150 intenti0.

663 1181 984 1252 Respondeo
1025 1182 1334 1249 dicendum,
1383 1183 1532 1255 quod
1592 1183 1661 1241 ad
1704 1184 2039 1241 evidentiam
2078 1184 2239 1257 hujus
2280 1187 2611 1258 quaestionis

594 1270 894 1325 notandum
918 1278 1023 1339 est,
1054 1272 1198 1344 quod
1233 1272 1435 1344 aliquis
1462 1278 1619 1329 actus
1647 1273 1850 1329 dicitur
1884 1288 2007 1329 esse
2034 1273 2333 1345 spiritualis
2362 1275 2611 1347 duplici-

595 1364 700 1413 ter.
730 1360 847 1415 Uno
886 1360 1044 1416 modo
1075 1377 1137 1415 ex
1168 1366 1323 1433 parte
1353 1360 1639 1433 principii3
1666 1361 1885 1434 quando
1918 1362 2129 1419 scilicet
2154 1369 2310 1418 actus
2336 1364 2609 1436 competit

595 1446 757 1503 alicui
796 1464 1040 1520 personae
1069 1458 1287 1521 propter
1314 1449 1521 1522 aliquid
1548 1449 1835 1522 spirituale
1872 1450 2017 1522 quod
2048 1451 2101 1506 in
2139 1451 2259 1523 ipso
2294 1460 2416 1519 est3
2457 1452 2608 1508 sicut

593 1534 861 1608 Episcopo
889 1552 1210 1594 consecrare
1237 1538 1512 1605 basilicas,
1546 1546 1604 1594 et
1639 1538 1869 1595 diacono
1908 1539 2086 1611 legere
2114 1539 2473 1611 Evangelium
2506 1548 2605 1597 :et

592 1623 649 1678 in
676 1624 875 1680 talibus
910 1626 1122 1682 actibus
1151 1627 1514 1682 committitur
1544 1627 1797 1693 simonia,
1829 1628 1877 1683 si
1920 1626 2119 1701 aliquis
2145 1628 2399 1684 intendat
2438 1644 2601 1685 suum

579 1710 778 1767 “actum
820 1714 1073 1769 vendere.
1115 1713 1236 1769 Alio
1285 1714 1445 1770 modo
1488 1720 1573 1770 est
1608 1715 1811 1787 ‘aliquis
1838 1721 1995 1771 actus
2037 1716 2341 1787 spiritualis
2369 1733 2490 1774 non
2534 1734 2600 1773 ex

592 1806 750 1872 parte
791 1796 1060 1873 principii,
1106 1803 1200 1857 sed
1231 1818 1298 1857 ex
1333 1809 1489 1874 parte
1518 1802 1640 1858 finis
1670 1810 1915 1872 tantum3
1948 1806 2091 1860 sicut
2120 1805 2317 1860 docere
2346 1804 2599 1862 liberales

593 1893 769 1955 artes3
799 1904 1027 1959 quarum
1053 1890 1256 1945 veritas
1284 1890 1585 1960 spiritualis
1608 1897 1723 1960 est3
1750 1892 2178 1963 sed.hujusmodi
2208 1893 2458 1949 doctrina
2490 1910 2596 1951 non

592 1977 853 2047 competit
899 1975 1062 2031 alicui
1113 1984 1332 2050 propter
1369 1978 1592 2050 aliquod
1632 1980 1917 2051 spirituale
1964 1980 2223 2046 officium,
2266 1997 2393 2037 cum
2428 1982 2597 2040 etiam

592 2063 1082 2135 gentilibusliceat
1115 2065 1421 2137 hujusmodi
1447 2073 1596 2123 artes
1621 2067 1818 2124 docere
1860 2085 1873 2123 ε
1906 2075 1963 2123 et
1990 2069 2045 2123 in
2078 2068 2163 2122 his
2197 2069 2411 2125 actibus
2438 2085 2597 2125 com-

592 2150 832 2219 mittitur
877 2153 1126 2221 simonia,
1175 2153 1223 2209 si
1268 2153 1539 2210 vendatur
1568 2154 1709 2221 finis,
1756 2154 1849 2228 qui
1890 2154 2189 2228 spiritualis
2234 2165 2339 2221 est,
2385 2156 2596 2214 scilicet

592 2240 710 2311 ipsa
735 2241 956 2306 veritae,
990 2256 1096 2298 non
1123 2250 1306 2298 autem
1335 2244 1380 2297 si
1415 2242 1615 2315 aliquis
1639 2258 1739 2298 sua
1768 2256 1933 2315 opera
1963 2243 2121 2298 locet.
2154 2242 2442 2301 celebrare
2463 2261 2595 2316 ergo

590 2325 838 2385 divinum
874 2330 1112 2386 officium
1151 2331 1204 2386 in
1243 2330 1508 2397 Ecclesia,
1548 2337 1633 2387 est
1658 2340 1817 2387 actus
1856 2331 2157 2401 spiritualis
2182 2332 2359 2404 primo
2412 2334 2591 2401 mod0‚

593 2420 858 2489 competit
885 2420 1030 2475 enim
1060 2420 1221 2475 alicui
1251 2436 1320 2475 ex
1347 2418 1450 2475 hoc
1476 2420 1624 2491 quod
1650 2425 1735 2475 est
1764 2420 2029 2487 clericus;
2058 2427 2114 2475 et
2143 2420 2265 2475 ideo
2306 2421 2593 2477 simoniam

591 2508 886 2564 committit
929 2510 1024 2582 qui
1071 2508 1379 2580 hujusmodi
1440 2516 1624 2565 actum
1670 2508 1905 2565 vendere
1951 2508 2207 2564 intendit.
2249 2509 2309 2565 ln
2354 2510 2597 2583 qualibet

521 2584 528 2614 ³
591 2597 736 2651 enim
757 2597 1071 2653 venditione
1097 2597 1328 2667 pretium
1354 2597 1622 2669 accipitur
1646 2596 1804 2670 quasi
1835 2597 1976 2652 finis.
2007 2596 2073 2651 Et
2098 2596 2223 2652 ideo
2244 2596 2301 2652 in
2327 2599 2595 2671 praedicto

591 2700 722 2741 casu
759 2685 1200 2757 distinguendum
1228 2691 1333 2740 est.
1367 2684 1592 2741 sienim
1621 2683 1927 2756 hujusmodi
1956 2684 2373 2741 distributiones
2401 2688 2596 2759 recipit

592 2772 746 2844 quasi
775 2771 935 2827 finem
957 2771 1041 2827 sui
1061 2772 1244 2843 operis
1263 2770 1631 2842 principaliter
1656 2770 1943 2839 intentum,
1972 2771 2259 2829 simoniam
2276 2774 2591 2839 committit,

591 2861 657 2915 et'
678 2860 753 2914 ita
785 2858 1087 2915 mortaliter
1114 2868 1325 2928 peccat.
1356 2859 1412 2915 Si
1441 2869 1623 2916 autem
1652 2860 1816 2915 habet
1846 2860 2198 2933 principalem
2227 2862 2393 2918 finem
2424 2864 2594 2917 Deum

563 2947 644 3004 -in
691 2947 786 3003 tali
830 2955 978 3013 actu,
1018 2946 1089 3003 ad
1134 2947 1442 3019 hujusmodi
1480 2955 1665 3003 autem
1692 2947 2107 3006 distributiones
2142 2951 2367 3023 respicit
2393 2967 2597 3007 secun-

589 3036 764 3103 dario,
804 3052 911 3093 non
953 3036 1110 3109 quasi
1141 3036 1196 3091 in
1227 3036 1409 3105 finem,
1444 3036 1539 3093 sed
1568 3036 1711 3092 sicut
1740 3037 1792 3091 in
1820 3036 1874 3093 id
1912 3038 2057 3109 quod
2098 3045 2187 3094 est·
2224 3042 2597 3097 necessarium

589 3127 658 3183 ad
687 3142 846 3183 suam
884 3126 1368 3193 sustentationem;
1410 3130 1625 3182 constat
1652 3126 1797 3198 quod
1844 3141 1949 3182 non
1979 3125 2167 3182 vendit
2202 3135 2389 3184 actum
2428 3129 2597 3200 spiri-

593 3213 815 3279 tualem,
846 3220 902 3269 et
928 3214 1003 3269 ita
1029 3214 1316 3274 simoniam
1351 3228 1459 3268 non
1483 3204 1803 3281 committit,
1826 3228 1927 3269 nee
1952 3218 2165 3287 peccat.
2193 3214 2287 3271 Sic
2312 3215 2461 3271 enim
2498 3232 2598 3273 ae-

590 3300 770 3372 ceptio
813 3300 1258 3357 distributionum
1293 3316 1399 3357 non
1430 3301 1535 3356 erit
1562 3316 1727 3357 causa
1764 3316 1938 3373 quare
1972 3300 2041 3357 ad
2072 3302 2374 3359 Ecclesiam
2403 3304 2593 3373 vadat,

590 3388 686 3444 sed
725 3389 940 3461 proprie
977 3388 1286 3461 hujusmodi
1333 3388 1716 3445 determinatio
1758 3404 1930 3462 quare
1968 3404 2111 3445 nunc
2153 3389 2340 3457 vadat,
2389 3397 2447 3447 et
2487 3408 2597 3449 non
2638 3403 2643 3409 ·

589 3476 697 3534 alia
728 3477 868 3533 vice.

657 3564 727 3621 Et
761 3566 841 3621 sic
870 3570 1021 3639 patet
1045 3566 1327 3639 responsio
1364 3564 1433 3622 ad
1461 3565 1728 3638 primum·
1714 3608 1729 3635 ,
1756 3564 1886 3639 quia
1914 3580 2019 3623 non
2047 3565 2203 3639 ponit
2225 3566 2598 3641 impretiabile

587 3652 692 3709 sub
719 3653 914 3723 pretio.

659 3740 743 3796 Ad
785 3740 914 3795 illud
944 3756 1071 3797 vero
1113 3740 1256 3813 quod
1287 3746 1480 3796 contra
1517 3736 1792 3811 objicitur,
1842 3739 2153 3805 dicendum,
2189 3740 2340 3813 quod
2378 3748 2515 3798 tunc
2545 3740 2600 3797 in

594 3833 818 3883 vovente
864 3844 969 3884 non
1012 3835 1308 3885 evacuatur
1343 3820 1599 3883 meritum
1631 3828 1765 3898 voti,
1806 3828 2026 3901 quando
2067 3827 2299 3884 intentio
2344 3830 2601 3885 voventis

587 3914 761 3974 fertur
788 3930 950 3989 super
978 3916 1260 3987 illicitum;
1291 3923 1351 3971 ut
1378 3932 1503 3973 cum
1532 3917 1729 3989 aliquis
1753 3917 1917 3975 vellet
1944 3932 2049 3975 non
2074 3916 2257 3974 facere
2284 3916 2424 3974 illud
2448 3919 2599 3991 quod
