2800 4492
755 380 844 425 ιι.
877 394 959 412 -
982 378 1052 425 m
1090 378 1360 427 nonnum
1400 379 1480 425 nn
1520 375 1849 427 ‘raim-run
2230 366 2312 428 21

300 506 460 568 trem,
507 504 564 555 et
599 497 836 553 Mentem
865 496 1080 569 abipso
1127 496 1390 569 genitam,
1423 512 1549 570 quae
1578 496 1821 553 omnium
1852 513 2035 555 rerum
2072 501 2315 557 rationes

299 588 564 659 continet,⁴
584 586 731 662 quod
750 602 851 643 nos
869 586 1104 643 dicimus
1128 587 1198 643 de
1220 586 1384 656 Filio;
1408 602 1537 659 ergo
1555 594 1612 645 et
1636 587 1849 686 ratione
1872 588 2110 646 naturali
2132 596 2312 663 potest

299 692 654 750 personarum
677 674 962 749 pluralitas
988 675 1264 749 cognosci.
1327 688 1332 693 ·
2088 724 2093 729 .

367 770 422 821 9.
448 767 604 831 Item,
649 763 1042 837 Philosophus
1028 782 1082 819 in
1112 764 1289 837 primo
1317 764 1385 820 de
1413 762 1563 821 Coelo
1604 770 1661 821 et
1688 764 1889 822 Mundo
1916 766 2111 823 dicit.
2152 787 2178 821 α
2210 769 2313 825 Per

297 855 442 911 hunc
455 854 681 927 quidem
705 868 990 910 numerum
1009 852 1358 911 adhibuimus
1377 852 1743 927 nosmetipsos
1762 854 2117 925 magnificare
2136 855 2313 913 Deum

295 944 630 1010 Creatorem,
659 948 767 998 etc.
801 960 828 993 ιο
859 946 915 997 et
942 941 1024 997 sic
1044 941 1190 997 idem
1217 941 1364 1015 quod
1394 942 1565 1014 prius.
2074 988 2082 995 .
2278 986 2285 996 .

366 1033 456 1087 40.
482 1032 638 1098 Item,
665 1030 736 1087 de
771 1030 884 1087 Deo
913 1028 970 1085 in
994 1036 1144 1087 statu
1175 1028 1280 1087 viae
1305 1028 1455 1102 nullo
1482 1029 1645 1086 modo
1666 1036 1957 1104 possumus
1980 1046 2311 1104 cognoscere

294 1120 430 1195 quid
447 1128 550 1187 est,
577 1119 674 1191 sed
693 1118 870 1194 solum
891 1133 960 1175 an
983 1126 1069 1177 est
1096 1136 1110 1173 z
1133 1118 1515 1191 cognoscimus
1538 1127 1725 1176 autem
1749 1118 1933 1192 aliquo
1953 1122 2117 1178 modo
2134 1122 2311 1179 Deum

293 1226 418 1267 esse
459 1208 660 1266 trinum
703 1214 759 1265 et
795 1222 984 1273 unum,
1027 1208 1157 1279 quia
1185 1223 1284 1281 per
1313 1206 1509 1275 fidem;
1541 1222 1671 1277 ergo
1702 1207 1807 1264 hoc
1834 1214 1941 1265 'non
1966 1210 2205 1282 pertinet
2238 1213 2309 1267 ad

293 1300 428 1374 quid
449 1305 534 1357 est
557 1298 676 1365 Dei,
718 1296 814 1353 sed
839 1297 906 1353 ad
932 1312 1003 1353 an
1027 1302 1113 1353 est
1137 1296 1356 1369 ipsius:
1388 1297 1485 1353 sed
1516 1310 1584 1351 au
1610 1304 1727 1364 est,
1756 1306 2045 1371 possumus
2070 1300 2308 1357 naturali
2356 1350 2363 1352 „

293 1390 508 1460 ratione
542 1401 872 1471 cognoscere
913 1385 984 1443 de
1019 1386 1168 1452 Deo;
1197 1399 1327 1457 ergo
1357 1392 1415 1441 et
1454 1386 1629 1486 Deum
1656 1401 1777 1443 esse
1813 1386 2035 1445 trinum.
2044 1394 2101 1445 et
2138 1404 2309 1445 unum

293 1475 531 1555 naturali
557 1476 786 1545 ratione
797 1474 926 1531 sciri
953 1478 1154 1546 potest.
1283 1524 1290 1529 .
1331 1524 1337 1529 .
1389 1524 1396 1529 .
2102 1508 2107 1517 ·

362 1565 470 1622 Sed
509 1570 722 1621 contra.
763 1556 925 1619 Fides
961 1568 1046 1637 est
1087 1561 1158 1619 de
1200 1576 1306 1619 non
1348 1487 1738 1637 apparentibus
1776 1560 1997 1631 rationi,
2047 1567 2110 1619 ut
2153 1570 2305 1636 patet

292 1654 460 1724 Hebr.
491 1670 578 1721 x1;
585 1652 698 1709 sed
723 1652 898 1711 Deum
925 1666 1048 1709 esse
1079 1649 1285 1710 trinum
1308 1659 1365 1707 et
1394 1665 1561 1709 unum
1590 1657 1675 1707 est
1697 1648 1961 1709 articulus
1985 1650 2145 1751 fidei3
2176 1668 2307 1726 ergo

291 1745 362 1801 ad
387 1744 492 1800 hoc
523 1742 820 1801 videndum
849 1741 990 1797 ratio
1020 1754 1128 1797 nou
1156 1738 1380 1797 sufficit.
2279 1784 2285 1795 ,

359 1835 528 1900 Item,
543 1830 721 1887 omnis
747 1830 889 1887 ratio
913 1828 1180 1901 naturalis
1215 1844 1284 1884 ex
1313 1826 1505 1904 primis
1533 1828 1819 1901 principiis
1854 1830 2177 1887 naturaliter
2206 1846 2307 1888 co·-

287 1924 458 1994 gnitis
479 1920 780 1993 efficaciam
807 1918 1018 1975 habet:
1032 1917 1149 1977 sed
1184 1918 1358 1973 Deum
1387 1930 1509 1973 esse
1544 1917 1748 1973 trinum
1772 1923 1829 1973 et
1872 1935 2039 1975 unum
2064 1935 2173 1976 non
2200 1936 2306 1992 po·-

291 2018 401 2067 test
423 2010 620 2067 deduci
649 2024 718 2065 ex
753 2007 1036 2081 principiis
1074 2005 1400 2063 naturaliter
1428 2006 1683 2077 cognitis,
1728 2022 1909 2079 quaea
1951 2019 2118 2065 sensu
2152 2011 2307 2065 acci-
2405 2032 2413 2044 ·

289 2101 558 2175 piantur,
573 2114 700 2157 cum
743 2097 800 2153 in
839 2094 1186 2153 sensibilibus
1214 2094 1352 2151 nihil
1389 2093 1570 2150 simile
1597 2094 1927 2163 inveniatur,
1962 2102 2023 2153 ut
2058 2098 2169 2154 sint
2198 2100 2303 2156 trin

287 2188 574 2262 supposita
614 2186 775 2247 unius
799 2184 1103 2261 essentiae;
1145 2198 1274 2257 ergo
1311 2184 1486 2239 Deum
1514 2197 1635 2239 esse
1660 2184 1866 2265 trinum
1904 2191 1962 2241 et
1986 2202 2153 2243 unum
2196 2203 2303 2245 nou

290 2284 474 2353 potest
499 2276 626 2334 sciri
657 2291 755 2347 per
781 2274 1174 2333 rationem..

359 2368 516 2432 Item,
544 2363 816 2421 Ambrosi.
847 2381 874 2415 α
907 2362 1262 2435 Cuicumque
1269 2360 1605 2433 impossibile
1637 2367 1723 2419 est
1754 2364 2123 2434 generationis
2158 2366 2300 2423 scire

287 2461 584 2520 secretum,
613 2459 767 2509 mens
795 2452 1000 2517 deficit,
1032 2467 1137 2508 vox
1166 2450 1291 2506 silet
1328 2465 1435 2507 non
1473 2449 1652 2509 solum
1688 2466 1829 2520 mea,
1862 2452 1957 2507 sed
2000 2454 2165 2510 etiam
2198 2472 2301 2511 an.-

287 2550 564 2617 gelorum3
613 2546 817 2612 »ergo
857 2540 1001 2597 ratio
1043 2539 1308 2613 naturalis
1353 2554 1461 2595 non
1510 2537 1713 2594 sufficit
1754 2539 1824 2595 ad
1866 2543 2300 2611 cognoscendam

287 2632 695 2706 generationem
733 2628 994 2699 divinam,
1033 2640 1090 2685 et
1113 2644 1213 2702 per
1247 2641 1591 2701 consequens
1624 2642 1726 2689 nec
1752 2626 2077 2685 Trinitatem
2104 2648 2298 2705 perso-

287 2738 506 2780 narum.
1452 2722 1461 2727 '
1589 2742 1594 2749 ·
1794 2723 1801 2731 “
1910 2760 1918 2769 .
2182 2760 2189 2769 ,
2225 2762 2233 2772 ,
2278 2762 2287 2771 .

358 2808 679 2883 Respondeo
719 2805 1030 2872 dicendum,
1074 2806 1222 2879 quod
1263 2806 1439 2863 Deum
1481 2820 1602 2863 esse
1638 2806 1855 2863 ,trinum
1896 2814 1953 2864 et
1998 2824 2167 2866 unum
2210 2820 2295 2869 est

284 2898 630 2963 solummodo
656 2895 960 2963 creditum;
990 2902 1046 2951 et
1087 2894 1234 2951 nullo
1269 2895 1439 2952 ‚modo
1476 2901 1656 2966 potest
1697 2894 2125 2956 demonstrative
2154 2892 2294 2973 'pro-

285 2990 428 3056 bari,
455 2985 706 3061 quamvis
732 2984 804 3040 ad
828 2984 931 3039 hoc
957 2981 1224 3055 aliquales
1249 2982 1490 3039 rationes
1515 2998 1621 3040 non
1650 2984 1993 3052 necessarias,
2028 3003 2129 3043 nec
2151 2990 2297 3045 mul·-

286 3086 410 3135 tum
437 3074 744 3151 probabiles
781 3072 887 3127 nisi
914 3071 1158 3128 credenti
1207 3070 1393 3129 baberi
1422 3071 1679 3163 possint:
1683 3072 1859 3144 quod
1893 3079 2045 3161 patet
2086 3092 2154 3131 ex
2193 3076 2297 3135 boc

285 3166 436 3241 quod
463 3167 636 3221 Deum
671 3176 778 3219 non
805 3160 1186 3232 cognoscimus
1223 3160 1278 3215 in
1313 3165 1461 3216 statu
1508 3155 1614 3216 v'iae
1655 3160 1759 3216 nisi
1797 3177 1865 3217 ex
1892 3144 2193 3234 effectibus,
2236 3172 2297 3222 ut

284 3270 358 3311 ex
391 3251 556 3308 dictis
589 3255 778 3339 patere
809 3251 1006 3319 potest.
1057 3246 1124 3301 Et
1161 3244 1284 3302 ideo
1326 3244 1561 3302 naturali
1590 3246 1903 3317 cognitione
1944 3248 2013 3305 de
2053 3250 2167 3309 Deo
2195 3268 2295 3310 co..

271 3356 550 3415 gnoscere
571 3334 680 3395 no'n
707 3350 1012 3410 possumus,
1035 3334 1148 3392 nisi?
1167 3334 1314 3406 quod
1338 3334 1638 3407 percipitur
1664 3335 1733 3391 de
1750 3336 1867 3393 Deo
1882 3353 1951 3393 ex
1977 3338 2295 3399 habitudine

279 3432 580 3489 effectuum
601 3426 672 3483 ad
695 3426 892 3499 ipsum,
921 3422 1064 3481 sicut
1079 3439 1145 3481 ea
1168 3438 1293 3496 quae
1316 3422 1605 3494 designant
1618 3424 1999 3485 causalitatem
2017 3428 2205 3500 ipsius,
2236 3436 2295 3486 et

280 3516 639 3581 eminentiam
677 3520 1085 3587 supra.creata,
1123 3518 1180 3568 et
1207 3527 1332 3585 quae
1373 3519 1659 3569 removent
1694 3513 1911 3587 abipso
1951 3517 2297 3589 imperfectas

279 3608 626 3669 conditiones
665 3603 956 3663 effectuum
1003 3617 1018 3657 ε
1065 3600 1304 3659 Trinitas
1345 3610 1529 3659 autem
1577 3616 1931 3674 personarum
1980 3620 2088 3661 non
2117 3614 2297 3679 potest

281 3698 491 3773 percipi
505 3710 585 3753 ex
610 3694 728 3766 ipsa
755 3689 1080 3751 causalitate
1113 3688 1320 3757 divina,
1355 3705 1481 3745 cum
1519 3690 1639 3762 ipsa
1666 3692 1963 3755 causalitas
1993 3695 2299 3753 communis

277 3787 358 3843 sit
379 3784 480 3841 toti
503 3780 782 3858 Trinitati.
799 3780 914 3841 Nec
932 3778 1100 3843 etiam
1123 3777 1326 3833 dicitur
1347 3778 1651 3835 secundum
1676 3782 2033 3838 remotionem
2060 3788 2293 3857 tantum,

279 3874 430 3951 unde
456 3852 605 3929 nullo
632 3868 798 3927 modo
822 3872 1000 3942 potest
1027 3866 1458 3927 demonstrative
1484 3852 1705 3942 probari
1738 3869 1913 3927 Deum
1941 3884 2062 3927 esse
2090 3878 2141 3930 tr

275 3970 342 4021 et
373 3976 562 4021 uuum.
