2800 4492
564 373 652 434 86
1045 391 1097 436 s.
1141 391 1378 434 ‘ruomn
1419 387 1747 441 nummus
1788 385 2100 434 οΡυεσυιΑ

570 506 815 562 omnium
841 503 1219 575 scientiarum,
1245 506 1574 564 naturaliter
1599 512 1783 563 tamen
1813 521 1921 580 quo
1952 505 2019 562 ad
2057 519 2156 560 nos
2178 499 2305 560 aliae
2334 501 2591 580 scientiae

570 600 697 650 sunt
723 595 952 668 priores·
984 593 1138 652 Unde
1180 595 1316 652 dicit
1340 595 1498 653 Avic.
1530 595 1586 650 in
1612 595 1785 667 princ.
1820 609 1937 651 suae
1969 593 2135 650 Meta.
2162 614 2177 648 z
2204 612 2231 646 α
2259 591 2413 648 Ordo
2438 590 2590 646 illius

570 679 817 740 scientiae
839 688 924 739 est
953 689 1013 739 ut
1042 683 1361 740 addiscatur
1381 693 1505 758 post
1533 683 1793 740 scientias
1816 679 2116 750 naturales,
2148 681 2204 737 in
2232 680 2435 754 quibus
2461 685 2592 734 sunt

567 771 742 830 multa
781 771 1166 841 determinata,
1201 771 1400 847 quibus
1442 773 1548 829 ista
1590 771 1821 830 scientia
1859 771 2054 838 utitur,
2102 775 2163 826 ut
2199 769 2487 842 generatio
2534 775 2592 824 et

567 862 865 934 corruptio,
899 868 952 918 et
996 867 1196 930 motae,
1225 869 1280 918 et
1308 861 1642 934 hujusmodi.
1674 881 1700 914 1>
1731 860 1995 918 Similiter
2026 859 2195 916 etiam
2217 863 2341 932 post
2364 857 2590 914 matlie-

569 947 852 1007 maticam.
891 948 1106 1022 Indiget
1135 951 1279 1006 enim
1318 949 1436 1006 haec
1474 949 1707 1008 scientia
1734 948 1803 1006 ad
1832 949 2199 1022 cognitionem
2242 947 2591 1004 substantia·

570 1053 692 1094 rum
719 1045 1099 1111 separatarum
1123 1055 1453 1110 cognoscere
1482 1053 1767 1096 numerum
1794 1046 1847 1096 et
1872 1037 2118 1094 ordinem
2140 1037 2354 1094 orbium
2382 1036 2592 1094 coeles-

569 1124 726 1192 tium,
772 1127 920 1199 quod
965 1143 1076 1184 non
1134 1132 1217 1182 est
1273 1125 1530 1200 possibile
1588 1127 1706 1184 sine
1758 1126 2081 1198 astrologia,
2132 1125 2201 1182 ad
2249 1141 2418 1198 quam
2468 1131 2591 1182 tota

570 1213 960 1271 mathematica
997 1213 1372 1288 praeexigitur.
1403 1215 1543 1274 Aliae
1584 1231 1712 1273 vero
1749 1216 1995 1272 scientiae
2024 1220 2150 1270 sunt
2180 1213 2248 1270 ad
2287 1213 2427 1270 bene
2464 1229 2591 1270 esse

567 1299 755 1374 ipsius,
794 1309 852 1358 ut
895 1305 1123 1372 musica,
1169 1309 1224 1359 et
1252 1303 1506 1372 moraleS,
1540 1311 1594 1360 et
1623 1303 1956 1376 hujusmodi.
1987 1303 2103 1358 Nec
2140 1307 2322 1358 tamen
2366 1307 2589 1375 oportet

567 1390 712 1462 quod
756 1392 829 1447 sit
857 1389 1112 1460 circuluS,
1155 1391 1284 1465 quia
1323 1393 1440 1467 ipsa
1480 1393 1736 1466 supponit
1774 1401 1839 1448 ea
1870 1407 1995 1464 quae
2024 1392 2077 1446 in
2107 1390 2228 1472 aliis
2259 1389 2584 1461 probantur,

564 1494 691 1534 cum
732 1479 847 1553 ipsa
886 1477 1118 1537 aliarum
1155 1479 1423 1554 principia
1458 1479 1651 1553 probet
1696 1497 1709 1535 ε
1752 1479 1883 1553 quia
1926 1477 2195 1552 principia
2226 1493 2351 1550 quae
2380 1477 2588 1551 accipit

565 1566 672 1623 alia
713 1567 964 1635 scientia,
1010 1568 1220 1624 scilicet
1257 1568 1545 1637 naturalis,
1577 1585 1609 1625 a
1638 1567 1814 1642 prima
1838 1567 2091 1641 philosm,
2120 1583 2230 1622 non
2253 1565 2491 1639 probant
2517 1583 2587 1622 ea

564 1669 690 1727 quae
729 1655 877 1712 idem
910 1655 1120 1728 primus
1160 1655 1515 1728 philosophus
1546 1657 1747 1730 accipit
1785 1673 1819 1714 a
1855 1654 2112 1723 naturali,
2146 1651 2588 1727 sed-probantur

564 1758 660 1815 per
684 1741 868 1815 aliqua
898 1743 1166 1818 principia
1193 1761 1286 1817 per
1317 1760 1376 1800 se
1401 1751 1551 1811 nota,
1580 1749 1635 1800 et
1655 1745 1737 1800 sic
1757 1743 1987 1818 philoso.
2015 1745 2223 1817 primus
2253 1759 2361 1800 non
2388 1741 2588 1816 probat

567 1828 831 1902 principia
876 1847 1002 1904 quae
1042 1831 1214 1887 tradit
1259 1831 1497 1888 naturali
1530 1848 1626 1905 per
1668 1833 1936 1905 principia
1979 1849 2103 1906 quae
2152 1829 2221 1888 ab
2260 1847 2325 1888 eo
2356 1831 2581 1904 accipit,

563 1917 659 1974 sed
688 1934 786 1990 per
815 1917 998 1991 aliqua
1028 1919 1294 1994 principia
1324 1936 1423 1994 per
1451 1923 1512 1977 se
1545 1925 1692 1989 nota,
1730 1927 1787 1976 et
1814 1923 1893 1978 sic
1922 1937 2028 1978 non
2059 1927 2142 1977 est
2173 1921 2373 1994 aliquis
2396 1923 2585 1977 circu-

563 2005 648 2062 lus
690 2005 745 2062 in
773 2005 1108 2064 definitione.
1149 2009 1443 2077 Praeterea,
1477 2009 1701 2066 effectus
1730 2009 2013 2067 sensibiles
2041 2027 2109 2066 ex
2145 2009 2344 2083 quibus
2388 2025 2586 2083 proce-

563 2093 701 2150 dunt
744 2096 1021 2153 naturales
1081 2095 1595 2167 demonstrationes,
1646 2107 1775 2157 sunt
1821 2099 2061 2155 notiores
2106 2115 2214 2172 quo
2258 2099 2327 2155 ad
2368 2113 2471 2154 nos
2525 2100 2585 2156 in

566 2183 832 2256 principio
859 2201 872 2238 z
903 2185 998 2242 sed
1027 2202 1152 2242 cum
1185 2204 1281 2259 per
1309 2203 1403 2244 eos
1428 2187 1773 2261 pervenimus
1802 2188 1872 2246 ad
1896 2187 2262 2260 cognitionem
2286 2201 2584 2244 causarum

564 2271 882 2344 primarum,
915 2290 981 2329 ex
1023 2273 1130 2330 illis
1169 2282 1397 2348 apparet
1425 2277 1580 2332 nobis
1605 2284 1825 2350 propter
1854 2275 1985 2350 quid
2016 2277 2233 2332 illorum
2262 2277 2578 2343 effectuum,

383 2344 451 2388 Ἢ
523 2424 530 2426 -
563 2377 629 2417 ex
654 2361 852 2433 quibus
891 2361 1263 2435 probabuntur
1287 2363 1754 2421 demonstratione
1782 2364 1912 2438 quia
1952 2379 1966 2420 t
2000 2369 2054 2420 et
2097 2365 2178 2420 sic
2214 2364 2447 2421 scientia
2476 2367 2582 2420 na·-

563 2450 758 2508 turalis
791 2451 1000 2526 aliquid
1037 2452 1192 2509 addit
1219 2453 1467 2512 scientiae
1507 2453 1725 2518 divinae,
1772 2459 1827 2509 et
1859 2461 2041 2512 tamen
2068 2470 2166 2527 per
2195 2469 2261 2509 ea
2290 2469 2390 2510 sua
2423 2455 2581 2526 prin-

562 2539 706 2612 cipia
723 2540 1095 2598 notificantur.
1116 2541 1185 2597 Et
1214 2542 1340 2598 inde
1365 2541 1619 2617 estquod
1643 2541 1863 2599 Boetius
1892 2544 2045 2617 ponit
2068 2542 2261 2599 ultimo
2288 2542 2581 2598 scientiam

563 2629 824 2696 divinam,
853 2629 984 2701 quia
1028 2636 1111 2686 est
1134 2629 1329 2686 ultima
1358 2647 1466 2703 quo
1493 2631 1561 2688 ad
1589 2647 1707 2686 noe.

629 2715 714 2771 Ad
761 2715 1034 2772 decimum
1075 2716 1394 2796 dicendum,
1438 2719 1582 2792 quod
1628 2718 1881 2793 quamvis
1922 2719 2190 2778 naturalis
2230 2719 2579 2794 philosophia

563 2809 686 2874 post
710 2803 1156 2861 mathematicam
1181 2805 1441 2862 discenda
1469 2815 1741 2876 occurrat,
1776 2823 1839 2864 eo
1864 2809 2011 2883 quod
2042 2809 2375 2866 universalia
2402 2809 2579 2880 ipsius

561 2890 887 2946 documenta
911 2891 1158 2963 indigent
1185 2893 1557 2965 experimento
1582 2901 1637 2952 et
1664 2901 1925 2968 tempore,
1957 2902 2139 2953 tamen
2157 2911 2247 2952 res
2272 2895 2575 2962 naturaleS,

562 2991 687 3032 cum
722 2977 830 3035 sint
860 2994 948 3035 res
989 2979 1291 3052 sensibiles,
1337 2990 1464 3040 sunt
1495 2984 1819 3040 naturaliter
1861 2985 2035 3059 magis
2062 2991 2227 3054 notae,
2274 2999 2443 3058 quam
2490 2999 2580 3040 res

563 3063 965 3150 mathematicae
1002 3082 1035 3124 a
1057 3068 1289 3127 materia
1314 3067 1557 3126 sensibili
1581 3070 1897 3133 abstractae.

1244 3248 1719 3366 ’ARTIOULUS
1780 3303 1861 3365 ΙΙ.

611 3437 835 3507 Utrum
857 3407 1168 3510 naturalis
1185 3445 1686 3600 philosocpkiatsit
1715 3449 1785 3516 de
1810 3450 1908 3517 Itis
1932 3467 2065 3533 quae
2094 3453 2240 3514 sunt
2268 3449 2335 3516 in
2361 3455 2537 3514 motu

1379 3553 1409 3598 e
1462 3555 1561 3600 ma
1591 3556 1739 3602 erza.
2480 3584 2495 3594 ·

627 3679 712 3737 Ad
737 3681 1036 3740 secundum
1064 3684 1144 3742 sic
1169 3685 1504 3758 proceditur.
1534 3691 1589 3745 l.
1622 3689 1848 3748 Videtur
1872 3689 2019 3765 quod
2044 3688 2273 3748 scientia
2302 3690 2579 3747 naturalis

557 3783 663 3826 non
706 3771 777 3827 sit
807 3770 875 3827 de
917 3771 1002 3828 his
1043 3790 1168 3846 quae
1214 3773 1439 3833 suntin
1470 3786 1620 3836 motu
1663 3785 1727 3835 et.
1746 3780 1999 3836 materia.
2030 3776 2257 3836 Materia
2300 3779 2446 3834 enim
2490 3791 2579 3836 est

559 3857 1009 3918 individuationis
1045 3862 1370 3937 principium
1412 3882 1427 3922 :
1471 3865 1568 3922 sed
1593 3865 1741 3924 nulla
1769 3868 1999 3925 scientia
2040 3873 2124 3924 est
2151 3867 2219 3923 de
2249 3867 2575 3934 individuiS,

558 3944 656 4001 sed
689 3945 757 4004 de
799 3949 930 4007 solis
972 3950 1388 4020 universalibus,
1433 3955 1732 4012 secundum
1759 3957 2091 4014 sententiam
2132 3953 2393 4025 PlatoniS,
2444 3973 2581 4030 quae
