2800 4492
493 313 616 379 316
969 325 1028 376 e.
1068 323 1302 376 ‘mmm
1339 323 1673 378 acumine
1710 326 2019 402 oruscunft

491 446 641 519 ,quod
682 443 931 504 homines
977 443 1075 502 filii
1102 444 1202 502 irae
1233 451 1552 502 nascuntur.
1602 444 1758 516 Quod
1790 451 1976 502 autem
2005 444 2212 510 subdit,
2235 444 2406 520 ‘quod
2446 443 2503 503 hi

495 534 594 593 soli
631 535 723 608 qui
754 550 896 590 nunc
929 532 1349 600 salvandisunt,
1397 543 1771 602 nascerentur,
1806 534 2215 614 intelligendum
2244 542 2329 592 est
2356 535 2501 607 quod

495 639 792 697 pronomen
835 623 980 679 lacit
1025 624 1327 699 simplicem
1375 623 1927 691 demonstrationem;
1976 609 2105 696 quia
2144 611 2357 680 scilicet
2398 623 2501 680 soli

493 711 654 768 electi
702 720 1059 768 nascerentur
1091 722 1358 788 quantum
1386 719 1472 768 εει
1504 728 1570 768 ex
1620 713 1831 767 ratione
1871 712 2130 782 originis3
2178 728 2283 769 non
2320 721 2502 768 autem

494 801 1013 861 demonstrationem
1040 800 1408 878 personalem;
1436 800 1565 876 quia
1592 799 1717 858 aliae
1741 814 1988 874 pereonae
2014 807 2200 858 essent
2224 798 2502 858 hominum

495 891 588 964 qui
619 891 982 965 salvarentur.

491 1045 498 1050 ³
564 979 634 1034 Et
656 994 750 1051 per
778 978 881 1038 hoc
905 983 1054 1052 patet
1080 978 1362 1054 responsio
1391 977 1461 1036 ad
1484 977 1721 1051 objecta.

1191 1157 1650 1230 ,ARTIGULUS
1693 1157 1803 1220 IX.

507 1289 723 1356 Utrum
764 1289 1002 1354 verbum
1042 1288 1243 1352 cordis
1278 1290 1364 1352 sit
1400 1288 1620 1367 species
1660 1288 2094 1368 intelliyibilis.
2129 1321 2209 1336 --
2252 1292 2283 1350 1
2322 1294 2496 1370 part.

575 1383 788 1462 quaest
833 1381 936 1454 34,
985 1381 1106 1441 art.
1161 1379 1226 1451 13
1277 1382 1335 1439 et
1373 1380 1583 1456 quoest.
1632 1376 1732 1450 84,
1779 1381 1900 1440 aiut
1934 1379 1995 1453 4,
2040 1395 2203 1458 corp.
2237 1380 2403 1441 etad
2431 1381 2497 1454 13

572 1473 784 1551 μιμεῖ.
813 1467 912 1542 85,
945 1459 1068 1529 art.
1100 1467 1171 1547 2;
1205 1483 1408 1544 opu-50.
1441 1466 1541 1526 53.
1576 1464 1767 1544 corp.)
2000 1489 2010 1502 κ

491 1665 498 1672 ,
567 1603 648 1660 Ad
689 1601 988 1659 secundum
1031 1601 1110 1658 sic
1138 1581 1491 1673 proceditur.
1532 1598 1584 1654 4.
1633 1598 1861 1654 Videtur
1889 1599 2036 1671 quod
2066 1599 2293 1657 verbum
2320 1601 2505 1658 cordis

495 1691 568 1748 sit
604 1691 815 1761 species
844 1687 1220 1759 intelligibilis·
1256 1687 1490 1746 Verbum
1529 1686 1673 1744 enim
1710 1687 1892 1743 cordis
1932 1693 2017 1744 εει
2045 1703 2155 1760 quo
2193 1688 2503 1746 intellectus

495 1779 665 1835 videt.
707 1777 824 1834 Hoc
858 1783 1043 1835 autem
1084 1783 1167 1830 est
1207 1776 1419 1850 species
1460 1775 1835 1918 intelligibilis·
1880 1774 2021 1848 Erg'o
2059 1776 2284 1834 verbum
2310 1778 2503 1835 cordis

494 1873 578 1924 εει
607 1867 816 1938 ερεείεε
845 1845 1222 1936 intelligibilis,

565 1961 618 2013 2.
644 1957 930 2019 Praeterea,
962 1950 1201 2025 cognitio
1227 1952 1561 2009 intellectiva
1586 1968 1616 2010 a
1647 1969 1810 2009 sensu
1836 1953 2029 2013 oritur.
2060 1954 2165 2012 Sed
2192 1953 2325 2011 illud
2354 1955 2499 2030 quod

489 2059 688 2104 sensus
714 2043 899 2108 sentit,
938 2050 1022 2096 εει
1061 2041 1273 2113 ερεείεε
1314 2041 1692 2112 intelligibilis.
1731 2042 1875 2114 Ergo
1915 2043 2142 2100 verbum
2168 2042 2351 2100 cordis
2392 2059 2500 2120 quo

495 2131 805 2192 intellectus
828 2129 1101 2204 intelligit,
1134 2139 1217 2186 est
1243 2131 1457 2202 species
1483 2129 1863 2212 intelligibilis.

561 2222 665 2278 Sed
704 2226 912 2286 contra,
959 2218 1185 2276 verbum
1222 2218 1407 2275 cordis
1450 2218 1679 2277 interius
1716 2224 1800 2274 εει
1846 2219 1990 2292 quod
2037 2221 2295 2278 exteriori
2335 2209 2499 2280 verbo

493 2309 853 2382 significatur.
892 2308 995 2365 Sed
1025 2308 1252 2364 verbum
1291 2307 1535 2363 exterius
1574 2323 1679 2364 non
1708 2307 1981 2376 significat
2009 2309 2245 2381 speciem
2296 2310 2500 2368 intelli-

487 2399 733 2472 gibilem.
772 2398 913 2470 Ergo
934 2397 1174 2454 .verbum
1214 2396 1445 2452 interius
1489 2412 1595 2452 non
1623 2403 1707 2451 est
1737 2397 1852 2470 ipsa
1876 2398 2090 2468 species
2120 2398 2495 2469 intelligibilis.

487 2529 496 2536 -
563 2487 883 2560 Respondeo
917 2485 1230 2564 dicendum,
1263 2485 1407 2560 quod
1434 2485 1732 2542 secundum
1764 2487 2147 2556 Augustinum‚
2181 2502 2259 2542 xv
2282 2487 2350 2544 de
2374 2488 2499 2544 Tri-

494 2578 619 2642 nit„
664 2576 889 2633 verbum
917 2575 1100 2631 cordis
1131 2575 1391 2648 importat
1426 2573 1699 2646 quoddam
1730 2572 2029 2647 procedens
2068 2589 2102 2630 a
2143 2585 2344 2640 mente,
2384 2563 2498 2632 sive

485 2663 568 2724 nb
601 2663 900 2721 intellectu.
941 2661 1196 2717 -Procedit
1225 2667 1410 2716 autem
1452 2658 1658 2732 aliquid
1700 2661 1770 2716 ab
1798 2659 2097 2727 intellectu,
2134 2662 2191 2717 in
2232 2672 2495 2734 quantum
2582 2723 2599 2741 .

493 2760 578 2808 est
603 2752 961 2808 constitutum
980 2766 1076 2822 per
1097 2750 1469 2820 operationem
1495 2748 1682 2821 ipsius.
1704 2748 1799 2805 Est
1822 2756 2005 2805 autem
2029 2748 2229 2822 duplex
2254 2752 2495 2822 operatio

493 2838 822 2905 intellectus,
837 2835 1135 2892 secundum
1151 2834 1532 2908 Philosophum
1554 2835 1768 2894 inmde
1779 2835 1975 2892 Anima
1989 2838 2146 2907 (text.
2168 2853 2367 2894 comm.
2386 2841 2494 2910 24).

494 2927 613 2984 Une
649 2926 869 3000 quidem
909 2939 1050 3006 quae·
1069 2928 1295 2980 vocatur
1337 2922 1751 2982 indivisibilium
1788 2924 2166 2996 intelligentia,
2201 2943 2297 2998 per
2332 2945 2495 3002 quam

494 3013 802 3071 intellectus
834 3013 1033 3069 format
1057 3011 1111 3067 in
1141 3026 1200 3066 ee
1230 3010 1346 3082 ipso
1376 3009 1769 3077 definitionem,
1802 3011 1885 3066 vel
1915 3019 2237 3088 conceptum
2268 3015 2495 3088 aliquus

495 3103 841 3176 incomplexi.
888 3101 1010 3158 Alia
1050 3107 1234 3156 autem
1281 3098 1527 3172 operatio
1566 3108 1651 3156 est
1694 3099 2004 3157 intellectus
2031 3104 2405 3174 componentis
2439 3111 2495 3161 et

493 3193 807 3259 dividentis,
848 3190 1147 3248 secundum
1184 3205 1349 3262 quam
1390 3188 1589 3244 format
1620 3189 2071 3250 enuntiationem.
2100 3193 2169 3247 Et
2206 3201 2495 3267 utrumque

493 3282 723 3339 istorum
759 3297 856 3352 per
897 3279 1268 3352 operationem
1313 3277 1623 3334 intellectus
1662 3271 2084 3335 constitutorum
2115 3287 2341 3338 vocatur
2368 3298 2494 3352 ver-

493 3369 656 3439 bum;
696 3384 925 3441 quorum
971 3367 1204 3438 primum
1235 3366 1574 3438 significatur
1615 3382 1710 3437 per
1740 3368 2030 3423 terminum
2072 3367 2489 3444 incomplexum,

491 3459 791 3518 secundum
819 3471 949 3512 vero
976 3455 1314 3525 significatur
1343 3471 1439 3528 per
1466 3456 1789 3512 orationem.
1820 3455 2164 3512 Manifestum
2190 3466 2275 3514 est
2312 3466 2492 3516 autem

493 3549 638 3624 quod
669 3545 844 3605 omnis
884 3541 1127 3617 operatio
1175 3541 1480 3598 intellectus
1509 3545 1753 3616 procedit
1794 3539 1863 3600 ab
1899 3559 1965 3599 eo
2003 3545 2302 3602 secundum
2349 3547 2491 3620 quod

493 3647 578 3695 eet
607 3638 784 3713 lacius
822 3635 875 3690 in
903 3641 1030 3688 actu
1067 3645 1161 3704 per
1188 3629 1423 3701 speciem
1462 3629 1887 3702 intelligibilem;
1919 3634 2047 3705 quia
2078 3633 2207 3688 nihil
2238 3641 2493 3707 operatur

485 3727 595 3796 nisi
627 3723 925 3782 secundum
949 3719 1093 3794 quod
1123 3727 1207 3780 εει
1236 3724 1381 3774 actu.
1424 3718 1579 3773 Unde
1617 3735 1838 3775 necesse
1865 3727 1950 3776 est
1986 3721 2133 3795 quod
2163 3722 2372 3795 species
2404 3725 2494 3778 in·-

495 3814 812 3886 telligibiliS,
852 3825 976 3884 quae
1009 3815 1092 3864 est
1119 3805 1446 3882 principium
1478 3807 1809 3878 operationis
1846 3808 2248 3876 intellectualis,
2278 3811 2494 3868 differat

488 3914 530 3960 -u
569 3901 734 3959 verbo
769 3899 968 3970 cordia,
1001 3897 1147 3972 quod
1175 3904 1259 3956 est
1297 3911 1396 3970 per
1433 3894 1806 3970 operationem
1832 3896 2143 3960 intellectus
2166 3898 2491 3974 formatum
