2800 4492
466 302 586 390 260
945 319 997 364 s.
1044 310 1277 378 'mouns
1317 305 1647 374 nouimus
1688 297 1997 354 opusculis

468 437 811 518 continuatio
853 433 1087 500 essendi,
1132 445 1257 504 quae
1293 426 1531 502 pertinet
1569 422 1638 480 ad
1669 421 1934 478 unitatem
1974 421 2262 486 umt,uS,-et
2290 393 2490 474 eorum

471 545 598 603 quae
626 531 1034 600 consequuntur
1063 520 1131 578 ad
1161 529 1389 575 motum.
1824 511 1833 520 ’

1199 711 1596 796 QUAESTIO
1644 706 1757 780 IV.

548 885 758 944 Deinde
794 881 1086 959 quaesitum
1116 883 1200 934 est
1228 877 1296 930 de
1321 871 1699 948 personalibus
1736 883 1860 942 quae
1891 866 2165 940 pertinent
2197 865 2267 921 ad
2298 879 2493 938 perso-

480 989 609 1034 narn·
635 974 754 1032 Filii
799 991 813 1028 t
849 972 1020 1044 primo
1050 972 1317 1040 quantum
1345 963 1415 1019 ad
1444 969 1697 1017 naturam
1730 955 2009 1023 divinam;
2040 954 2281 1010 secundo
2310 969 2495 1026 quan·-

483 1076 602 1122 tum
630 1060 699 1121 'ad
739 1071 990 1118 naturam
1028 1059 1385 1126 assumptam.
1427 1051 1583 1107 Circa
1613 1048 1851 1120 primum
1880 1044 2113 1117 quaesita
2146 1051 2275 1099 sunt
2322 1042 2431 1098 duo
2476 1056 2491 1096 ι

483 1158 545 1210 40
592 1161 772 1208 utrum
807 1153 966 1206 Pater
995 1146 1185 1202 eodem
1213 1141 1381 1198 verbo
1428 1139 1575 1194 dicat
1618 1153 1677 1192 se
1720 1143 1776 1191 et
1814 1143 2159 1201 creaturam3
2202 1135 2264 1189 2⁰
2304 1136 2492 1187 utrum

485 1239 655 1299 Filius
679 1255 776 1298 sua
802 1237 1062 1295 filiatione
1086 1231 1457 1302 distinguatur
1486 1243 1518 1284 a
1547 1224 1753 1298 Spiritu
1783 1229 1996 1286 sancto.

1183 1404 1643 1472 ARTIGULUS
1682 1403 1795 1466 VI.

504 1553 724 1619 Utrum
750 1511 942 1614 Peter
968 1543 1160 1610 eodem
1179 1540 1350 1603 verbo
1381 1539 1549 1600 dieat
1574 1551 1635 1597 se
1654 1538 1713 1597 et
1734 1537 2095 1596 creaturam.
2117 1563 2195 1576 -
2212 1531 2270 1610 (l
2302 1535 2497 1608 part„

495 1653 499 1656 ’
572 1643 782 1722 quaest.
809 1639 908 1708 34,
936 1637 1058 1696 art.
1085 1633 1147 1705 2,
1173 1629 1254 1692 ad
1275 1631 1346 1705 3;
1374 1631 1430 1690 et
1453 1628 1663 1706 quaest.
1689 1623 1791 1695 39,
1820 1626 1941 1684 art.
1971 1622 2032 1694 2,
2060 1637 2109 1681 e.
2146 1620 2309 1682 etad
2329 1619 2418 1696 3).

567 1774 648 1829 Ad
679 1771 910 1844 primum
931 1767 1010 1822 sic
1047 1763 1379 1837 proceditur.
1413 1762 1463 1814 l.
1498 1757 1728 1814 Videtur
1762 1753 1909 1828 quod
1953 1755 2111 1808 Pater
2156 1769 2265 1808 non
2309 1751 2505 1808 eodem

497 1861 664 1918 verbo
689 1858 837 1912 dicat
868 1871 927 1910 se
952 1859 1006 1908 et
1035 1859 1365 1908 creaturam.
1401 1847 1593 1904 Dicere
1622 1843 1769 1900 enim
1798 1859 1875 1911 se,
1908 1841 2008 1898 soli
2036 1841 2183 1896 Patri
2208 1841 2503 1909 convenit;

493 1939 562 2005 'ui
590 1944 924 2016 Augustinus
949 1941 1101 2006 dicit,
1128 1953 1213 1994 vn
1241 1936 1308 1991 de
1333 1933 1530 1990 Trinit.
1561 1933 1665 1990 Sed
1692 1932 1876 1987 dicere
1914 1937 2223 1986 creaturam
2250 1930 2519 1986 convenit-

502 2037 602 2093 toti
633 2031 924 2108 Trinitati:
953 2045 1018 2085 ea
1045 2027 1339 2098 enim‘quae
1366 2024 1663 2096 important
1705 2025 2013 2092 respectum
2054 2019 2121 2074 ad
2171 2023 2508 2087 creaturam,

503 2125 606 2182 toti
643 2119 896 2178 Trinitati
947 2115 1296 2180 conveniunt,
1351 2119 1409 2167 ut
1456 2109 1609 2183 patet
1649 2123 1743 2180 per
1784 2106 2127 2180 Dionysium,
2176 2121 2224 2160 ιι
2268 2121 2397 2178 cap.
2443 2107 2515 2162 de

505 2213 676 2270 divin.
703 2209 921 2267 Nomin.
943 2207 1086 2277 Ergo
1104 2205 1266 2260 Pater
1296 2217 1404 2256 non
1432 2195 1625 2254 eodem
1651 2195 1818 2256 verbo
1848 2194 1983 2251 dicit
2011 2211 2069 2249 se
2094 2199 2149 2249 et
2175 2201 2513 2251 creaturam.

577 2307 630 2360 2.
657 2304 949 2363 Praeterea,
976 2302 1230 2351 creatura
1275 2288 1525 2362 procedit
1574 2303 1605 2344 a
1651 2286 1765 2341 Deo
1810 2300 1906 2356 per
1934 2283 2151 2338 modurn
2183 2264 2533 2354 voluntatis}

508 2388 673 2448 Filius
701 2399 904 2456 autem,
938 2385 1032 2459 qui
1062 2393 1144 2439 est
1172 2379 1411 2438 Verbum
1436 2391 1544 2449 quo
1574 2376 1740 2430 'Pater
1776 2371 1913 2427 dicit
1939 2386 1998 2426 se
2028 2371 2227 2444 ipsum,
2264 2373 2517 2445 procedit

510 2498 542 2538 a
571 2482 684 2536 Deo
721 2493 818 2550 per
861 2474 1083 2531 modum
1123 2477 1374 2526 naturae:
1408 2463 1558 2539 quia,
1587 2468 1647 2517 ut
1688 2459 1927 2516 Hilarius
1978 2459 2113 2516 dicit
2168 2461 2223 2515 in
2268 2461 2407 2516 libro
2450 2461 2519 2517 de

511 2567 762 2644 SynodiS,
795 2563 1032 2620 omnibus
1057 2557 1324 2614 creaturis
1345 2551 1699 2615 substantiam
1721 2550 1967 2606 voluntas
1995 2548 2095 2605 Dei
2118 2548 2341 2617 attulit3
2364 2550 2524 2606 Filio

514 2663 688 2711 autem.
717 2660 972 2708 viaturam
1011 2647 1156 2703 dedit
1183 2643 1466 2700 nativitas.
1491 2640 1633 2711 Ergo
1670 2653 1777 2694 non
1821 2646 1905 2694 est
1954 2637 2099 2693 idem
2145 2637 2374 2694 verbum
2412 2653 2543 2711 quo·

515 2745 676 2799 Pater
696 2741 831 2795 dicit
849 2753 910 2792 se
940 2737 1137 2807 ipsum,
1165 2739 1220 2788 et
1244 2746 1351 2803 quo
1376 2727 1513 2784 dicit
1542 2735 1875 2784 creaturam.

587 2829 694 2886 Sed
719 2832 911 2884 contra
938 2829 1022 2880 est
1045 2821 1189 2894 quod
1215 2817 1552 2890 Augustinus
1566 2815 1719 2883 dicit,
1742 2831 1787 2870 ιι
1814 2829 1976 2885 super
2001 2813 2256 2870 Genesim
2282 2815 2353 2872 ad
2371 2815 2529 2872 litte-

518 2933 657 2984 ram,
681 2914 826 2989 quod
855 2910 1016 2976 ctioeit,
1043 2916 1092 2966 et
1113 2908 1261 2980 facta
1283 2911 1427 2972 sunt,
1450 2904 1509 2960 id
1526 2910 1601 2960 est
1632 2903 1857 2961 Verbum
1876 2903 2079 2973 yenuit,
2106 2901 2165 2958 in
2194 2919 2293 2974 quo
2317 2912 2437 2961 erat
2464 2911 2530 2961 ut

518 3007 672 3079 fieret
709 3009 983 3060 creatura.
1028 2998 1133 3055 Sed
1178 2995 1417 3054 Verbum
1460 2993 1647 3066 genuit
1679 2991 1866 3047 dicens
1898 3006 1957 3046 se
1986 2991 2183 3063 ipsum.
2212 2991 2353 3064 Ergo
2383 2993 2529 3050 idem

521 3101 607 3152 est
643 3093 868 3150 verbum
897 3103 1006 3163 quo
1041 3086 1177 3153 dicit
1201 3101 1259 3140 se
1288 3085 1486 3156 ipsum,
1516 3087 1571 3136 et
1594 3095 1702 3154 quo
1731 3079 1867 3136 dicit
1889 3088 2221 3136 creaturam.

594 3181 916 3254 Respondeo
967 3175 1276 3240 dicendum,
1327 3170 1495 3243 quod,
1536 3168 1680 3225 sicut
1722 3167 2057 3238 Augustinus
2106 3167 2262 3234 dicit,
2319 3182 2403 3224 xv
2464 3169 2537 3224 de

525 3271 746 3336 Trinit.,
780 3267 1017 3323 Verbum
1046 3264 1145 3320 Dei
1183 3264 1610 3334 repraesentatur
1639 3254 1948 3329 aliqualiter
1986 3271 2082 3327 per
2105 3255 2332 3312 verbum
2361 3255 2541 3312 nostri

527 3358 858 3432 intellectus,
887 3353 1031 3426 quod
1065 3351 1198 3406 nihil
1223 3360 1308 3405 est
1337 3346 1485 3404 aliud
1513 3361 1679 3418 quam
1719 3344 1970 3416 quaedam
2016 3345 2262 3416 acceptio
2302 3344 2541 3401 actualis

529 3455 734 3506 nostrae
777 3443 990 3519 notitiae
1022 3459 1035 3495 ι
1067 3455 1192 3496 cum
1235 3436 1380 3492 enim
1429 3435 1484 3490 id
1531 3434 1678 3506 quod
1714 3435 1934 3500 scimus,
1970 3440 2095 3488 actu
2138 3426 2541 3489 considerando

531 3535 882 3607 concipimUS‚
910 3531 1013 3586 hoc
1055 3527 1283 3608 verbum
1320 3521 1494 3580 nostri
1534 3521 1847 3578 intellectus
1884 3529 1987 3590 est,
2009 3528 2085 3585 et·
2118 3518 2223 3576 hoc
2267 3526 2351 3576 est
2390 3521 2544 3594 quod

532 3624 700 3683 verbo
749 3618 1006 3676 exteriori
1046 3615 1441 3688 significamus,
1472 3612 1576 3668 Sed
1626 3611 1753 3684 quia
1795 3625 1893 3666 nos
1938 3616 2264 3680 non-totum
2294 3609 2348 3666 id
2394 3609 2545 3681 quod

533 3713 724 3768 habitu
771 3711 994 3774 scimuS,
1027 3713 1155 3762 actu
1187 3708 1381 3768 *mente
1428 3701 1785 3772 concipimus,
1814 3699 1909 3755 sed
1951 3698 2019 3753 de
2061 3706 2182 3753 uno·
2212 3696 2549 3768 intelligibili

537 3815 820 3868 movemur
850 3797 918 3853 ad
962 3794 1140 3863 aliud3
1167 3791 1293 3849 inde
1322 3797 1407 3846 est
1449 3789 1595 3862 quod
1633 3788 1685 3843 in
1725 3786 1882 3844 nobis
1923 3803 2031 3844 non
2057 3792 2141 3841 est
2172 3801 2339 3841 unum
2368 3785 2551 3842 solum

541 3888 772 3948 verbum
813 3883 1089 3968 mentale:
1120 3878 1216 3938 sed
1263 3878 1457 3946 multa,
1484 3891 1717 3950 quorum
1752 3875 1961 3932 nullum
1996 3876 2255 3948 adaequat
2301 3881 2555 3934 nostram
