2800 4492
462 326 469 337 ·
576 315 692 385 182
1048 332 1105 377 e.
1149 328 1382 373 ‘rnouAE
1421 328 1751 379 mmm-ms
1789 329 2098 377 opuscumt

570 452 823 513 ceantur.
870 447 1145 504 Permittit
1192 452 1376 503 autem
1419 446 1670 518 quaedam
1721 445 1929 524 minora
1965 453 2210 519 peccata,
2257 445 2340 503 eis
2370 455 2608 519 poenam

572 552 681 593 non
711 535 982 608 infligens,
1014 536 1144 609 quia
1181 536 1297 591 sine
1330 536 1416 591 his
1457 552 1563 591 non
1595 534 1758 591 facile
1783 534 2056 591 invenitur
2083 534 2370 593 hominum
2399 536 2613 592 multi-

575 625 744 695 tudo;
771 633 827 681 ει
856 626 924 681 de
953 625 1157 681 tatibus
1178 632 1262 681 est
1290 624 1541 697 deceptio
1570 640 1696 697 quae
1723 630 1807 679 est
1828 623 1969 680 inter
1995 625 2292 681 vendentes
2315 632 2377 681 et
2402 642 2615 681 emen-

576 720 693 782 tes;
732 715 863 787 qui-a
893 714 1109 787 plurimi
1140 723 1265 778 sunt
1295 714 1389 785 qui
1435 712 1625 769 volunt
1655 714 1748 769 viti
1777 729 1958 770 emere
1993 723 2049 770 et
2087 730 2214 773 care
2239 714 2510 783 vendere,
2551 721 2617 771 ut

572 804 913 874 Augustinus
940 803 1075 859 dicit
1105 804 1161 857 in
1185 802 1278 857 lib.
1311 801 1379 857 de
1410 802 1560 859 Trin.

644 893 729 948 Ad
772 892 905 947 inud
934 907 1063 947 vero
1102 890 1249 964 quod
1294 891 1468 963 primo
1512 891 1564 946 in
1595 890 1931 949 contrarium
1961 890 2238 963 objicitur,
2273 892 2610 961 dicendum,

575 980 725 1054 quod
764 980 895 1037 iliud
929 979 1343 1051 intelligendum
1370 986 1456 1035 est
1497 980 1714 1052 quando
1745 981 1966 1037 morbus
1993 981 2210 1053 pecoris
2248 980 2384 1041 facit
2425 998 2612 1054 pecus

578 1070 757 1125 minus
780 1068 963 1125 valere
992 1084 1157 1141 quam
1184 1069 1474 1125 vendatur.

645 1159 730 1215 Ad
775 1158 1075 1214 secundum
1122 1157 1434 1224 dicendum,
1467 1156 1722 1228 quodea
1767 1148 1980 1214 ratione
2018 1158 2228 1215 Tullius
2265 1158 2404 1215 ‹ficit
2445 1162 2609 1233 quod

577 1248 662 1303 vir
688 1247 863 1303 bonus
906 1263 1009 1302 non
1055 1252 1202 1302 tacet
1230 1246 1428 1313 vitium
1476 1247 1550 1301 rei
1581 1248 1836 1311 venditae,
1889 1248 2017 1320 quia
2049 1248 2117 1306 ad
2163 1250 2341 1303 virum
2387 1249 2611 1307 bonum

570 1352 683 1393 non
731 1336 1257 1408 pertinet‘decipere
1298 1334 1583 1408 aliquem:
1626 1336 1876 1409 deceptio
1925 1346 2108 1391 autem
2159 1353 2266 1392 non
2293 1347 2401 1406 est,
2451 1342 2503 1394 si
2551 1342 2610 1395 id

577 1426 725 1498 quod
764 1434 977 1481 tacetur
1013 1425 1082 1481 de
1119 1442 1178 1480 re
1222 1426 1466 1490 vendita,
1509 1440 1616 1481 non
1653 1424 1784 1481 facit
1826 1440 1944 1481 rem
1989 1425 2170 1483 minus
2211 1426 2397 1485 valere
2425 1444 2608 1502 quam

577 1515 816 1587 pretium
846 1514 993 1587 quod
1024 1531 1119 1586 pro
1149 1530 1213 1570 ea
1245 1514 1533 1584 accipitur.

1288 1710 1685 1789 QUAESTIO
1761 1708 1876 1779 VI,

650 1870 857 1933 Deinde
898 1868 1189 1943 quaesitum
1220 1875 1303 1923 est
1333 1868 1401 1923 de
1445 1868 1716 1940 peccatis;
1758 1875 1816 1926 et
1851 1867 2000 1925 circa
2039 1868 2143 1929 hoc
2183 1873 2419 1945 quaesita
2463 1885 2606 1933 sunt

579 1965 689 2018 duo
732 1978 746 2014 ε
782 1962 840 2013 10
886 1968 1067 2015 utrum
1112 1965 1395 2030 'peccatum
1435 1958 1510 2014 sit
1553 1966 1812 2031 appetere
1841 1960 2250 2031 praetationem3
2296 1969 2356 2018 2⁰
2407 1975 2604 2024 utrum

579 2060 866 2123 peccatum
888 2049 962 2105 sit
988 2048 1335 2120 praedicatori
1362 2046 1565 2103 habere
1593 2046 1808 2103 oculum
1839 2048 1908 2103 ad
1939 2064 2056 2105 rem
2083 2052 2460 2123 temporalem.

1277 2228 1732 2289 ARTICULUS
1773 2228 1882 2288 XI.

590 2364 809 2431 Utrum
838 2364 1109 2443 appetere
1142 2362 1558 2441 pra-lationem
1597 2362 1682 2423 sit
1709 2368 2044 2441 peccatum.
2071 2396 2151 2410 -—-
2179 2364 2338 2445 (2-2,
2370 2380 2595 2450 qum-c,

616 2526 625 2540 ο
715 2456 851 2530 185,
886 2460 1008 2515 art.
1046 2453 1202 2531 1223
1236 2457 1290 2514 ec
1316 2456 1438 2514 art.
1473 2452 1572 2526 48,
1601 2456 1658 2513 ec
1687 2453 1821 2525 115,
1855 2457 1912 2514 et
1935 2454 2076 2529 241„
2105 2454 2290 2535 hujus
2313 2459 2452 2541 lib.)

650 2589 732 2644 Ad
762 2589 995 2659 primum
1020 2586 1101 2641 sic
1125 2586 1457 2657 proceditur.
1487 2586 1538 2640 t.
1568 2584 1795 2640 Videtur
1822 2580 1967 2657 quod
1997 2595 2282 2658 peccatum
2309 2592 2382 2649 sit
2411 2610 2597 2669 appe-

580 2684 697 2732 tere
724 2674 1119 2747 praelationem.
1159 2673 1279 2727 Non
1308 2674 1452 2727 euim
1483 2671 1699 2727 videtur
1723 2673 1866 2743 quod
1897 2675 2071 2745 possit
2092 2680 2276 2750 appeti
2305 2680 2424 2738 sine
2452 2702 2594 2756 pec-

578 2769 706 2821 cato
735 2762 787 2815 id
812 2759 954 2831 quod
984 2775 1089 2813 non
1114 2758 1218 2813 fuit
1246 2758 1298 2813 in
1327 2766 1476 2814 statu
1503 2768 1713 2816 naturae
1742 2761 1984 2833 integrae,
2017 2766 2112 2821 sed
2142 2766 2315 2823 solum
2348 2770 2403 2841 in
2434 2781 2592 2831 statu

562 2857 792 2907 -naturae
832 2853 1122 2919 corruptae.
1171 2846 1276 2902 Sed
1316 2847 1562 2918 praelatio
1596 2864 1702 2905 non
1743 2849 1846 2905 fuit
1881 2851 1937 2905 in
1985 2859 2134 2911 statu
2183 2864 2392 2916 naturae
2437 2860 2594 2920 inte-

581 2955 713 3011 ἔγω,
746 2936 841 2992 sed
872 2937 1074 3007 incepit
1105 2950 1224 2991 esse
1259 2942 1381 3007 post
1421 2945 1727 3007 peccatum,
1756 2939 1974 3011 quando
2009 2942 2222 3000 dictum
2252 2954 2336 3003 est
2371 2950 2593 3007 mulien

580 3030 737 3101 (Gen.
775 3042 865 3093 ιιι,
895 3026 1029 3095 16);
1056 3022 1161 3080 Sub
1186 3023 1297 3080 viri
1332 3031 1588 3095 potestate
1612 3042 1744 3087 eus.
1779 3028 1926 3099 Ergo
1959 3041 2246 3102 peccatum
2271 3043 2358 3093 est
2383 3039 2596 3111 praeia-

470 3166 473 3170 .
582 3118 784 3174 tionem
814 3122 1091 3187 appetere.

691 3206 1039 3266 wPraeterea
1080 3199 1357 3273 appetitus
1385 3201 1603 3259 videtur
1649 3218 1768 3259 esse
1801 3204 1870 3260 de
1907 3205 1991 3262 his
2032 3224 2158 3280 quae
2197 3214 2472 3283 pertinent
2512 3220 2592 3276 ad

582 3299 788 3348 statum
824 3291 1023 3345 futurae
1051 3289 1238 3359 gloriae
1268 3289 1442 3350 .‘Sed
1429 3307 1483 3345 in
1522 3290 1705 3346 futuro
1733 3293 1970 3351 cessabit
2010 3299 2186 3355 omnis
2223 3302 2492 3375 praelatio,
2523 3316 2593 3363 ut

580 3379 715 3435 dicit
750 3379 1001 3451 quaedam
1029 3378 1243 3444 messa,
1277 3379 1299 3432 1
1328 3374 1572 3437 Corinth.
1604 3395 1702 3437 xv.
1733 3381 1873 3453 Ergo
1901 3394 2185 3456 peccatum
2215 3400 2298 3447 est
2325 3402 2592 3466 appetere

579 3467 975 3541 praelationem.

650 3556 755 3614 Sed
801 3563 992 3611 contra
1035 3571 1091 3609 es
1099 3560 1117 3608 t
1159 3555 1302 3628 quod
1344 3556 1620 3613 diciturl
1643 3559 1712 3614 ad
1759 3558 2017 3629 Timoth.,
2065 3581 2118 3631 v,
2153 3568 2266 3621 ⁴7·
2253 3608 2266 3621 .
2319 3568 2424 3635 Qui
2465 3572 2597 3631 bene

561 3653 819 3720 'proesum
859 3642 1173 3715 presbyteri,
1204 3644 1402 3715 duplici
1444 3648 1640 3703 honore
1673 3647 1825 3719 diyni
1866 3649 2184 3709 habeamur.
2223 3657 2327 3712 Sed
2367 3674 2476 3720 non
2503 3672 2595 3727 est

580 3741 867 3808 peccatum
898 3742 1153 3805 appetere
1182 3733 1313 3787 iliud
1343 3737 1429 3789 cui
1461 3735 1690 3794 debetur
1727 3736 1928 3803 honor,·
1951 3741 2044 3810 qui
2083 3758 2190 3798 non
2221 3745 2452 3803 debetur
2484 3751 2597 3808 nisi

579 3824 792 3882 virtuti.
824 3823 966 3893 Ergo
995 3837 1097 3877 non
1122 3828 1206 3877 est
1233 3828 1518 3892 peccatum
1546 3833 1804 3896 appetere
1832 3826 2228 3897 praelationem.

520 3980 528 4017 Ι
626 3911 971 3982 -Respondeo
989 3910 1299 3977 dicendum,
1325 3911 1469 3989 quod
1491 3910 1631 3973 hano
1648 3916 2015 3985 ,quaestionem
2039 3918 2204 3978 solvit
2225 3924 2592 4001 AugustinuS,
