2800 4492
769 331 775 342 ·
805 309 923 360 am.
953 327 1035 342 —
1063 309 1493 364 ouonmenwm
1534 311 1781 360 numm
2182 299 2299 363 125

268 440 341 489 'ut
369 431 584 488 nesciat
618 437 800 487 utrum
827 430 901 486 sit
933 429 990 487 in
1032 445 1258 503 corpore
1287 445 1358 487 an
1391 436 1547 489 extra
1575 445 1803 504 corpus‚.
1838 431 1982 488 sicut
2021 431 2088 488 de
2129 433 2293 492 Paulo

274 522 482 594 legitur
505 522 555 576 11
579 520 650 578 ad
685 519 932 577 Corinth.
966 529 1052 576 x1.
1077 521 1278 576 Beatus
1305 525 1493 578 autem
1519 521 1863 588 Benedictusi,
1894 522 2112 594 quando
2142 523 2291 580 illam

273 611 550 666 visionem
582 609 740 676 vidit,
773 625 875 666 nec
900 607 1028 664 huic
1053 607 1184 666 vitae
1217 608 1467 665 funditus
1503 607 1752 666 mortuus
1788 617 1928 676 erat,
1961 627 2063 668 nec
2092 629 2125 668 a
2164 627 2295 668 cor-

275 700 466 772 poreis
485 697 738 756 sensibus
757 697 1058 768 alienatus;
1089 697 1234 770 quod
1265 704 1419 770 patet
1450 714 1548 770 per
1572 697 1675 754 hoc
1702 698 1851 771 quod
1879 699 2010 755 dum
2034 700 2214 757 adhuc
2238 700 2296 757 in

279 788 476 846 eadem
497 787 708 846 visione
734 785 1072 860 persisteret,
1104 787 1272 844 alium
1295 786 1365 844 ad
1392 786 1540 843 idem
1568 787 1865 844 videndum
1893 789 2202 859 advocavit,
2232 795 2298 846 ut

273 877 430 934 idem
465 876 764 950 Gregorius
799 875 988 932 refert.
1019 875 1174 932 Unde
1203 874 1553 934 manifestum
1576 876 1832 949 estquod
1858 877 1962 934 Dei
1998 879 2295 938 essentiam

275 983 387 1025 non
416 966 577 1025 vidit.

345 1055 438 1112 Ad
469 1055 708 1128 primum
751 1056 882 1125 ergo
918 1051 1230 1121 dicendum,
1277 1053 1427 1126 quod
1456 1052 1757 1124 Gregorius
1796 1069 1864 1110 ex
1892 1055 2129 1127 quadam
2158 1073 2293 1130 pro-

273 1143 534 1218 portione
565 1141 938 1214 argumentari
977 1140 1214 1198 intendit
1254 1141 1311 1196 in
1352 1139 1539 1199 verbis
1588 1140 1716 1206 illis.
1764 1142 1821 1198 Si
1863 1143 2009 1200 enim
2044 1141 2297 1204 videntes

276 1234 380 1290 Dei
423 1233 740 1299 essentiam,
785 1230 842 1287 in
885 1230 1002 1302 ejus
1035 1229 1445 1303 comparatione
1490 1233 1661 1286 totam
1690 1235 1999 1288 creaturam
2034 1239 2296 1306 reputant

272 1337 514 1395 parvum
540 1319 670 1394 quid
698 1318 769 1376 ad
799 1318 1115 1386 videndum,
1161 1333 1270 1374 non
1297 1327 1383 1376 est
1410 1317 1612 1374 mirum
1648 1317 1697 1374 si
1738 1319 1941 1377 Beatus
1965 1322 2294 1379 Benedictus

276 1427 376 1485 per
403 1411 587 1466 lumen
621 1408 868 1465 divinum
903 1407 1112 1482 aliquid
1144 1406 1381 1512 amplius
1424 1407 1612 1464 videre
1652 1409 1833 1483 potuit
1858 1425 2024 1484 quam
2049 1411 2295 1470 homines

275 1499 646 1558 communiter
666 1498 912 1556 videant.

346 1590 437 1647 Ad
463 1587 766 1646 secundum
810 1585 1121 1653 dicendum,
1160 1584 1310 1657 quod
1349 1583 1534 1641 lumen
1574 1583 1679 1641 Dei
1718 1585 2049 1660 quandoque
2091 1587 2293 1646 dicitur

273 1681 398 1755 ipse
438 1679 604 1745 Deus,
650 1674 978 1750 quaudoque
1004 1689 1136 1732 vero
1177 1673 1330 1730 aliud
1357 1672 1538 1730 lumen
1569 1673 1879 1733 derivatum
1917 1677 2154 1750 abipso,
2200 1694 2292 1736 se-

271 1767 522 1826 cundum
541 1765 676 1822 ill-ud
695 1763 896 1822 Psalm.
911 1778 1093 1834 xxxv,
1118 1764 1228 1818 ⁴0:
1251 1761 1320 1819 In
1337 1760 1537 1820 lumine
1556 1769 1647 1820 tuo
1664 1762 1954 1823 videbimus
1971 1765 2166 1824 lumen
2189 1768 2293 1825 Hic

273 1866 466 1917 autem
494 1854 760 1928 accipitur
787 1855 887 1927 p'ro
905 1852 1110 1910 lumine
1131 1850 1384 1910 derivato
1410 1867 1443 1950 a
1469 1852 1613 1910 Deos

1020 2046 1421 2130 QUAESTIO
1464 2047 1552 2117 11.

341 2213 558 2273 Deinde
593 2207 980 2286 quaerebantur
1007 2207 1116 2264 duo
1153 2206 1302 2265 circa
1327 2206 1623 2264 humanam
1660 2211 1915 2265 naturam
1940 2207 1999 2266 in
2024 2209 2288 2270 Christo·
2272 2226 2287 2246 ·

272 2309 338 2364 4ο
370 2310 560 2361 utrum
595 2301 764 2358 fuerit
795 2300 853 2354 in
889 2296 1117 2354 Christo
1131 2312 1241 2352 una
1270 2295 1464 2352 filiatio
1488 2311 1597 2369 qua
1625 2295 1860 2353 refertur
1888 2297 1959 2354 ad
1986 2300 2203 2356 Patrem
2234 2306 2291 2357 et

273 2394 346 2450 ad
371 2396 632 2461 matrem,
672 2402 744 2447 an
771 2386 924 2456 duae3
955 2388 1018 2444 2⁰
1043 2383 1114 2442 de
1142 2389 1317 2441 morte
1345 2382 1485 2456 ejus,
1526 2387 1713 2439 utrum
1751 2383 1810 2440 in
1846 2398 2011 2443 cruce
2040 2393 2291 2444 mortuus

271 2480 466 2540 fuerit.

995 2648 1452 2714 ARTIOULUS
1491 2648 1576 2713 11.

287 2797 517 2862 Utrum
540 2791 610 2855 in
641 2786 886 2854 Christo
931 2783 1059 2848 sint
1099 2783 1236 2846 εἴπω
1273 2781 1627 2861 filiationes.
1658 2815 1737 2831 -
1766 2783 1852 2864 (2.
1890 2785 1954 2866 2,
1985 2791 2107 2852 art,
2135 2790 2282 2866 1823

353 2889 415 2948 et
455 2885 496 2942 3
527 2883 730 2960 part„
775 2879 986 2956 quoesc.
1036 2872 1137 2948 35,
1188 2875 1311 2936 art.
1355 2872 1428 2948 5;
1474 2875 1530 2936 et
1569 2872 1631 2948 4,
1678 2869 1823 2936 dist.
1856 2873 1917 2950 8,
1974 2880 2095 2939 cm,
2128 2876 2199 2956 53
2232 2883 2289 2944 ec

355 2986 562 3052 opusc.
594 2971 656 3044 3,
689 2982 823 3046 oap.
855 2962 986 3042 28.)

345 3102 512 3161 Circa
559 3098 798 3173 primum
839 3093 922 3152 sic
967 3090 1384 3166 procedebatur.
1413 3092 1468 3149 4.
1514 3089 1740 3149 Videtur
1786 3091 1929 3165 quod
1972 3092 2029 3149 in
2074 3095 2289 3156 Christo

273 3193 391 3250 sint
432 3191 560 3246 duae
601 3185 910 3244 filiationes.
943 3179 1302 3254 Multiplicata
1342 3179 1491 3237 enim
1517 3194 1686 3238 causa
1722 3179 2067 3252 relationum,
2098 3185 2292 3242 multi-

272 3282 556 3358 plicantur
592 3273 906 3334 relationes.
941 3270 1238 3328 Generatio
1268 3274 1457 3327 autem
1497 3274 1583 3326 est
1618 3283 1786 3326 causa
1823 3269 2122 3330 filiationis·
2154 3276 2291 3333 Cum

273 3385 410 3442 ergo
438 3366 550 3424 alia
576 3365 650 3423 sit
676 3361 957 3436 generatio
980 3373 1090 3433 qua
1116 3357 1364 3416 Christus
1387 3363 1549 3415 natus
1576 3363 1663 3414 est
1689 3359 2023 3418 aeternaliter
2046 3377 2079 3420 a
2106 3364 2285 3433 Patre,

275 3466 332 3517 et
360 3457 476 3515 alia
503 3470 614 3530 qua
643 3459 810 3510 natus
837 3457 922 3507 est
949 3447 1325 3522 temporaliter
1355 3450 1388 3505 a'
1411 3453 1608 3516 matre,
1640 3448 1747 3504 erit
1770 3448 1939 3507 etiam
1964 3450 2073 3509 alia
2100 3451 2292 3510 filiatio

275 3561 391 3620 qua
413 3541 651 3600 refertur
677 3538 750 3598 ad
774 3540 1014 3605 Patrem,
1041 3543 1098 3592 et
1127 3533 1236 3592 alia
1263 3549 1373 3609 qua
1397 3533 1637 3591 refertur
1659 3535 1730 3593 ad
1758 3543 2011 3595 matrem.

349 3639 408 3692 2.
434 3634 728 3698 Praeterea,
763 3627 912 3702 quod
937 3624 1133 3698 recipit
1159 3639 1227 3680 ex
1252 3628 1499 3697 tempore
1521 3622 1730 3698 aliquid
1754 3624 2295 3699 absolutumabsque

277 3723 368 3782 sni
391 3720 716 3789 mutatione,
742 3716 916 3774 multo
945 3714 1122 3787 magis
1157 3713 1365 3786 absque
1391 3713 1477 3770 sui
1502 3713 1806 3770 mutatione
1834 3719 2015 3787 potest
2046 3715 2292 3787 recipere

278 3806 660 3882 temporaliter
695 3805 940 3878 aliquam
976 3801 1368 3876 proprietatem
1393 3799 1703 3858 relativam.
1735 3799 1841 3857 Sed
1878 3799 2051 3857 Filius
2089 3801 2190 3859 Dei
2228 3817 2297 3860 ex

279 3905 536 3971 tempore
569 3893 762 3968 recipit
783 3943 789 3950 .
807 3889 1016 3966 aliquid
1057 3889 1368 3949 absolutum
1412 3887 1622 3963 absque
1648 3888 1735 3946 sui
1770 3884 2075 3948 mutatione
2106 3907 2123 3952 z
2166 3891 2300 3965 quia
