2800 4492
528 294 648 360 120
992 309 1059 356 ιε.
1099 306 1337 354 ‘mona
1377 304 1705 357 sommus
1745 306 2086 352 causeum-

524 426 727 497 calida,
768 440 946 501 neque
972 425 1211 499 frigidm·
1230 424 1377 482 Loco
1412 428 1600 482 autem
1625 420 1992 481 accidentium
2019 424 2284 483 hahemus
2310 428 2370 485 in
2393 444 2574 503 pras-

527 519 692 575 dictis
718 514 1040 579 substantiis
1066 513 1422 572 habitudines
1455 528 1646 571 earum
1685 512 1756 570 ad
1783 512 2118 571 substantias
2141 516 2430 573 sensibiles
2459 516 2569 574 vel

526 606 827 664 secundnm
852 603 1316 677 comparationem
1339 616 1524 660 causae
1544 602 1615 660 ad
1639 602 1912 671 effectum,
1945 602 2032 659 vel
2055 604 2358 663 secundum
2383 622 2571 663 com—

527 695 867 768 parationem
897 706 1170 751 excessuS.
1215 693 1299 749 Ita
1333 706 1466 763 ergo
1490 691 1562 748 de
1597 690 1788 747 formis
1816 691 2272 750 immaterialibus
2303 709 2572 767 cognos-

528 785 705 843 cimus
731 799 799 843 an
834 792 941 852 est,
964 790 1023 840 et
1051 781 1315 839 habemns
1341 780 1412 837 de
1439 781 1520 837 eis
1549 780 1668 837 loco
1700 779 2028 853 cognitionis
2055 782 2188 854 qnid
2211 791 2316 851 est,
2345 786 2569 861 cogni-

526 875 735 933 tionem
759 886 859 947 per
881 871 1288 937 causalitatem,
1324 876 1389 925 et·
1410 884 1506 941 per
1533 882 1818 926 excessum
1854 886 1871 924 τ
1899 875 1957 925 et
1977 884 2118 941 quos
2143 870 2311 929 etiam
2349 874 2566 932 modos

526 963 826 1037 Dionysius
851 961 1002 1035 ponit
1030 960 1087 1015 in
1115 958 1210 1015 lib.
1241 960 1311 1013 de
1336 958 1472 1016 divi.
1502 958 1685 1014 Nomi.
1709 958 1780 1015 Et
1805 957 1910 1015 hoc
1937 959 2099 1017 modo
2127 961 2348 1017 Boetius
2373 957 2564 1020 intel-

528 1052 653 1124 iigit
714 1050 1109 1125 inspiciendam
1157 1044 1401 1103 divinam
1443 1046 1681 1104 -formam
1742 1062 1838 1120 per
1895 1050 2252 1107 remotionem
2298 1054 2563 1109 omnium

527 1141 995 1215 phantasmatum,
1020 1152 1129 1194 non
1160 1144 1221 1193 ut
1248 1134 1456 1193 sciatur
1483 1137 1554 1194 de
1576 1153 1642 1194 ea
1669 1137 1804 1210 quid
1833 1143 1938 1195 est.

595 1229 670 1286 Et
696 1244 792 1302 per
820 1228 939 1285 haec
970 1232 1124 1300 patet
1145 1216 1345 1283 solutio
1372 1226 1443 1284 ad
1467 1226 1701 1299 objecta,
1735 1226 1865 1299 quia
1901 1226 2096 1299 primm
2134 1227 2376 1286 rationes
2407 1246 2563 1303 pro-

530 1318 735 1377 cedunt
774 1317 847 1374 de
882 1316 1191 1390 cognitione
1218 1315 1353 1388 quid
1380 1321 1468 1373 est
1493 1314 1781 1388 perfecta:
1813 1315 1938 1374 aliae
1964 1330 2094 1375 vero
2122 1315 2192 1375 de
2231 1320 2558 1391 cognitione

530 1405 870 1486 imperfecta,
902 1404 1082 1483 qualis
1104 1404 1259 1463 dicta
1284 1409 1391 1461 est.

1230 1582 1688 1643 ARTIGULUS
1728 1582 1856 1644 IV.

582 1717 803 1787 mrum
827 1716 937 1783 Ιιοσ
950 1716 1151 1799 possit
1164 1731 1281 1797 per
1305 1715 1470 1779 viam
1496 1712 1768 1796 alicujus
1791 1702 2056 1781 scicntia
2095 1689 2528 1797 speculativae.'

602 1850 689 1909 Ad
708 1856 969 1924 quartum
988 1848 1071 1905 sic
1088 1846 1425 1921 proceditur.
1449 1848 1505 1901 4.
1531 1845 1762 1903 Videtur
1781 1847 1931 1920 quod
1955 1848 2024 1905 ad
2049 1848 2278 1909 formam
2303 1852 2404 1910 Dei
2425 1854 2558 1912 ins-

530 1936 841 2013 piciendam
882 1952 981 2009 per
1008 1934 1267 1991 scientias
1306 1931 1673 2007 speculativas
1709 1933 1981 2005 perveniri
2015 1936 2206 2007 possit.
2249 1938 2556 2014 Theologia

534 2026 683 2085 enim
709 2041 840 2100 pars
866 2032 951 2083 est
983 2024 1233 2081 scientiae
1258 2020 1630 2095 speculativae,
1671 2026 1737 2077 ut
1762 2020 1854 2077 hic
1879 2016 2102 2080 Boetius
2121 2023 2314 2083 dicit:
2351 2030 2451 2086 sed
2473 2032 2556 2089 ad

534 2114 867 2187 theologiam
899 2114 1137 2187 pertinet
1168 2113 1342 2185 ipsam
1374 2110 1611 2167 formam
1637 2106 1884 2167 divinam
1922 2111 2211 2183 inspicere,
2243 2120 2306 2171 nt
2331 2114 2420 2173 hic
2454 2118 2557 2174 di·-

533 2205 711 2275 citnr3
756 2216 887 2275 ergo
926 2202 996 2259 ad
1034 2199 1470 2273 cognoscendam
1504 2198 1750 2299 divinam
1789 2198 2022 2257 formam
2064 2208 2246 2274 potest
2274 2208 2552 2278 perveniri

535 2308 635 2368 per
662 2292 921 2353 scientias
956 2290 1343 2364 speculativas.

608 2386 663 2441 2.
687 2381 844 2449 Item,
868 2380 941 2437 de
966 2378 1289 2437 substantiis
1314 2374 1807 2435 immaterialibus
1789 2390 1848 2435 ιιι
1876 2376 2064 2451 aliqua
2091 2379 2323 2439 scientia
2345 2396 2557 2455 specu-

535 2470 707 2531 lativa
744 2469 1161 2539 determinat-ur,
1206 2466 1339 2541 quia
1382 2466 1440 2522 in
1485 2464 1717 2523 scientia
1759 2463 1945 2524 divina
1986 2484 2003 2523 ι
2049 2468 2152 2525 sed·
2187 2462 2556 2547 quaec'umque

534 2560 769 2619 scientia
803 2558 1133 2615 determinat
1171 2556 1240 2613 de
1280 2556 1468 2629 aliqua
1513 2553 1840 2625 substantia,
1873 2555 2098 2630 inspicit·
2131 2556 2366 2618 formam
2405 2564 2549 2634 eius,

538 2649 672 2723 quia
709 2646 889 2706 omnis
927 2645 1167 2717 cognitio
1212 2649 1297 2700 est
1340 2658 1442 2716 per
1467 2642 1718 2711 formam,
1767 2649 1826 2700 et
1851 2645 2030 2702 omnis
2066 2645 2556 2707 demonstrationis

537 2734 869 2811 principium
912 2732 1213 2790 secundum
1240 2729 1625 2804 Philosophum
1653 2738 1737 2790 est
1765 2733 1914 2805 quod
1955 2734 2088 2805 quid
2130 2736 2244 2806 est}
2275 2753 2402 2811 ergo
2429 2740 2556 2797 ins-

538 2824 725 2899 picere
750 2822 954 2880 formas
980 2825 1263 2894 separatas
1288 2834 1580 2895 possumus
1602 2836 1698 2895 per
1715 2820 1977 2879 scientias
2003 2824 2391 2895 speculativas.

614 2916 668 2968 3.
712 2912 868 2979 Item,
906 2909 1099 2968 ultima
1132 2909 1371 2968 felicitas
1402 2909 1638 2968 hominis
1675 2909 1974 2967 secundum
2002 2910 2385 2986 Philosophum
2409 2930 2555 2975 con-

541 3001 689 3059 sistit
718 3000 777 3058 in
804 2998 1155 3073 intelligendo
1178 2990 1515 3057 substantias
1541 3005 1846 3071 separatas.
1878 3000 2014 3056 Cum
2041 3000 2186 3059 eni-m
2210 3002 2452 3079 felicitas
2475 3006 2556 3063 sit

541 3090 789 3166 operatio
821 3088 1236 3163 perfectissima,
1267 3092 1486 3162 oportet
1511 3086 1660 3159 quod
1683 3086 1756 3142 sit
1785 3087 2114 3159 optimorum
2141 3089 2248 3146 suh
2271 3091 2554 3152 intellectu

542 3180 876 3247 cadentium,
903 3185 964 3236 ut
991 3183 1173 3252 potest
1198 3176 1375 3250 accipi
1396 3190 1466 3233 ex
1497 3169 1820 3246 Philosopho
1845 3176 1902 3230 in
1943 3191 1984 3232 x
2015 3174 2257 3257 Ethicor.
2283 3176 2381 3237 Est
2404 3183 2556 3240 enim

542 3266 779 3325 felicitas
810 3266 931 3335 illa,
939 3296 945 3302 -
974 3266 1044 3323 de
1084 3280 1194 3339 qua
1223 3263 1527 3339 philosophi
1553 3260 1868 3336 loquuntur,
1915 3265 2160 3337 operatio
2203 3283 2237 3324 a
2282 3269 2558 3344 sapientia

542 3356 862 3431 procedenS,
907 3370 1033 3413 cum
1077 3354 1347 3429 sapientia
1374 3355 1448 3411 sit
1489 3352 1889 3428 perfectissima
1924 3354 2098 3413 virtus
2138 3358 2560 3431 perfectissimae

542 3445 824 3521 potentiae,
856 3444 1065 3502 scilicet
1088 3443 1420 3514 intellectus,
1451 3450 1508 3500 et
1536 3441 1654 3498 haec
1686 3443 1934 3515 operatio
1966 3450 2050 3500 est
2079 3444 2334 3517 felicitas,
2364 3455 2427 3505 ut
2461 3450 2560 3506 di·

543 3536 688 3593 citur
715 3549 758 3591 x
776 3530 987 3591 Ethicn
971 3546 1143 3607 ,ergo
1164 3546 1265 3607 per
1288 3530 1615 3605 sapientiam
1637 3530 2013 3604 intelliguntur
2038 3518 2363 3595 substantiae
2389 3552 2563 3617 sepa-

544 3628 735 3682 ratae:
766 3624 863 3681 sed
890 3623 1160 3696 sapientia
1186 3627 1271 3679 est
1298 3620 1528 3679 scientia
1557 3618 1822 3693 quaedam
1835 3621 2195 3695 speculativa,
2224 3630 2288 3683 ut
2317 3632 2470 3703 patet
2496 3629 2560 3687 in

544 3712 813 3787 principio
839 3710 1145 3787 metaphys.
1175 3717 1232 3768 et
1256 3709 1316 3767 in
1346 3722 1404 3766 vt
1431 3707 1712 3767 Ethicorv
1696 3724 1869 3783 ,ergo
1891 3725 1989 3784 per
2012 3711 2272 3772 scientias
2301 3716 2562 3835 specula-

544 3804 689 3863 tivas
716 3816 1005 3877 possumus
1032 3798 1337 3873 intelligere
1350 3797 1694 3856 substantias
1719 3806 2026 3875 separatas.
2547 3830 2554 3837 ·

618 3894 676 3952 t.
700 3891 858 3961 Item,
884 3891 1089 3952 frustra
1112 3887 1361 3964 estquod
1380 3902 1495 3949 non
1513 3892 1696 3963 potest
1717 3889 2030 3966 pertingere
2051 3891 2124 3953 ad
2146 3892 2312 3960 finem
2333 3902 2562 3974 propter
