2800 4492
764 362 878 416 x'11.
911 388 990 410 —.
1020 372 1449 424 ouonmmzrum
1492 365 1812 424 omarum·
2164 365 2281 427 261

261 486 580 544 scientiam.
625 485 732 543 sed
771 487 920 544 Deus
961 488 1226 562 quidquid
1271 470 1397 558 εοῑιζ
1430 495 1559 546 actu
1603 459 2178 564 intelligitjetjdeo
2229 500 2284 554 in

159 651 166 656 -
264 577 596 648 menteejus
631 591 738 630 non
768 577 1016 632 succedit
1043 577 1271 634 verbum
1293 579 1461 636 verbo
1492 597 1505 634 ι
1537 587 1592 636 et
1633 581 1776 637 sicut
1822 582 2014 640 eadem
2052 587 2285 644 scientia

264 667 372 721 scit
392 681 450 720 se
480 671 537 720 et
567 666 750 720 omnia
779 665 906 733 alia,
937 667 1013 722 ita
1037 667 1203 722 etiam
1229 667 1423 722 eodem
1449 668 1628 724 Verbo
1654 671 1910 743 exprimit
1936 687 1993 729 se
2019 674 2197 747 ipsum
2229 683 2286 732 et

265 756 450 811 omnia
478 753 588 810 alia
621 771 634 808 τ
665 770 764 809 nec
789 761 933 810 esset
953 757 1075 828 'eJus
1118 756 1356 812 Verbum
1393 756 1717 828 perfectum,
1742 765 1803 812 ut
1838 763 2178 832 Augustinus
2225 763 2287 820 in'

265 845 462 900 eodem
488 843 584 920 lib.
617 843 771 910 dicit,
801 844 848 899 si
878 843 1084 916 aliquid
1131 845 1308 900 minus
1336 851 1482 899 esset
1527 845 1583 900 in
1631 848 1749 918 ejus
1797 847 1973 906 Verbo
2012 869 2179 924 quam
2228 853 2283 910 in

266 936 386 1005 ejus
415 931 682 1000 scientia3
709 932 854 988 unde
881 932 1149 1008 quidquid
1175 934 1334 989 Pater
1376 934 1501 1001 scit,
1533 940 1708 990 totum
1760 937 1919 992 unico
1961 955 2059 995 suo
2108 941 2282 1000 Verbo

267 1023 423 1078 dicit.
452 1021 521 1076 Et
549 1021 630 1076 sic
658 1036 880 1077 necesse
905 1029 987 1078 est
1015 1021 1159 1097 quod
1191 1021 1335 1077 idem
1363 1022 1604 1078 Verbum
1632 1025 1704 1080 sit
1728 1039 1836 1097 quo
1860 1025 1996 1082 dicit
2020 1043 2077 1084 se
2104 1030 2282 1102 ipsum'

267 1116 322 1166 et
345 1127 458 1184 ‚quo
475 1110 624 1192 ‘dicit
649 1115 982 1165 creaturam.

338 1200 420 1256 Ad
455 1199 691 1271 primum
729 1214 856 1269 ergo
898 1197 1208 1265 dicendum,
1243 1200 1388 1272 quod
1434 1200 1635 1268 dicere,
1665 1201 1712 1257 si
1755 1203 1973 1276 proprie
2008 1214 2276 1277 sumatur,

268 1295 351 1344 est
381 1287 683 1358 producere
703 1285 970 1356 Verbum3
995 1286 1140 1358 quod
1160 1287 1259 1342 soli
1291 1288 1437 1344 Patri
1464 1290 1719 1346 convenit
1741 1307 1755 1356 ;
1774 1299 1830 1346 et
1857 1291 2000 1360 ideo,
2020 1295 2065 1349 si
2097 1296 2279 1353 dicere

269 1375 323 1432 in
351 1375 556 1431 divinis
583 1375 800 1448 proprie
842 1381 1111 1442 sumatur,
1135 1375 1282 1431 solus
1311 1377 1474 1431 Pater
1499 1375 1653 1444 dicit,
1687 1378 1817 1452 quia
1859 1379 2008 1435 solus
2036 1371 2151 1454 ipse
2178 1401 2281 1454 ge-

269 1473 424 1522 nerat
454 1464 714 1521 Verbum.
747 1465 861 1520 Hoc
881 1465 1025 1519 enim
1047 1464 1224 1520 Verbo
1241 1464 1567 1536 exprimitur
1598 1466 1867 1538 quidquid
1898 1475 2013 1524 tota
2037 1469 2277 1528 Trinitas

269 1556 390 1622 scit,
426 1555 556 1627 quia
580 1553 744 1609 trium
771 1568 1128 1626 personarum
1171 1561 1254 1608 est
1279 1569 1388 1609 una
1418 1553 1683 1622 scientia3
1718 1561 1771 1609 et
1804 1571 1871 1610 ex
1917 1556 2021 1612 hac
2066 1559 2278 1616 ratione

269 1643 506 1700 Verbum
544 1643 804 1714 importat
833 1641 1238 1714 respectum'ad
1275 1650 1606 1709 creaturam,
1641 1643 1695 1698 in
1744 1651 2011 1716 quantum
2038 1621 2137 1702 ’est
2176 1664 2277 1702 ex-

269 1733 474 1806 pressio
502 1725 756 1804 quaedam
770 1730 1016 1787 scientiae
1045 1745 1209 1803 quam
1241 1726 1399 1786 Pater
1424 1731 1787 1786 communite-r
1811 1731 1975 1790 habet
2004 1750 2129 1792 cum
2155 1735 2277 1794 aliis

269 1821 516 1894 personis
545 1821 614 1874 de
641 1827 913 1876 creatura.

333 1910 416 1968 Ad
439 1908 740 1966 secundum
765 1907 1073 1972 dicendum,
1107 1908 1250 1980 quod
1283 1907 1431 1964 aliud
1455 1918 1539 1966 est
1567 1911 1813 1978 verbum,
1842 1917 1897 1967 et
1926 1911 1980 1968 id
2012 1915 2156 1988 quod
2184 1917 2276 1971 di-

269 1991 408 2057 citur
430 1997 602 2057 verbo
629 1995 768 2052 :hoc
798 1995 944 2051 enim
965 1995 1131 2052 verbo
1169 1997 1311 2069 quod
1342 2004 1427 2053 est
1454 1997 1612 2070 lapiS,
1642 1998 1983 2070 significatur
2025 2018 2112 2057 res
2150 2021 2274 2076 quae
2346 2027 2355 2039 ·

269 2105 374 2145 non
399 2094 486 2144 est
512 2086 757 2152 verbum,
796 2085 891 2140 sed
921 2081 1146 2170 corpus;
1182 2085 1320 2140 unde
1357 2087 1488 2141 nihil
1521 2087 1771 2158 prohibet
1804 2098 2111 2146 creaturam
2142 2109 2275 2164 pro-

267 2179 459 2234 cedere
487 2193 518 2232 a
543 2177 659 2232 Deo
698 2191 794 2248 per
827 2173 1044 2229 modum
1077 2173 1406 2244 voluntatis;
1439 2176 1667 2233 verbum
1704 2183 1889 2234 autem
1932 2195 2039 2251 quo
2069 2180 2272 2238 dicitur

267 2272 536 2333 creatura,
568 2279 665 2338 per
695 2262 914 2319 modum
945 2268 1176 2318 naturae.

940 2399 1396 2501 ARTIGULUS
1456 2441 1594 2500 vn.

275 2531 504 2644 Utrum
539 2547 748 2662 Filius
791 2573 1214 2658 distinquacaepr
1255 2571 1559 2650 filiatione
1598 2589 1637 2634 a
1664 2571 1911 2651 Spiritu
1936 2579 2165 2638 sancto.
2190 2611 2269 2628 --

449 2667 510 2747 (1
538 2668 735 2745 part„
766 2667 975 2744 φησει.
1009 2663 1109 2736 30,
1139 2665 1263 2724 art.
1289 2663 1359 2737 33
1387 2665 1445 2724 et
1474 2677 1673 2740 opusc.
1708 2662 1767 2735 6,
1800 2679 1933 2742 cap.
1962 2663 2087 2744 64).

332 2801 493 2858 Circa
516 2796 817 2872 secuudum
859 2796 947 2851 sic‘
965 2795 1301 2867 proceditur.
1322 2793 1552 2850 Videtur
1576 2794 1721 2867 quod
1751 2794 1920 2850 Filius
1961 2795 2271 2869 distingua-
2336 2826 2338 2828 ·

267 2897 352 2948 tur
378 2887 647 2945 filiatione
669 2902 702 2941 a
733 2885 936 2956 Spiritu
969 2891 1178 2938 sancto·
1205 2882 1413 2938 Eodem
1450 2884 1594 2938 enim
1622 2884 1785 2939 modo
1826 2884 2025 2957 aliquis
2058 2888 2269 2942 consti-

265 2978 457 3043 tuitur,
491 2980 550 3030 et
577 2973 647 3029 ab
674 2971 780 3029 alio
808 2969 1182 3040 distinguitur.
1208 2970 1311 3026 Sed
1343 2985 1574 3040 persona
1601 2970 1722 3025 Filii
1744 2971 2097 3042 constituitur
2130 2974 2273 3030 silia-

264 3067 431 3133 tione,
459 3077 587 3136 quae
611 3059 914 3134 proprietas
942 3065 1026 3112 est
1064 3057 1382 3129 personaliS,
1418 3059 1471 3113 id
1503 3063 1587 3114 est
1616 3060 1956 3115 constituens
1980 3075 2270 3133 personam

262 3153 406 3209 Filii.
437 3153 583 3222 Ergo
609 3147 870 3204 filiatione
899 3146 1250 3217 distinguitur
1279 3151 1321 3202 a'
1339 3145 1546 3218 Spiritu
1572 3155 1783 3202 sanctu.

269 3245 274 3252 ’
331 3241 440 3299 Sed
469 3245 662 3296 contra
691 3244 772 3292 est
797 3235 943 3308 quod
969 3235 1190 3290 Boetius
1227 3233 1361 3290 dicit
1402 3234 1459 3290 in
1502 3233 1598 3290 lib.
1630 3233 1698 3290 de
1727 3233 1946 3303 Trinit.‚
1980 3235 2126 3310 qnod
2155 3239 2271 3298 sola

264 3329 460 3386 relatio
488 3328 540 3382 in
571 3325 770 3382 divinis
794 3321 1124 3394 multiplicat
1145 3322 1505 3392 Trinitatem3
1536 3328 1591 3378 e't
1615 3322 1904 3380 Anselmus
1928 3323 2063 3382 dicit
2091 3326 2147 3382 in
2172 3326 2268 3384 lib.

263 3419 330 3474 de
351 3414 706 3474 Processione
738 3411 974 3485 Spiritus
1001 3411 1196 3478 sancti,
1229 3409 1375 3482 quod
1404 3410 1481 3466 ibi
1506 3409 1682 3468 solum
1706 3412 2115 3485 distinguuntur
2143 3432 2273 3487 per-

264 3521 413 3564 sonae
449 3504 652 3562 divinae
698 3500 791 3557 ubi
832 3500 1071 3556 occurrit
1121 3497 1401 3556 relationis
1453 3500 1741 3573 oppositio,
1787 3501 1891 3558 Sed
1939 3502 2108 3558 Filius
2164 3520 2270 3559 non

264 3595 559 3668 opponitur
586 3587 812 3648 relative
833 3588 1062 3662 Spiritui
1086 3595 1278 3645 sancto
1303 3587 1589 3660 filiatione,
1616 3591 1710 3646 sed
1738 3589 1912 3646 solum
1935 3591 2099 3647 Patri.
2126 3592 2269 3662 Ergo

263 3682 432 3741 Filius
458 3693 578 3739 'non
610 3677 965 3752 distinguitur
1010 3677 1270 3734 filiatione
1307 3693 1340 3734 a
1381 3677 1588 3750 Spiritu
1632 3683 1840 3746 sancto,
1874 3677 1973 3733 sed
2017 3679 2192 3734 solum
2238 3697 2270 3736 a

262 3775 443 3831 Patre.
1107 3783 1116 3789 ·
1383 3781 1387 3787 ’

311 3855 1020 3932 ‘Resp·ond·eo·dicendum‚
1047 3853 1192 3928 quod
1233 3853 1338 3909 hoc
1381 3853 1545 3911 modo
1580 3869 1639 3909 se
1680 3852 1879 3908 habent
1909 3853 2274 3926 proprietates

261 3948 581 4023 personales
607 3948 663 4006 in
691 3947 892 4007 divinis
929 3945 998 4001 ad
1026 3943 1469 4012 distinguendum
1510 3955 1769 4015 personas
1797 3939 1939 3996 sicut
1986 3957 2043 3998 se
2072 3943 2272 4003 habent
