2800 4492
453 287 600 364 “264
953 295 1012 360 ’8.
1053 291 1299 357 mona·
1329 307 1662 363 nummus
1703 283 2014 354 oensem

481 417 747 500 sichomo,
772 432 879 490 Deo
889 427 1181 504 preeunte,
1208 425 1575 493 illuminatur,
1606 425 1814 482 absente
1842 431 2039 493 antem,
2065 425 2316 484 continue
2344 433 2500 484 tene-

484 524 699 589 bratur,
728 539 763 578 a
790 537 889 594 qno
918 536 1025 576 non
1048 521 1280 576 locorum
1306 515 1627 573 intervallis.
1652 514 1742 572 sed
1763 515 2056 571 voluntatis
2078 517 2357 572 aversione
2380 517 2501 572 dis-

484 611 714 668 ceditur.
743 610 850 668 Sed
889 609 970 666 sol
1009 623 1226 679 semper
1269 605 1400 662 facit
1430 621 1631 662 novum
1673 604 1855 662 lumen
1899 605 1952 660 in
1991 620 2139 662 aere.
2165 599 2311 678 Erg'o
2350 607 2500 663 Deus

483 717 698 774 semper
721 699 852 755 facit
872 713 1070 755 novam
1097 696 1332 769 gratiam
1352 695 1409 750 in
1431 695 1632 751 anima.

557 788 665 846 Sed
692 793 902 855 contra,
931 785 1212 842 nobilioris
1235 791 1505 841 creaturae
1533 781 1767 838 nobilius
1796 787 1881 836 est
1908 797 2047 837 esse.
2070 781 2173 839 Sed
2202 777 2381 855 grat-ia
2413 790 2499 840 est

490 877 826 936 nobilissima
851 884 1102 933 creatura
1121 915 1135 942 ‚
1165 874 1294 948 quia
1323 878 1409 928 est
1434 869 1697 944 perfectio
1719 878 1933 927 naturae
1963 871 2247 928 rationalis
2268 881 2495 930 creatae.

487 968 630 1040 Ergo
660 968 778 1038 ejus
805 970 1044 1022 esse-est
1067 961 1463 1019 nobilissimum
1498 978 1511 1016 ε
1543 976 1651 1016 non
1675 975 1805 1031 ergo
1847 959 2009 1015 durat
2055 960 2233 1017 solum
2275 961 2331 1017 in
2375 978 2500 1018 mo-

486 1063 692 1125 ment0,
720 1061 776 1111 ει
805 1055 882 1111 ita
903 1069 1008 1110 non
1038 1067 1252 1125 semper
1277 1052 1425 1106 Deus
1452 1049 1585 1105 facit
1611 1064 1809 1105 novam
1833 1049 2091 1121 gratiam.

557 1143 880 1217 Respondeo
905 1141 1216 1207 dicendum,
1241 1139 1386 1212 quod
1418 1138 1617 1210 duplex
1663 1142 1749 1193 est
1785 1136 1951 1195 actio.
1983 1138 2248 1207 Quaedam
2282 1155 2407 1212 quae
2438 1141 2501 1196 fit

469 1247 615 1290 cum
644 1237 898 1301 motu3et
929 1230 1055 1286 talis
1081 1229 1226 1284 actio
1255 1243 1470 1298 semper
1494 1232 1578 1280 est
1606 1240 1731 1280 cum
1750 1223 1935 1298 aliqua
1961 1224 2340 1296 innovatione3
2368 1227 2502 1300 quia

473 1335 703 1391 ‘semper
736 1319 793 1373 in
833 1324 985 1372 motu
1012 1314 1232 1387 aliquid
1265 1315 1344 1381 fit,
1377 1321 1435 1369 et
1475 1310 1691 1384 aliquid·
1717 1311 1917 1367 desinit
1965 1326 2103 1379 esse,
2136 1313 2191 1368 in
2230 1319 2503 1384 quantum

489 1407 771 1467 acceditur
815 1406 884 1462 ad
929 1403 1219 1462 terminum
1265 1410 1320 1458 et
1354 1400 1629 1457 receditur
1677 1416 1708 1455 a
1749 1391 2014 1468 termino;
2047 1409 2103 1456 et
2132 1409 2353 1474 propter
2397 1402 2503 1457 hoc

487 1494 846 1568 Philosophus
869 1491 1094 1559 dicit,in
1126 1507 1209 1547 vn
1231 1489 1394 1562 Phys,
1428 1491 1583 1560 (text.
1610 1503 1751 1543 com.
1780 1489 1888 1559 56),
1922 1487 2066 1561 quod
2084 1489 2138 1543 in
2169 1477 2315 1545 omni
2347 1499 2503 1546 motu

491 1591 576 1640 est
601 1583 839 1659 quodam
870 1580 1032 1636 modo
1069 1579 1186 1635 fieri
1217 1585 1272 1635 et
1294 1576 1589 1649 corrumpi.
1618 1576 1739 1632 Alia
1768 1582 1954 1632 autem
1984 1575 2128 1632 actio
2150 1585 2241 1634 ,est
2268 1593 2394 1652 quae
2416 1584 2505 1633 est

489 1674 610 1728 sine
637 1678 810 1737 motu,
836 1685 934 1743 per
959 1665 1262 1740 simplicem
1304 1665 1855 1722 communicationem
1881 1664 2103 1728 formae:
2134 1666 2188 1720 in
2230 1675 2503 1738 quantum

421 1799 428 1806 -
494 1760 710 1817 scilicet
737 1772 925 1830 agene,
967 1771 1124 1812 suam
1153 1754 1541 1811 imilitudinem
1578 1753 1841 1826 imprimit
1881 1753 2167 1826 recipienti
2198 1754 2465 1826 disposito
2478 1771 2499 1823 ,·

491 1856 549 1905 et
579 1847 705 1905 talis
734 1847 878 1903 actio
902 1847 956 1900 in
989 1844 1256 1917 principio
1284 1842 1508 1915 quidem
1532 1850 1615 1899 est
1644 1858 1770 1899 cum
1796 1843 2170 1912 innovatione,
2200 1845 2505 1902 secundum

492 1936 639 2011 quod
669 1935 737 1990 do
761 1948 900 1990 novo
924 1931 1230 2004 acquiritur
1249 1930 1422 1986 forma
1446 1931 1504 1987 in
1528 1931 1804 2004 subject03
1836 1929 1930 1987 sed
1960 1932 2299 1988 continuatio
2331 1933 2504 2005 ipsius

493 2024 745 2091 actioniS,
773 2023 917 2079 sicut
961 2019 1169 2076 nullum
1211 2019 1375 2076 habet
1424 2026 1633 2076 motum
1678 2019 2016 2092 adjunctum,
2038 2022 2145 2077 sed
2198 2022 2505 2094 simplicem

491 2112 775 2180 influxum,
805 2111 921 2166 sive
949 2107 1517 2175 communicationem,
1545 2108 1625 2169 ita
1653 2107 1822 2164 etiam
1850 2107 2055 2165 nullam
2079 2107 2245 2166 habet
2267 2111 2506 2168 innova-

495 2203 730 2270 tionem3
757 2208 813 2257 et
843 2200 944 2256 hoc
972 2198 1132 2256 modo
1157 2204 1416 2256 causatur
1439 2197 1618 2268 gratia
1640 2213 1671 2254 a
1701 2197 1853 2253 Deo‘
1840 2214 1894 2252 1n
1922 2199 2125 2254 anima.

485 2311 488 2314 ’
565 2291 720 2350 Unde
745 2289 1036 2347 dicendum
1057 2295 1159 2356 est,
1165 2287 1330 2363 quod
1358 2287 1621 2361 quamdiu
1651 2285 1813 2343 durat
1842 2288 2019 2375 gratia
2049 2288 2103 2344 in
2136 2289 2336 2358 anima,
2357 2291 2504 2347 Deus

495 2383 555 2440 in
575 2381 756 2446 anima
780 2387 1038 2454 operatur
1066 2393 1298 2436 causans
1323 2391 1481 2448 eam;
1506 2391 1613 2432 non
1638 2383 1820 2432 tamen
1850 2375 1928 2432 ita
1956 2376 2102 2450 quod
2141 2377 2310 2434 faciat
2352 2395 2508 2436 sem-

495 2487 594 2544 per
618 2485 816 2527 novam
842 2469 1098 2540 gratiam,
1126 2471 1182 2522 et
1208 2465 1357 2539 quod
1389 2456 1619 2536 singulis
1660 2464 1950 2520 momentis
1983 2465 2223 2521 existens
2250 2481 2506 2523 corrum-

495 2568 694 2632 patur;
723 2558 819 2614 sed
861 2556 991 2630 quia
1036 2554 1284 2612 eamdem
1330 2553 1567 2624 gratiam
1594 2567 1773 2634 'quam
1818 2553 1994 2625 primo
2035 2552 2254 2620 infudit,
2286 2569 2504 2628 semper

498 2653 758 2720 operatur
781 2645 838 2701 in
865 2644 1066 2710 anima,
1084 2656 1416 2698 conservans
1436 2642 1631 2710 ipsam.
1654 2638 1808 2710 Quod
1830 2640 2053 2713 quidem
2078 2641 2297 2698 difficile
2323 2650 2409 2698 est
2434 2645 2503 2700 ad

495 2733 913 2806 intelligendum
932 2747 1038 2800 non
1068 2729 1373 2790 valentibus
1401 2727 1717 2785 abstrahere
1736 2727 2229 2785 considerationem
2252 2745 2412 2786 suam
2435 2731 2506 2787 ab

490 2821 809 2880 actionibus
834 2835 959 2894 quae
978 2826 1114 2876 sunt
1137 2831 1262 2874 cum
1289 2821 1460 2884 motu,
1489 2815 1544 2871 in
1569 2815 1769 2891 quibus
1798 2831 2011 2891 semper
2035 2817 2240 2892 aliquid
2272 2820 2506 2878 innova-

498 2917 609 2978 tur,
641 2917 702 2967 ut
725 2910 935 2967 dictum
963 2914 1066 2964 est.

568 3002 651 3062 Ad
679 2999 916 3074 primum
943 3013 1072 3070 ergo
1093 2996 1402 3064 dicendum,
1427 2995 1575 3070 quod
1598 2995 1779 3053 lumen
1798 3011 2011 3071 semper
2030 2996 2091 3053 fit
2120 2996 2175 3053 in
2199 3013 2346 3067 aere,
2375 2999 2507 3072 quia

499 3106 715 3163 semper
743 3090 956 3146 actione
993 3086 1122 3145 solis
1147 3084 1510 3158 illuminantis
1548 3090 1933 3156 conservatum
1963 3101 2070 3146 non
2106 3086 2252 3160 quod
2288 3103 2507 3161 semper

499 3179 599 3240 fiat
627 3179 776 3237 aliud
799 3185 854 3236 ει
881 3177 1029 3237 aliud
1059 3177 1261 3235 lumen.

1136 3315 1166 3408 -·
1227 3371 1623 3452 QUAESTIO
1669 3371 1791 3440 VII

499 3545 506 3552 ’
576 3529 788 3593 Deinde
827 3531 1122 3608 quaesitum
1165 3537 1249 3589 est
1281 3531 1350 3588 de
1379 3530 1722 3588 sacramenti
1767 3530 1946 3602 gratia
1977 3546 1991 3587 ε
2024 3537 2080 3590 ει
2116 3533 2179 3589 40
2217 3531 2287 3588 de
2316 3547 2510 3592 sacra-

503 3632 688 3683 mento
714 3624 1083 3698 poenitentiae3
1113 3632 1299 3680 utrum
1325 3635 1423 3693 per
1453 3619 1851 3676 absolutionem
1870 3619 2171 3678 sacerdotis
2195 3623 2513 3679 remittatur

503 3713 703 3786 culpa;
731 3717 792 3771 2⁰
820 3713 890 3769 de
923 3715 1267 3769 sacramento
1307 3707 1674 3776 matrimonii3
1700 3714 1884 3764 utrum
1924 3708 2007 3765 vir
2048 3709 2222 3782 possit
2260 3710 2513 3783 accipere

505 3813 749 3871 crucem,
781 3802 830 3859 si
865 3802 1124 3860 timeatur
1161 3795 1231 3855 de
1255 3795 1652 3854 incontinentia
1692 3797 1877 3870 uxoris
1920 3811 2027 3854 non
2064 3798 2299 3856 valentis
2332 3800 2515 3860 virum

504 3890 685 3964 sequi.
767 3925 770 3932 -
