2800 4492
777 352 890 398 111.
921 365 1002 382 -
1029 351 1455 402 ouonuenrmu
1505 351 1751 399 sexuum
2146 340 2267 402 347

248 471 534 552 cumipse
553 468 721 538 dicat,
745 469 912 532 joan.
942 482 1000 536 x,
1031 470 1096 524 lo
1131 486 1146 524 ε
1177 470 1290 541 1390
1317 467 1441 526 veni
1465 458 1527 528 ui
1553 453 1719 528 vitam
1746 469 1991 538 habeant,
2017 471 2265 548 etubuu-

249 559 476 620 dontius
517 557 762 622 habeant.
807 557 914 616 Sed
955 564 1082 615 ante
1129 557 1328 626 Christi
1372 559 1668 629 adventum
1714 559 2066 617 salvabantur
2095 561 2265 637 aliqui

252 650 412 722 pueri
455 649 512 705 in
545 647 652 704 fide
679 652 988 721 parentum.
1018 647 1359 720 Ergomulto
1383 649 1563 720 magis
1588 663 1733 718 nunc
1774 656 1897 724 post
1926 648 2124 706 Christi
2163 655 2266 706 ad·-

253 746 504 796 ventum.

321 827 431 884 Sed
461 833 656 884 contra
679 831 763 886 est
791 825 936 900 quod
975 825 1238 884 Dominus
1265 825 1419 894 dicit,
1446 825 1605 883 Joan.
1633 841 1719 896 ιη,
1746 827 1779 882 5
1810 844 1823 881 :
1856 825 1985 886 Nisi
2014 825 2129 899 quis
2171 842 2262 882 re-

252 923 414 976 natus
454 915 630 988 suerit
671 930 740 972 em
764 931 903 990 aqua
931 921 982 972 ec
1020 914 1234 988 ‚Spiritu
1258 920 1460 982 sancto,
1498 930 1605 972 non
1629 921 1799 988 potest
1827 915 2041 973 intrare
2069 916 2125 971 in
2168 931 2262 972 re·-

253 1021 418 1076 9num
447 1004 717 1063 coewrm.

319 1093 652 1166 Respondeo
677 1091 988 1160 dicendum,
1021 1092 1167 1165 quod
1192 1092 1262 1150 ab
1284 1092 1376 1149 illa
1401 1085 1753 1158 damnatione
1775 1109 1939 1167 quam
1964 1092 2262 1152 humanum

151 1224 160 1229 -
253 1197 428 1254 genus
474 1182 704 1238 incurrit
751 1187 972 1254 propter
1015 1189 1298 1254 peccatum
1340 1182 1497 1254 primi
1554 1182 1815 1254 parentiS,
1860 1182 2041 1239 nullus
2082 1190 2265 1256 potest

257 1272 478 1328 liberari
523 1270 624 1334 nisi
655 1287 750 1344 per
779 1271 1070 1338 Christum,
1103 1271 1198 1344 qui
1223 1271 1372 1329 solus
1403 1271 1473 1328 ab
1501 1271 1593 1328 illa
1620 1271 1970 1340 damnatione
2006 1273 2263 1329 immunis

255 1349 552 1428 invenitur,
601 1345 678 1417 ita
706 1359 924 1416 scilicet
965 1367 1026 1416 ut
1055 1360 1105 1415 ei
1136 1359 1512 1432 incorporetur
1550 1361 1704 1416 sicut·
1721 1361 1887 1433 capiti
1938 1361 2262 1418 membrum.

257 1451 370 1507 Hoc
395 1458 583 1506 autem
609 1449 896 1522 tripliciter
919 1448 1032 1504 fieri
1061 1453 1258 1521 potest.
1290 1449 1469 1504 Primo
1496 1449 1715 1522 quidem
1738 1465 1835 1522 per
1861 1451 2263 1522 susceptionem

257 1539 536 1612 baptismi,
569 1537 865 1595 secundum
893 1537 1026 1594 illud
1052 1537 1118 1594 ad
1151 1536 1332 1593 Galat.
1362 1553 1449 1602 m,
1482 1539 1549 1594 27
1581 1555 1594 1592 z
1639 1538 1825 1594 Omnes
1848 1538 1937 1610 qai
1963 1539 2022 1594 iu
2048 1538 2261 1596 Christo

255 1627 519 1701 baptizati
543 1627 686 1692 estis,
717 1626 990 1682 Christum
1018 1625 1290 1682 induistis.
1327 1626 1575 1687 Secundo
1604 1643 1700 1699 per
1729 1627 2011 1699 sanguinis
2036 1627 2259 1683 effusio·

258 1733 381 1772 nem
406 1726 629 1790 propter
653 1715 954 1784 C>hristum3
981 1715 1111 1788 quia
1132 1701 1235 1787 'per
1261 1713 1362 1771 hoc
1386 1716 1554 1770 etiam
1578 1715 1777 1790 aliquis
1800 1717 2036 1789 passioni
2059 1715 2259 1773 Christi

255 1806 649 1872 conformatur,
699 1821 732 1861 a
777 1819 886 1877 qua
915 1801 1212 1862 efficaciam
1254 1805 1482 1859 sortitur
1510 1804 1846 1878 baptismus3
1880 1807 2023 1868 unde
2059 1806 2263 1862 dicitur

255 1895 322 1952 de
362 1894 714 1968 MartyribuS,
746 1891 972 1965 Apocal.
1002 1909 1107 1960 vn,
1139 1895 1227 1960 ⁴4,
1256 1892 1399 1966 quod
1430 1894 1678 1950 laverunt
1704 1894 1863 1951 stolas
1888 1910 2013 1959 suus
2043 1893 2103 1949 in
2130 1910 2263 1950 san·-

253 1983 412 2054 9uiue
437 1983 588 2054 aqui.
616 1982 802 2041 Tertio
822 1981 984 2038 modo
1012 1995 1108 2054 per
1137 1981 1298 2045 tidem
1323 1989 1377 2038 et
1406 1981 1773 2052 dilectionem,
1800 1983 2097 2040 secundum
2130 1983 2261 2040 illud

255 2073 418 2132 Prov.
449 2088 548 2138 xv,
589 2071 656 2128 27
689 2087 701 2124 :
741 2069 851 2126 Per
877 2069 1292 2128 misericordiam
1325 2078 1372 2126 et
1406 2071 1563 2142 fidem
1588 2080 1904 2143 pumuntur
1928 2079 2173 2145 peccata3
2206 2085 2261 2128 et

255 2165 379 2218 Act.
419 2175 517 2228 xv,
565 2163 616 2227 9,
657 2159 858 2218 dicitur
889 2175 902 2214 t
947 2158 1083 2215 Fide
1106 2158 1404 2231 purificans
1432 2159 1594 2214 corda
1623 2175 1843 2228 eorum3
1878 2168 1933 2216 et
1976 2177 2069 2233 per
2100 2161 2261 2218 tidem

255 2250 505 2306 Christus
534 2248 742 2305 habitat
767 2249 820 2304 in
845 2247 1100 2304 cordibus
1130 2249 1347 2314 nostris,
1381 2255 1443 2304 ut
1470 2247 1699 2304 habetur
1728 2250 1796 2304 ad
1821 2249 1957 2322 Eph.
1991 2265 2092 2320 111;
2122 2251 2261 2306 unde

254 2353 308 2400 et
353 2344 470 2415 ipse
511 2339 816 2410 baptismus
843 2337 1042 2393 dicitur
1075 2337 1200 2394 fidei
1241 2345 1644 2401 sacramentum
1690 2355 1703 2392 τ
1736 2345 1790 2394 et
1818 2340 2115 2395 secundum
2158 2329 2261 2395 hoc

255 2433 460 2488 dicitur
486 2443 607 2484 esse
636 2426 832 2499 triplex
859 2425 1180 2498 baptismus
1215 2425 1425 2480 scilicet
1450 2441 1628 2497 aquae,
1660 2425 1903 2498 spiritus,
1948 2432 2002 2481 et
2036 2426 2262 2497 sangui-

255 2522 341 2576 nis
370 2537 382 2574 :
415 2518 546 2592 quia
575 2516 682 2573 alia
705 2518 825 2572 duo.
847 2515 1100 2588 supplent
1131 2515 1305 2570 vicem
1335 2514 1591 2587 baptismi
1623 2531 1799 2587 aquae,
1828 2518 1875 2570 si
1907 2521 2087 2572 tamen
2117 2515 2261 2572 adsit

256 2610 595 2682 propositum
634 2605 961 2678 suscipiendi
995 2604 1156 2660 talem
1188 2603 1547 2675 baptismium
1590 2605 1667 2660 ita
1696 2603 1905 2660 scilicet
1948 2604 2091 2677 quod
2123 2605 2263 2660 arti-

255 2698 414 2754 culus
440 2695 802 2761 necessitatis,
835 2709 941 2752 non
971 2699 1154 2749 autem
1187 2699 1532 2765 contemptus
1557 2693 1835 2765 religionis
1862 2695 2262 2750 sacramentum

255 2787 531 2844 excludat.
575 2783 916 2840 Manifestum
961 2789 1046 2838 est
1074 2789 1274 2850 autem,
1310 2782 1456 2855 quod
1479 2783 1535 2842 in
1577 2782 1758 2854 puer1s
1788 2783 2026 2838 nondum
2054 2783 2263 2840 haben-

257 2876 405 2931 tibus
439 2889 598 2930 usum
622 2872 848 2928 rationis
872 2887 978 2928 non
1009 2878 1188 2944 potest
1212 2887 1332 2932 esse
1368 2877 1548 2928 motus
1578 2871 1701 2928 fidei
1728 2880 1783 2928 ot
1812 2871 2138 2940 dilectioniS,
2168 2879 2263 2930 aut

255 2965 596 3038 propositum
631 2960 962 3032 suscipiendi
994 2960 1366 3034 ‚baptismum;
1402 2969 1457 3016 ct
1493 2959 1614 3016 idco
1642 2967 2019 3032 ,nou-possunt
2059 2961 2260 3018 salvari

256 3054 359 3111 nisi
390 3069 486 3125 per
509 3051 839 3123 baptismum
861 3064 1036 3122 aquae,
1067 3049 1151 3105 vel
1177 3067 1274 3121 per
1297 3049 1628 3122 baptismum
1647 3047 1955 3119 sanguinis,
1971 3049 2015 3104 si
2040 3057 2263 3123 propter

249 3129 531 3199 'Christum
574 3140 918 3212 occidantur3
964 3155 1029 3194 ex
1073 3153 1180 3212 quo
1214 3154 1323 3194 non
1367 3137 1542 3194 solum
1590 3136 1905 3205 Christiani,
1949 3138 2045 3193 sed
2093 3139 2261 3197 etiam

254 3234 525 3305 Martyres
561 3229 716 3294 fiunt,
754 3235 811 3283 ut
839 3229 1174 3300 Augustinus
1196 3228 1333 3284 dicit
1366 3227 1436 3283 de
1467 3225 1871 3290 Innocentibus.
1902 3226 1971 3283 Et
1998 3227 2077 3284 sic
2110 3234 2261 3302 patet

255 3321 398 3394 quod
427 3319 517 3374 ille
547 3333 680 3391 puer
709 3318 764 3372 in
793 3317 1010 3373 deserto
1037 3313 1276 3372 moriens
1296 3314 1413 3372 sine
1442 3313 1715 3388 baptismo
1740 3315 1973 3374 salutem
1996 3332 2103 3374 non
2116 3332 2263 3376 con-

255 3410 524 3484 sequitur.
1638 3477 1641 3480 ἢ

325 3499 410 3556 Ad
436 3499 671 3571 primum
695 3511 824 3569 ergo
863 3494 1176 3562 dicendum,
1207 3495 1352 3568 quod
1375 3485 1679 3552 secundum
1703 3496 1989 3569 quosdam,
2018 3502 2263 3567 tempore

255 3589 390 3662 legis
428 3595 643 3644 naturae
668 3602 776 3643 non
811 3585 1115 3642 sufficiebat
1151 3584 1221 3649 ad
1249 3585 1481 3642 salutem
1520 3585 1870 3658 parvulorum
1906 3583 2054 3640 sotus
2082 3587 2262 3644 motus

257 3679 382 3734 {idei
423 3677 482 3733 in
516 3675 850 3749 parentibuS,
891 3674 987 3731 sed
1019 3673 1398 3748 requirebatur
1434 3674 1617 3747 aliqua
1654 3673 1890 3729 exterior
1936 3671 2261 3744 protestatio

257 3766 384 3822 fidei
413 3782 510 3839 per
534 3765 759 3839 aliquod
799 3763 1052 3820 sensibile
1081 3765 1320 3836 signum.
1350 3763 1419 3820 Et
1457 3762 1755 3818 secundum
1804 3761 1905 3816 hoc
1940 3759 2071 3816 nihil
2100 3759 2261 3814 diffe-

257 3854 411 3912 rebat
449 3854 506 3911 id
539 3852 686 3928 quod
719 3860 850 3911 tunc
886 3852 1268 3927 requirebatur
1301 3853 1371 3909 ab
1399 3867 1465 3908 eo
1494 3850 1638 3922 quod
1678 3863 1823 3906 nunc
1862 3848 2162 3914 requiritur
2190 3849 2261 3920 ad

257 3943 514 4020 salutem,
547 3943 652 4002 nisi
675 3943 822 4018 quod
850 3958 992 4003 nunc
1019 3941 1152 4004 illud
1173 3943 1402 4016 siguum
1425 3938 1679 4000 sensibile
1706 3937 2259 4014 estdeterminatum.
