2800 4492
457 311 577 374 286
933 327 986 371 s.
1031 321 1264 369 ‘rnouAE
1303 319 1633 373 nonninus
1673 321 1983 372 oruscom

459 445 699 503 nondum
721 435 1006 501 exercitati
1031 439 1086 498 in
1113 439 1398 514 praeceptis
1427 449 1535 497 non
1564 440 1692 496 sunt
1731 439 1800 496 ad
1828 433 2151 511 religionem
2190 439 2474 498 trahendi.

527 533 634 591 Sed
657 538 846 590 contra
891 535 976 587 est
1021 529 1167 604 quod
1213 529 1416 586 dieitur
1440 540 1542 594 xx,
1567 533 1764 601 quaest.
1798 525 1873 585 2:
1905 525 1989 584 Sic
2026 528 2086 584 in
2125 526 2379 602 qualibet,
2414 529 2475 585 et

460 621 644 679 infra:
679 617 1000 677 Parentibus
1031 629 1157 674 sane
1179 615 1317 690 filios
1345 629 1467 695 suos
1498 617 1568 672 ad
1594 613 1905 689 reliyionem
1933 616 2150 673 tradere
2191 633 2299 672 non
2344 630 2477 674 um·-

457 710 604 783 plius
625 723 783 782 quam
809 707 959 766 ultra
981 705 1235 762 decimum
1260 712 1515 778 quartum
1541 719 1743 761 anuum
1767 705 1943 761 aetatis
1974 722 2085 761 suoe
2113 703 2333 763 licentia
2360 723 2476 762 esse

454 799 676 872 poterit.
707 793 910 853 Postea
937 809 1060 853 veno
1105 801 1197 851 aut
1229 792 1344 850 eum
1384 791 1655 849 voluntate
1691 801 1981 868 parentum
2034 805 2236 859 eorum,
2285 799 2381 848 aut
2421 789 2479 848 si

461 901 570 942 sure
615 881 904 943 devotionis
940 882 1012 940 sit
1048 881 1354 941 solitarium
1393 887 1593 948 vetunt,
1615 881 1721 936 erit
1769 879 1901 952 fili-is
1945 879 2156 938 licitum
2193 879 2477 954 veliyionis

462 991 726 1030 assumere
761 975 978 1030 cultum.
1008 972 1113 1030 Sed
1154 977 1276 1044 post
1313 969 1847 1044 quartumdecimum
1892 984 2094 1026 annum
2128 979 2236 1026 non
2278 970 2476 1025 statim

462 1069 589 1118 sunt
630 1062 874 1118 homines
921 1061 974 1115 in
1023 1058 1312 1132 praeceptis
1353 1056 1661 1114 exercitati.
1690 1054 1833 1128 Ergo
1872 1065 2100 1129 possunt
2150 1057 2477 1131 religionem

463 1147 671 1221 ingredi
701 1149 854 1223 pueri
881 1157 1173 1222 antequam
1202 1147 1393 1203 sintin
1426 1139 1712 1219 praeeeptis
1744 1146 2050 1204 exercitati.
2133 1185 2145 1194 .

535 1237 822 1304 Praeterea,
869 1239 1046 1309 majus
1075 1241 1158 1292 est
1187 1237 1333 1308 quod
1363 1233 1563 1307 aliquis
1588 1242 1898 1290 assumatur
1928 1235 1996 1290 ad
2027 1232 2269 1306 regimen
2306 1233 2389 1290 sui
2414 1239 2482 1292 et

465 1327 711 1394 aliorum,
745 1339 910 1400 quam
938 1325 1082 1399 quod
1118 1323 1417 1397 recipiatur
1448 1325 1500 1378 in
1531 1320 1811 1395 religione,
1856 1323 1908 1379 in
1948 1340 2055 1396 qua
2080 1325 2181 1380 sub
2211 1323 2483 1396 regimine

465 1415 688 1471 alterius
729 1415 882 1470 vivit.
927 1413 1030 1471 Sed
1071 1413 1322 1469 Salomon
1354 1405 1533 1468 adhue
1576 1425 1713 1483 puer
1747 1411 2005 1479 existenS,
2039 1421 2351 1485 assumptus
2390 1419 2483 1469 est

464 1503 535 1559 ad
563 1519 788 1574 regnum
820 1503 903 1558 sui
948 1508 1002 1558 et
1046 1499 1308 1568 aliorum
1351 1501 1497 1554 unde
1526 1494 1729 1555 dicitur
1759 1499 1779 1554 1
1810 1499 1985 1555 Paral.
2020 1511 2169 1557 xxix
2198 1517 2211 1556 ε
2245 1500 2485 1556 Locutus

464 1597 538 1646 est
577 1589 752 1647 David
790 1607 888 1646 rex
910 1589 979 1646 ad
1001 1605 1202 1646 omnem
1228 1586 1493 1644 ecclesiam
1537 1585 1904 1644 :Salomonem
1926 1587 2100 1659 filium
2128 1601 2301 1644 meum
2316 1586 2483 1661 ‘eligit

466 1681 606 1736 Deus
631 1679 801 1735 adhue
830 1693 1061 1750 puerum
1095 1684 1145 1733 et
1181 1677 1445 1734 tenellum.
1476 1675 1618 1748 Ergo
1652 1674 1821 1731 multo
1860 1678 2033 1748 magis
2062 1685 2291 1750 possunt
2322 1675 2481 1749 pueri

463 1782 570 1824 non
595 1765 880 1824 exercitati
908 1767 966 1821 in
993 1767 1284 1838 praeceptis
1313 1762 1382 1821 ad
1413 1761 1731 1836 religionem
1764 1765 1929 1838 recipi
1960 1763 2044 1821 vel
2074 1762 2275 1821 induci.

534 1858 826 1922 Praeterea,
855 1849 986 1908 illud
1017 1859 1206 1909 votum
1252 1865 1359 1908 non
1389 1860 1473 1909 est
1503 1850 1754 1908 illicitum
1785 1867 1853 1908 ex
1890 1868 1998 1926 quo
2030 1867 2133 1910 non
2176 1853 2484 1910 redduntur

465 1944 631 2016 aliqui
658 1943 755 2010 rei,
789 1943 836 1998 si
860 1941 1095 2004 solvant.
1121 1940 1246 2008 Sed,
1279 1941 1424 1997 sicut
1453 1940 1588 1997 dicit
1611 1941 1949 2007 AmbrosiuS,
1974 1941 2089 1997 ’illoe
2112 1955 2229 2013 quoe
2259 1941 2317 1997 in
2340 1953 2483 2014 pue-

467 2028 659 2088 rilibus
698 2029 858 2086 unitis
902 2027 1280 2085 continentiam
1321 2029 1599 2094 voverunt,
1648 2044 1755 2084 non
1804 2030 2209 2086 constituuntur
2258 2043 2392 2096 reoe,·
2429 2031 2485 2085 si

466 2127 644 2176 votum
663 2117 950 2176 exsolvant.
973 2113 1115 2190 Ergo
1135 2117 1280 2192 quod
1305 2116 1474 2190 aliqui
1498 2121 1626 2172 voto
1645 2113 2051 2232 adstringantur
2074 2118 2141 2176 ad
2159 2117 2483 2192 religionem

467 2210 526 2264 in
553 2207 848 2281 puerilibus
877 2209 1066 2274 annisf
1083 2223 1186 2263 non
1217 2213 1300 2263 est
1327 2204 1622 2262 illicitum.
1726 2214 1731 2220 ·

540 2299 827 2364 Praeterea,
861 2281 992 2352 nil'iil
1023 2302 1108 2352 est
1133 2293 1382 2352 illicitum
1416 2293 1511 2367 p'er
1537 2289 1683 2368 quod
1714 2289 1912 2368 aliquis
1940 2309 1971 2351 a
1998 2291 2139 2352 bono
2163 2308 2268 2352 non
2298 2299 2485 2354 retra-

469 2385 635 2441 hitur.
661 2383 764 2442 Sed
788 2385 879 2458 qui
900 2391 1230 2458 provocatur
1256 2383 1323 2440 ad
1345 2381 1591 2450 meliora,
1620 2397 1724 2438 non
1751 2381 2048 2438 retrahitur
2068 2397 2100 2440 a
2122 2383 2285 2441 bono.
2314 2385 2478 2457 Ergo,

467 2489 594 2530 cum
623 2480 800 2530 status
816 2473 1093 2544 religionis
1112 2473 1184 2528 sit
1209 2469 1419 2538 melior,
1450 2469 1503 2526 in
1526 2483 1635 2544 quo
1659 2467 2020 2526 observantur
2040 2472 2287 2540 oonsilio,
2315 2487 2485 2546 quam

468 2569 646 2619 status
688 2563 816 2618 vitae
849 2559 1131 2617 saecularis
1174 2559 1229 2615 in
1268 2573 1377 2632 quo
1414 2557 1739 2632 simpliciter
1775 2558 2137 2616 observantur
2168 2569 2478 2634 praeeepta3

471 2649 688 2706 videtur
717 2648 861 2721 quod
889 2662 992 2703 non
1017 2646 1090 2703 sit
1111 2646 1364 2702 illicitum
1391 2647 1651 2703 inducere
1679 2659 1878 2719 pueros
1907 2647 1975 2703 ad
2006 2646 2322 2720 religionem
2352 2655 2483 2707 voto

471 2738 555 2794 vel
586 2738 918 2808 jur-amente,
970 2736 1263 2791 autetiam
1304 2733 1588 2802 beneficio,
1632 2740 1926 2808 antequam
1968 2735 2021 2792 in
2051 2739 2342 2811 praeceptis
2371 2739 2483 2796 sint

474 2824 782 2881 exercitati.

542 2913 830 2977 Praeterea,
875 2921 977 2980 xx,
1019 2918 1218 2983 quaest.
1251 2909 1274 2964 4
1311 2907 1517 2966 dicitur
1550 2925 1563 2966 ε
1610 2911 1809 2968 Firma
1841 2912 1967 2969 tunc
2005 2909 2113 2969 erit
2150 2913 2487 2985 viryim'tatis

470 2999 749 3074 professio,
795 3015 860 3055 σω
899 2985 998 3071 q'uo
1025 2997 1212 3054 adulta
1241 2998 1360 3070 jam
1387 3005 1535 3056 aetas
1576 3015 1685 3056 esse
1709 3001 1943 3073 coeperit,
1986 3009 2034 3058 et
2064 3016 2179 3074 quoe
2202 3003 2329 3060 solet
2357 3011 2488 3076 opta

473 3089 680 3162 nuptiis
721 3087 993 3163 deputari.
1021 3087 1145 3144 -sed
1173 3101 1278 3144 non
1325 3089 1533 3143 statim-
1555 3089 1608 3142 in
1650 3089 1752 3145 hae
1790 3093 1955 3146 setate
1986 3091 2085 3146 viri
2121 3091 2203 3147 vel
2234 3088 2489 3149 mulieres

473 3184 600 3234 sunt
647 3178 936 3252 praeeeptis
991 3176 1298 3232 exercitati.
1347 3175 1490 3247 Ergo
1538 3175 1833 3248 antequem
1876 3177 2043 3251 aliqui
2092 3179 2145 3235 in
2199 3180 2489 3252 praeceptis

473 3265 858 3336 exercitentur,
887 3265 1034 3320 licite
1064 3270 1290 3338 possunt
1318 3264 1599 3334 religionis
1623 3267 1851 3338 astringi
1884 3275 2014 3325 voto
2038 3265 2125 3326 vel
2149 3269 2486 3342 juramento.

545 3355 837 3423 Praeterea,
877 3352 927 3408 si
957 3352 1083 3410 talis
1109 3352 1369 3424 obligatio
1398 3340 1548 3408 esset«
1576 3352 1790 3424 illicita,
1820 3355 2031 3412 scilicet
2060 3371 2167 3429 qua
2197 3351 2351 3429 pueri
2380 3369 2493 3413 non

473 3441 760 3500 exercitati
803 3441 859 3499 in
903 3441 1196 3515 praeceptis
1224 3445 1353 3498 voto
1383 3441 1470 3499 vel
1506 3444 1818 3515 juramento
1867 3441 1935 3501 ad
1982 3439 2303 3517 religionem
2348 3443 2497 3502 obli-

473 3537 702 3604 gantur;
747 3535 843 3588 aut
884 3529 988 3587 hoe
1013 3533 1161 3586 esset
1194 3530 1326 3603 quia
1361 3533 1447 3586 est
1490 3529 1789 3588 seeundum
1816 3545 1878 3588 se
1915 3532 2078 3599 mala,
2122 3541 2217 3590 aut
2244 3532 2377 3606 quia
2404 3539 2497 3591 est

474 3621 767 3694 prohibita.
805 3620 912 3678 Sed
951 3634 1059 3675 non
1087 3624 1170 3675 est
1200 3618 1501 3674 secundum
1525 3635 1584 3676 se
1625 3619 1803 3690 malm
1830 3619 1961 3695 quia
1984 3617 2066 3676 sic
2094 3621 2346 3678 executio
2376 3621 2500 3678 sive

409 3750 413 3755 -
474 3709 788 3782 adimpletio
831 3707 1230 3782 promissionis·
1259 3714 1404 3763 esset
1466 3708 1634 3780 pejor,
1684 3713 1741 3764 et
1780 3709 2183 3781 perseverantis
2216 3703 2496 3783 pessima3

503 3799 628 3870 ujus
665 3798 1003 3854 contrarium
1042 3795 1289 3852 videmus
1301 3811 1322 3864 ‚·
1363 3795 1491 3868 quia
1530 3796 1891 3872 adimplentes
1938 3815 2005 3857 ea
2048 3813 2175 3872 quae
2216 3799 2503 3874 promise·-

508 3891 607 3954 μοι
635 3886 688 3942 in
719 3883 1012 3965 puerilibus
1040 3883 1224 3952 annis,
1262 3883 1320 3946 et
1362 3885 1419 3944 ie
1456 3886 1741 3968 'promissis
1777 3895 2214 3970 perseverantes,
2254 3887 2499 3950 maximo
