2800 4492
743 337 854 390 111.
887 361 968 376 —
995 344 1425 398 Quemnam-um
1467 347 1753 394 ocuvtm
1806 377 1815 386 .
2138 326 2287 395 4232

221 462 510 520 rationem
553 453 692 519 idea}
727 454 1051 519 assimilatio
1097 461 1263 520 ideati
1308 463 1377 521 ad
1414 454 1607 536 ipsam.
1655 465 1758 524 Sed
1802 463 2063 530 ideatum,
2106 465 2281 522 idest·

223 565 321 608 res
341 560 556 618 creata,
583 551 756 622 magis
781 551 1115 609 assimilatur
1139 552 1324 609 divino
1349 553 1645 625 exemplari
1675 553 1974 610 secundum
2000 553 2251 623 formam,

227 654 410 711 a-qua
438 647 525 696 est
554 639 696 695 ratio
722 639 948 710 speciei,
977 655 1142 712 quam
1166 641 1466 696 secuudum
1497 641 1804 708 materiam,
1833 655 1959 714 quae
1992 647 2077 696 est
2102 641 2250 696 indi-

225 727 576 782 viduationis
618 727 963 800 principium.
1013 728 1156 800 Ergo
1206 729 1326 786 idea
1381 745 1478 801 per
1528 729 1681 802 prius
1734 730 1959 802 respicit
1996 737 2248 786 naturam

229 817 440 870 snm-ici
473 831 656 889 quam
644 816 1100 888 singularitatem
1125 817 2127 872 individui..

301 903 392 960 Re
423 903 636 976 pendeo
663 904 972 971 dicendum,
1007 905 1172 977 quod,
1205 921 1330 964 cum
1356 906 1411 971 in
1436 913 1618 962 mente
1638 906 1823 962 divina
1852 907 1963 962 sint
2004 907 2249 963 omnium

233 1001 620 1051 creaturarum
669 992 858 1049 formae
912 993 1266 1064 exemplares,
1311 1007 1443 1067 quae'
1484 995 1623 1052 ideae
1676 995 1951 1060 dicuntur,
1996 996 2141 1050 sicut
2192 996 2247 1050 in

233 1089 426 1137 mente
477 1081 704 1136 artificis
741 1080 930 1138 formae
973 1081 1422 1151 artificiatorum-;
1454 1083 1557 1139 hoc
1604 1089 1788 1138 tamen
1834 1083 2062 1139 interest
2104 1084 2250 1140 inter

235 1168 448 1224 formas
473 1167 814 1241 exemplares
836 1165 961 1242 quae'
987 1177 1114 1225 sunt
1143 1171 1198 1226 in
1221 1177 1404 1227 mente
1428 1171 1613 1228 divina
1641 1179 1697 1226 et
1731 1170 1783 1226 iu
1814 1178 1995 1226 mente
2018 1170 2249 1227 artificis

137 1247 142 1252 ’
236 1257 410 1313 creati
447 1274 460 1311 :
493 1257 640 1330 quod
664 1264 880 1313 creatus
912 1258 1108 1314 artifex
1137 1260 1251 1331 agit
1274 1276 1342 1314 ex
1367 1259 1761 1332 praesupposita
1790 1252 2071 1328 'mater-im
2106 1258 2249 1315 unde

237 1345 434 1403 formae
458 1346 795 1418 exemplares
823 1363 947 1427 quae
975 1356 1102 1404 sunt
1126 1348 1182 1404 in
1211 1355 1394 1404 mente
1412 1350 1551 1420 ejus„
1579 1363 1685 1404 non
1717 1355 1847 1404 sunt
1872 1349 2092 1405 factivae
2126 1363 2251 1406 ma-

240 1434 417 1501 teriae,
457 1451 584 1508 quae
618 1442 704 1490 est
734 1437 1184 1492 individuationis
1228 1436 1589 1510 principium;
1620 1437 1715 1492 sed
1763 1436 1935 1494 solius
1980 1437 2189 1502 formae,
2218 1453 2253 1494 a

238 1539 349 1597 qua
376 1532 462 1580 est
490 1524 701 1596 species
727 1524 1005 1580 artificiali
1037 1541 1050 1579 t
1085 1533 1140 1581 et
1165 1524 1286 1582 ideo
1318 1525 1481 1598 hujus
1522 1524 1712 1582 formae
1763 1525 2101 1597 exemplares
2141 1540 2249 1581 non

239 1612 545 1684 respiciunt
573 1612 780 1668 directe
803 1613 1155 1669 artificiatum
1181 1621 1445 1686 quantum
1459 1613 1527 1669 ad
1560 1612 1919 1682 individuum,
1946 1612 2042 1668 sed
2068 1628 2252 1685 quan-

241 1709 362 1756 tum
410 1701 480 1757 ad
533 1701 769 1773 speciem
818 1700 1022 1770 solum;
1071 1700 1262 1759 formae
1306 1710 1491 1760 autem
1544 1702 1882 1774 exemplares
1938 1701 2247 1758 intellectus

241 1789 414 1844 divini
444 1798 574 1846 sunt
601 1788 820 1850 factivae
847 1790 1018 1847 totius
1051 1792 1128 1846 rei
1153 1799 1210 1846 et
1237 1798 1503 1863 quantum
1538 1791 1605 1846 ad
1638 1791 1869 1846 formam
1894 1797 1947 1846 et
1978 1799 2247 1863 quantum

239 1879 308 1934 ad
337 1879 626 1934 materiam
656 1897 670 1932 z
701 1886 759 1934 et
787 1878 911 1934 ideo
951 1879 1249 1951 respiciunt
1287 1887 1599 1937 creaturam
1632 1895 1737 1936 non
1775 1879 1950 1936 solum
1979 1885 2245 1952 quantum

241 1969 308 2024 ad
341 1976 595 2023 naturam
624 1968 845 2040 speciei,
878 1968 974 2023 sed
1015 1969 1182 2025 etiam
1209 1977 1473 2042 quantum
1512 1971 1581 2026 ad
1622 1969 2059 2042 singularitatem
2100 1969 2252 2025 indi-

240 2057 438 2112 vidui:
468 2073 563 2128 per
601 2056 756 2130 prius
792 2062 977 2112 tamen
1021 2064 1286 2130 quantum
1323 2058 1392 2116 ad
1430 2065 1683 2116 naturam
1729 2058 1980 2130 speciei.
2007 2057 2153 2131 quod
2178 2073 2247 2114 ex

241 2143 346 2200 hoc
376 2153 549 2212 patet.

311 2231 607 2304 Exemplar
634 2232 778 2288 enim
809 2239 892 2288 est
939 2233 1007 2290 ad
1050 2235 1206 2305 cujus
1248 2232 1611 2290 imitationem
1636 2233 1695 2291 fit
1739 2187 1965 2307 aliquid.
1996 2233 2149 2291 Unde
2174 2232 2245 2290 ad

242 2321 516 2376 rationem
558 2320 884 2392 exemplaris
921 2322 1218 2394 requiritur
1245 2322 1390 2392 quod
1430 2322 1548 2394 ipsa
1591 2321 1911 2378 assimilatio
1954 2321 2133 2392 operis
2174 2320 2244 2376 ad

241 2408 522 2484 exemplar
551 2410 625 2466 sit
653 2411 866 2482 intenta
897 2409 967 2465 ab
990 2419 1188 2482 agente
1212 2427 1224 2464 :
1259 2410 1394 2467 alias
1421 2411 1544 2466 talis
1568 2409 1891 2466 assimilatio
1922 2425 2053 2465 casu
2092 2409 2245 2464 acci-

241 2499 420 2564 deret,
452 2504 508 2553 et
530 2514 634 2554 non
667 2498 965 2554 secundum
997 2499 1140 2554 viam
1165 2497 1615 2572 exemplaritatis.
1644 2499 1733 2554 Sic
1778 2514 1907 2570 ergo
1938 2499 1992 2553 in
2035 2497 2247 2554 ratione

242 2585 588 2660 exemplariS‚
619 2587 913 2644 in'cluditur
949 2588 1180 2646 intentio
1209 2589 1445 2660 agentis.
1475 2589 1557 2644 Ad
1582 2587 1685 2643 hoc
1729 2603 1823 2660 per
1868 2587 2020 2660 prius
2057 2603 2249 2644 exem-

240 2677 367 2749 plar
391 2661 802 2749 fespicitqdod
833 2693 999 2748 agens
1043 2677 1220 2749 primo
1245 2677 1483 2732 intendit
1528 2676 1581 2732 in
1624 2693 1805 2749 opere.
1835 2680 2017 2748 Agens
2060 2674 2247 2733 aute'm

243 2765 476 2838 quilibet
504 2764 877 2837 principaliter
904 2765 1135 2822 intendit
1163 2766 1217 2821 in
1247 2781 1410 2838 opere
1436 2765 1491 2821 id
1520 2767 1661 2840 quod
1688 2765 1979 2838 perfectius
2004 2774 2109 2822 est.
2129 2767 2249 2823 Na-

246 2863 369 2908 tura
383 2859 580 2909 autem
607 2853 807 2925 speciei
838 2861 920 2909 est
955 2853 1414 2926 perfectissimum
1450 2855 1503 2909 in
1546 2864 1874 2926 unoquoque
1918 2854 2197 2910 individuo
2228 2871 2242 2910 τ

243 2955 340 3012 per
375 2939 550 3012 ipsam
569 2939 720 3014 enim
747 2939 943 3012 duplex
967 2940 1304 3012 imperfectio
1329 2941 1641 3012 pei-licitum
1670 2940 2009 3012 imperfectio
2034 2940 2245 3014 scilicet

245 3030 513 3098 materian,
541 3042 666 3101 quae
694 3037 778 3084 est
803 3028 1204 3100 singularitatis
1223 3029 1584 3101 principium;
1612 3044 1757 3100 quae,
1786 3044 1913 3084 cum
1949 3029 2021 3084 sit
2060 3029 2113 3082 in
2145 3042 2249 3100 po-

245 3117 418 3186 tentia
447 3118 518 3174 ad
541 3117 771 3174 formam
809 3116 1032 3190 speciei,
1054 3116 1331 3189 perficitur
1356 3117 1577 3188 quando
1606 3120 1859 3171 naturam
1881 3115 2083 3186 speciei
2110 3131 2249 3171 con-

243 3206 494 3279 sequitur
525 3223 539 3261 :
569 3215 621 3263 et
643 3206 840 3262 iterum
859 3204 1196 3277 imperfectio
1222 3205 1413 3261 formae
1436 3201 1725 3274 generalis,
1756 3217 1881 3275 quae
1904 3217 1967 3258 se
1987 3201 2152 3260 habet
2176 3202 2249 3260 ad

242 3296 580 3362 differentias
624 3295 909 3367 specificas
946 3294 1002 3349 in
1049 3294 1291 3366 potentia
1329 3299 1392 3350 ut
1438 3291 1665 3348 materia
1701 3291 1771 3348 ad
1809 3292 2071 3361 formam;
2104 3292 2246 3352 unde

241 3385 454 3458 species
478 3384 874 3457 specialissima
901 3389 986 3439 est
1014 3384 1186 3455 primo
1216 3382 1271 3438 in
1299 3379 1603 3436 intentione
1626 3387 1856 3448 naturae,
1884 3387 1944 3436 ut
1972 3388 2122 3452 patet
2150 3397 2247 3452 per

241 3472 677 3534 Avicennamin
718 3473 892 3545 princ.
941 3485 1058 3527 suae
1103 3468 1340 3543 Metaph.
1399 3470 1521 3532 Non
1568 3469 1712 3526 enim
1764 3469 2249 3528 natura.intendit

242 3561 618 3639 principaliter
655 3576 917 3632 generare
937 3560 1252 3628 Socratem,
1283 3558 1421 3616 alias
1454 3559 1731 3615 destructo
1759 3559 1987 3616 Socrate
2019 3556 2153 3615 ordo
2190 3564 2247 3613 et

240 3652 480 3718 intentio
514 3659 727 3710 naturae
760 3651 992 3722 periret3
1026 3648 1260 3706 intendit
1289 3655 1477 3705 autem
1518 3648 1571 3703 in
1604 3649 1827 3712 Socrate
1856 3661 2119 3718 generare
2142 3644 2269 3704 ho-.

241 3739 808 3818 minem..·Similiter;
839 3754 947 3794 non
989 3737 1224 3794 intendit
1253 3736 1953 3810 principalitengenerare
2008 3733 2271 3803 animal;.

239 3831 486 3904 alioquin
519 3829 826 3904 quiesceret
851 3828 970 3899 eius
1005 3827 1172 3896 actio,
1202 3826 1423 3899 quando
1452 3824 1521 3879 ad
1550 3828 1802 3880 naturam
1830 3820 2082 3878 animalis
2116 3839 2247 3895 per-

123 3977 134 3983 -
238 3921 491 3998 duxisset
509 3925 534 3990 ;·
555 3925 682 3978 cum
712 3924 890 3976 tamen
928 3916 983 3991 in
1011 3915 1290 3990 individuo
1319 3919 1577 3988 generato
1602 3910 1753 3985 prius
1776 3909 2115 3985 compleatur
2139 3927 2249 3974 ua-
