2800 4492
805 351 918 404 111.
948 375 1029 388 —
1059 353 1485 408 Quonmen‘rum
1528 353 1823 409 nmmum
2201 345 2321 407 297

239 473 246 478 “
306 475 499 536 Matth.
527 485 631 532 x1v
657 490 672 530 ε
701 468 943 545 Quinque
966 465 1137 529 millia
1159 488 1264 544 pro
1292 470 1522 544 quinque
1544 471 1777 529 sensibus
1800 469 2063 549 corporis,
2095 477 2177 534 ita
2200 485 2323 534 sunt

309 565 404 640 qui
427 565 486 622 in
517 563 763 621 saeculari
793 561 978 620 habitu
1016 560 1371 618 exterioribus
1407 563 1545 618 recte
1566 559 1653 618 uti
1688 562 1937 621 noverint
1946 581 1967 632 ;
1997 563 2053 620 lai
2096 567 2323 640 quinque

301 653 554 728 panibus,
577 651 636 708 id
652 658 726 708 est
747 649 998 722 lcyalibus
1017 647 1298 721 praeceptis
1320 649 1516 715 ,adhuc
1540 665 1737 704 necesse
1762 657 1837 708 est
1862 659 1922 709 ut
1947 653 2323 712 instruantur.

305 743 450 802 Nam
473 742 566 814 qui
588 735 782 796 mundo
805 735 1011 810 inteqre
1039 734 1378 802 renuntiant,
1404 743 1638 810 quatuor
1665 737 1839 795 millia
1866 749 2014 808 sunt,
2050 749 2099 798 et
2128 752 2321 816 septem

307 831 553 906 panibus,
593 827 652 885 id
679 835 755 886 cst
801 823 1110 898 evangelicae
1148 826 1490 898 perfectioni,
1530 833 1659 882 sunt
1704 827 1921 894 similes,
1962 836 2013 887 ct
2046 829 2325 904 spirituali

308 921 491 995 qratia
517 913 860 990 reficiuntur.
905 914 1010 972 Sed
1052 914 1224 986 primo
1254 914 1407 988 pavit
1442 912 1705 970 Dominus
1736 919 1979 991 quinquo
2024 917 2190 975 miliia
2221 919 2323 976 ho-

309 1009 514 1066 minum
545 1023 612 1062 ex
635 1005 876 1078 quinque
902 1003 1134 1076 panibus
1175 1019 1342 1076 quam
1367 1009 1607 1075 quatuor
1630 1002 1799 1061 millia
1825 1022 1891 1061 ex
1921 1010 2153 1080 septem.
2182 1007 2323 1081 Ergo

309 1103 582 1174 praecepta
613 1101 740 1150 sunt
769 1091 972 1166 praevia
998 1090 1260 1158 consiliis,
1287 1098 1342 1147 et
1367 1108 1475 1147 non
1500 1107 1530 1148 e
1550 1107 1835 1149 converSO.

378 1189 434 1243 7.
464 1188 756 1249 Praeterea,
783 1177 1170 1254 dispositiones
1200 1181 1517 1254 praecedunt
1542 1179 1949 1253 perfectionem,
1978 1191 2034 1241 et
2060 1185 2322 1243 ordinan-

311 1283 399 1335 tur
429 1273 496 1332 ad
528 1271 723 1346 ipsam,
759 1269 865 1327 Sed
905 1275 1181 1341 praecepta
1209 1275 1336 1325 sunt
1365 1256 1753 1342 dispo'sitiones
1782 1271 1849 1329 ad
1886 1271 2147 1343 consilia;
2189 1274 2322 1333 dicit
2360 1288 2366 1294 '

308 1363 453 1422 enim
483 1361 677 1420 Glossa
709 1357 1025 1433 Hieronymi
1067 1358 1120 1413 in
1151 1353 1418 1431 principio
1457 1356 1623 1413 Marci
1665 1375 1677 1412 :
1714 1355 1957 1424 Quatuor
1980 1369 2106 1418 sunt
2143 1365 2321 1434 qnali-

309 1461 465 1518 tates,
485 1453 546 1508 de
573 1449 760 1524 quibus
782 1451 966 1504 sancta
990 1445 1284 1518 Evangelia
1307 1452 1702 1513 contexuntur3
1724 1455 2013 1520 praecepta,
2039 1451 2316 1519 mandata,

205 1539 213 1550 ’
309 1540 632 1604 testimonia,
657 1535 888 1608 exempla
915 1552 935 1592 .·
973 1532 1033 1589 in
1060 1533 1342 1606 praeceptis
1359 1533 1601 1606 justitia,
1632 1535 1690 1590 in
1721 1537 1991 1614 ntandalis
2014 1537 2237 1606 caritas,
2263 1541 2321 1595 in

310 1627 624 1691 testimoniis
646 1625 793 1698 fides,
820 1623 880 1680 in
905 1620 1154 1696 eoeemplis
1170 1622 1429 1696 perfectio
1439 1639 1459 1690 ,·
1488 1618 1555 1678 ad
1581 1637 1745 1696 quam
1768 1624 2042 1696 pertinent
2070 1623 2317 1696 consilia,

310 1729 366 1778 et
413 1735 520 1776 non
563 1734 592 1772 e
622 1730 906 1772 converso.

381 1815 434 1865 8.
465 1809 756 1869 Praeterea,
786 1801 960 1876 primo
992 1816 1098 1857 non
1128 1799 1211 1858 est
1237 1796 1443 1873 aliquid
1476 1799 1643 1870 prius..
1671 1797 1797 1869 Sed,
1826 1799 1967 1871 sicut
1997 1801 2130 1860 dicit
2163 1822 2321 1876 quae-

309 1901 438 1956 dam
467 1897 662 1953 Glossa
692 1907 855 1967 super
899 1889 1121 1960 psalm„
1161 1887 1362 1945 caritas
1381 1887 1561 1960 primo
1588 1897 1757 1946 movet
1784 1889 1962 1962 pedem
1990 1889 2060 1946 ad
2088 1893 2319 1950 reditum

309 1987 452 2048 vitoe.
499 1985 578 2042 De
619 1989 746 2040 actu
787 1985 972 2037 autem
1015 1977 1264 2036 caritatis
1305 1975 1505 2034 dantur
1551 1987 1847 2052 praecepta.
1895 1975 2034 2051 Ergo
2072 1981 2203 2036 nihii
2232 1993 2315 2040 est

307 2078 462 2150 prius
499 2069 554 2130 in
596 2068 706 2128 vita
749 2065 1020 2142 spirituaii
1056 2083 1222 2141 quam
1266 2075 1579 2139 praecepta3
1611 2084 1717 2122 non
1748 2083 1878 2140 ergo
1910 2069 2137 2126 consilia
2165 2071 2319 2128 ordi-

311 2173 510 2222 nantur
539 2161 608 2218 ad
638 2165 930 2234 praecepta,
963 2157 1059 2214 sed
1090 2155 1270 2229 potius
1297 2171 1329 2210 e
1361 2171 1645 2211 converso.

381 2257 435 2308 9.
475 2253 764 2328 Praeterea,
803 2262 969 2318 super
999 2242 1129 2300 illud
1163 2241 1360 2300 Psalm.
1401 2257 1559 2298 cxxx
1601 2259 1614 2297 z
1648 2241 1795 2298 Sicut
1832 2243 2125 2302 ablactatus
2160 2263 2320 2319 super
2383 2233 2392 2276 ’-

308 2348 534 2398 matrem
566 2355 739 2403 suam,
769 2344 899 2402 eto„
932 2333 1066 2391 dicit
1090 2329 1286 2400 Glossa
1314 2349 1327 2388 ε
1369 2331 1519 2386 Sicut
1544 2329 1770 2404 quinque
1794 2339 2031 2403 tempora
2058 2341 2321 2392 notantur

310 2431 372 2486 in
391 2427 760 2502 procreatione
794 2421 1027 2487 carnali,
1069 2417 1152 2478 ita
1191 2425 1242 2475 et
1275 2418 1336 2474 in
1361 2415 1666 2489 spirituali.
1696 2416 1947 2474 Primum
1971 2437 2094 2492 erqo
2121 2427 2321 2494 tempus

310 2525 386 2575 est
425 2509 792 2590 conceptionis,
821 2511 1104 2569 secundum
1146 2514 1221 2565 est
1251 2509 1309 2562 in
1338 2515 1493 2564 utero
1531 2505 1793 2572 alitionis,
1834 2507 2054 2565 tertium
2080 2508 2318 2566 emissio-

309 2609 415 2675 nis,
455 2613 707 2679 quartum
725 2597 1052 2676 portationis
1087 2605 1134 2654 et
1159 2595 1481 2668 lactationis,
1513 2595 1759 2668 quintum
1786 2594 2197 2654 ablactationis:
2242 2601 2322 2656 ita

311 2704 362 2755 et
397 2697 458 2752 in
495 2703 648 2752 utero
683 2687 880 2750 matris
916 2687 1181 2752 Ecclesiae,
1211 2685 1389 2758 primo
1436 2683 1789 2756 concipimur,
1836 2685 1962 2740 dum
1995 2685 2121 2757 fidei
2163 2689 2321 2745 rudi..

310 2785 501 2843 mentis
523 2778 884 2846 instruimur3
918 2775 1040 2834 inde
1067 2773 1221 2849 quasi
1258 2773 1318 2830 in
1342 2781 1497 2830 utero
1526 2771 1729 2829 alimur
1770 2771 1829 2828 in
1866 2773 2051 2830 iisdem
2078 2773 2320 2846 primor-

311 2875 416 2932 diis
441 2872 770 2946 proficientes
783 2886 802 2936 ,·
829 2867 1014 2924 deinde
1037 2864 1283 2920 manibus
1313 2859 1562 2919 Ecclesiae
1583 2869 1875 2934 portamur
1900 2869 1947 2918 ct
1973 2863 2105 2920 lacte
2132 2866 2319 2921 nutri-

313 2980 456 3029 mur,
484 2956 643 3017 donec
661 2960 778 3031 jam
807 2951 1176 3030 grandiusculi
1204 2970 1236 3008 a
1261 2953 1393 3008 lacte
1424 2949 1619 3006 matris
1646 2949 1950 3008 accedamus
1982 2953 2053 3008 ad
2093 2970 2323 3011 mensam

306 3051 509 3124 patris.
536 3049 603 3104 Et
629 3055 818 3124 postea
842 3043 1092 3101 subditur
1116 3059 1128 3097 z
1155 3039 1318 3098 Multi
1344 3055 1469 3095 vero
1496 3037 1633 3094 hunc
1654 3037 1898 3100 ordinem
1926 3048 2324 3111 perverterunt,

311 3148 375 3198 ut
403 3136 644 3196 haeretici
684 3143 734 3193 et
771 3131 1089 3191 schismatici
1116 3147 1168 3186 se
1205 3134 1329 3187 ante
1363 3129 1563 3201 tempus
1592 3144 1626 3182 a
1664 3129 1795 3185 lacte
1822 3134 2148 3199 separantes,
2187 3131 2327 3186 unde

313 3229 723 3299 extinquuntur.
763 3223 866 3280 Sed
905 3216 1147 3294 separari
1188 3235 1221 3276 a
1259 3217 1399 3274 lacto
1442 3223 1548 3286 est,
1578 3213 1916 3273 facilioribus
1958 3215 2216 3294 dimissis,
2256 3221 2323 3276 ad

313 3315 619 3376 difficiliora
646 3311 899 3368 transire.
925 3309 1059 3366 Cum
1093 3323 1222 3380 ergo
1251 3304 1477 3363 consilia
1516 3304 1625 3370 sint
1648 3302 1955 3362 difficiliora
1984 3323 2151 3382 quam
2180 3325 2326 3381 prae-

314 3416 493 3480 cepta‚
525 3403 745 3462 videtur
764 3397 908 3477 quod
934 3397 1178 3478 periculo
1201 3393 1553 3458 extinctionis
1576 3411 1635 3450 se
1656 3404 1932 3468 exponant
1960 3393 2054 3469 qui
2085 3394 2153 3454 ad
2189 3414 2326 3455 con-

316 3496 438 3554 eilia
478 3494 766 3558 accedunt,
813 3490 916 3546 nisi
954 3488 1108 3565 prius
1147 3484 1366 3543 educati
1413 3486 1466 3540 in
1511 3482 1834 3559 praecepti83
1879 3492 2153 3559 praecepta
2195 3503 2326 3559 ergo

318 3583 638 3641 ordinantur
661 3579 732 3639 ad
761 3573 1006 3644 consilia,
1041 3583 1095 3632 et
1120 3591 1224 3632 non
1255 3591 1285 3630 e
1309 3589 1596 3631 converso.
1886 3640 1893 3648 ⁶

390 3673 479 3728 ⁴0.
505 3673 793 3736 Praeterea,
826 3663 1127 3738 Gregorius
1153 3659 1288 3721 dicit
1313 3680 1478 3737 super
1511 3659 1710 3719 Ezech.
1745 3680 1759 3720 z
1787 3659 1937 3730 Quod
1964 3670 2039 3720 est
2080 3679 2145 3718 ex
2176 3679 2332 3735 prae-

321 3766 464 3832 cepto
495 3755 680 3814 bonum
707 3755 904 3830 facere,
927 3751 1280 3811 inchoandum
1303 3757 1396 3809 est.
1427 3751 1531 3808 Sed
1564 3751 1618 3807 id
1639 3749 1785 3823 quod
1816 3758 1899 3806 est
1930 3745 2327 3822 incipientium,

321 3848 641 3912 ordinantur
671 3845 738 3902 ad
776 3845 830 3901 id
870 3844 1015 3916 quod
1045 3841 1395 3916 perfectionis
1428 3847 1532 3907 est,
1564 3840 1621 3894 et
1662 3853 1768 3894 non
1807 3854 1837 3895 e
1878 3853 2159 3898 converso.
2188 3839 2331 3912 Ergo

323 3941 602 4010 praecepta
621 3925 940 3992 ordinantur
965 3925 1036 3990 ad
1060 3923 1307 3999 consilia,
1331 3931 1387 3986 et
1411 3943 1518 3986 non
1547 3943 1578 3984 e
1603 3937 1889 3986 converso.
2256 3923 2261 3926 '
