2800 4492
736 333 827 378 xi.
853 345 935 364 —
958 332 1028 378 m
1075 332 1346 378 nonnum
1383 333 1465 380 nn
1504 333 1836 384 ‘ramirus
2170 322 2285 385 121

267 447 439 526 quem
471 457 556 508 est
594 465 610 506 z
639 449 740 507 sed
768 449 1014 531 omnium
1041 449 1400 507 scientiarum
1422 449 1889 524 speculativarum
1919 454 2297 514 consideratio.

267 541 556 598 ordinatur
583 539 729 596 sicut
747 538 818 596 ad
832 539 994 595 finem
1019 539 1078 595 in
1099 538 1413 612 cognitione
1430 539 1865 599 substantiarum
1884 551 2283 616 separatarum,

268 630 402 704 quia
422 628 882 703 perfectissimum
907 627 964 683 in
983 627 1228 700 quolibet
1255 643 1457 700 genere
1475 636 1561 686 est
1584 629 1737 698 finis;
1761 643 1895 702 ergo
1918 631 1965 687 si
1986 647 2087 706 per
2102 633 2291 689 scien-

269 718 378 774 tias
437 717 808 790 speculativas
862 715 1174 788 hujusmodi
1228 715 1555 774 substantia>
1613 717 1845 791 intelligi
1884 735 1995 778 non
2041 728 2282 793 possent,

269 821 460 864 omnes
483 803 732 863 scientim
757 809 944 861 essent
968 804 1188 871 frustra,
1219 805 1366 878 quod
1389 813 1476 862 est
1494 805 1903 864 inconveniens.

334 897 412 952 5.·
443 895 600 962 ltem,
631 909 792 950 omne
831 892 978 966 quod
1024 893 1314 950 ordinatur
1350 894 1677 952 naturaliter
1717 895 1774 952 in
1817 895 1981 952 finem
2021 896 2283 970 aliquem,

266 983 434 1041 habet
457 983 751 1056 praeindita
771 981 957 1055 aliqua
981 982 1269 1054 principia,
1301 983 1505 1055 quibus
1525 988 1709 1056 potest
1735 985 2023 1056 pervenire
2044 985 2101 1040 in
2132 984 2287 1043 illum

267 1073 453 1140 finem,
493 1071 827 1128 naturalium
863 1071 1012 1128 enim
1053 1071 1357 1128 motionum
1399 1073 1731 1144 principium
1768 1079 1853 1128 est
1887 1079 2084 1130 natura
2125 1091 2140 1130 ε
2188 1076 2287 1132 sed

265 1161 432 1217 homo
475 1159 800 1217 naturaliter
845 1165 932 1214 est
981 1159 1268 1216 ordinatus
1321 1159 1392 1216 ad
1449 1160 1819 1232 cognitionem
1854 1161 2287 1234 substantiarum

266 1249 714 1308 immaterialium
754 1248 997 1305 sicut-ad
1027 1249 1208 1317 linem,
1249 1254 1311 1306 ut
1350 1265 1384 1307 a
1425 1250 1643 1307 Sanctis
1685 1248 1990 1322 Prophetis,
2021 1258 2081 1308 et
2106 1253 2288 1327 philo-

265 1339 454 1412 sophis
479 1338 746 1407 traditum
773 1353 902 1410 orgo
927 1336 1092 1394 babet
1114 1339 1174 1394 in
1196 1354 1254 1394 se
1275 1337 1463 1412 aliqua
1490 1339 1761 1412 principia
1788 1339 1937 1398 illius
1957 1342 2288 1413 cognitionis

267 1428 592 1486 naturaliter
616 1427 790 1484 indita
826 1442 841 1483 z
871 1427 966 1483 sed
1003 1442 1164 1484 omne
1191 1426 1326 1484 illud
1353 1428 1412 1487 in
1436 1426 1583 1501 quod
1608 1443 1899 1501 possumus
1927 1429 2187 1488 devenire
2220 1449 2287 1489 ex

237 1507 553 1591 'principiis
587 1515 914 1574 naturaliter
940 1515 1106 1584 notis,
1137 1516 1377 1588 pertinet
1412 1515 1485 1573 ad
1520 1515 2014 1575 considerationem
2056 1518 2287 1592 alicujus

267 1605 514 1662 scientiae
535 1605 920 1678 speculativae3
945 1619 1078 1676 ergo
1103 1604 1348 1676 cognitio
1365 1603 1800 1662 substantiarum
1822 1606 2191 1666 materialium
2214 1610 2283 1666 ad

268 1694 484 1768 aliquas
509 1695 770 1750 scientias
789 1693 1160 1766 speculativas
1188 1693 1448 1765 pertinet.

335 1784 444 1842 Sed
471 1790 666 1842 contra
699 1788 804 1850 est,
837 1783 984 1856 quod
1021 1783 1435 1839 commentator
1468 1781 1605 1838 dicit
1649 1798 1717 1839 m
1756 1782 1827 1840 de
1868 1784 2087 1843 Anima.
2126 1777 2283 1857 Quod

268 1873 341 1931 ad
366 1872 510 1930 hanc
535 1871 864 1946 positionem
887 1871 1138 1944 sequitur
1164 1870 1252 1929 vel
1279 1870 1431 1945 quod
1470 1871 1719 1928 scientim
1746 1872 2104 1945 speculativae
2141 1890 2284 1932 non-

266 1962 400 2020 dum
416 1960 528 2018 sint
547 1961 824 2035 perfectas,
845 1975 974 2016 cum
997 1958 1107 2016 illae
1129 1959 1380 2017 scientias
1402 1959 1645 2016 nondum
1668 1959 1780 2016 sint
1797 1961 2055 2034 inventae,
2082 1963 2285 2037 quibus

265 2064 558 2124 possumus
596 2047 936 2106 substantias
959 2054 1244 2120 separatas
1266 2047 1593 2118 intelligere,
1620 2043 1807 2106 et'hoc
1834 2049 1884 2106 sl
1907 2045 2190 2126 contingat
2216 2071 2283 2110 ex

265 2139 577 2211 ignorantia
633 2137 943 2209 aliquorum
996 2136 1411 2210 principiorum,
1459 2137 1607 2210 quod
1648 2138 1891 2196 nondum
1946 2139 2284 2202 substantias

265 2227 562 2302 praedictas
585 2225 958 2298 intelligamus
982 2240 997 2279 :
1022 2224 1109 2284 vel
1135 2226 1182 2282 si
1206 2226 1491 2298 contingat
1516 2239 1581 2282 ex
1606 2226 1821 2285 defectu
1847 2234 2051 2288 nostra>
2074 2242 2285 2291 naturae

267 2317 416 2390 quod
462 2329 569 2372 non
615 2328 902 2388 possumus
948 2313 1210 2371 scientias
1253 2313 1376 2370 illas
1422 2314 1687 2384 invenire,
1750 2318 2003 2391 sequitur
2044 2323 2191 2394 quod
2235 2323 2284 2380 si

268 2403 440 2478 aliqui
479 2403 598 2460 nati
633 2410 762 2460 sunt
805 2401 1119 2475 hujusmodi
1159 2401 1424 2459 scientias
1451 2403 1715 2472 invenire,
1760 2405 1908 2478 quod
1949 2421 2049 2464 nos
2094 2417 2151 2466 et
2177 2411 2282 2483 ipsi

264 2493 551 2567 aequivoce
575 2493 748 2548 simus
786 2490 1052 2559 homines,
1101 2505 1336 2564 qnorum
1362 2490 1601 2564 primum
1643 2499 1729 2549 est
1766 2492 2144 2566 improbabile,
2191 2514 2281 2554 se-

265 2583 508 2641 cundum
535 2579 869 2654 impossibile
882 2597 898 2650 3
911 2594 1044 2652 ergo
1065 2595 1175 2636 non
1199 2584 1382 2652 potest
1406 2579 1510 2635 boc
1531 2595 1653 2637 esso
1672 2597 1773 2655 per
1789 2580 2004 2656 aliquas
2019 2585 2280 2644 scientias
2394 2595 2401 2601 ·

265 2670 654 2747 speculativas,
684 2669 830 2743 quod
853 2667 1166 2741 hujusmodi
1193 2666 1537 2750 substantias
1559 2668 1949 2742 intelligamus·

334 2762 494 2827 item,
521 2759 576 2815 in
604 2758 852 2816 scientiis
874 2756 1228 2831 speculativis
1249 2756 1652 2830 investigantur
1674 2757 2041 2834 definitiones,
2082 2763 2279 2838 quibus

265 2865 452 2909 rernm
478 2848 732 2905 essentias
770 2845 1152 2919 intelliguntur
1177 2859 1276 2920 per
1299 2847 1451 2904 viam
1478 2846 1764 2905 divisionis
1791 2850 2010 2921 generis
2033 2851 2091 2908 in
2119 2853 2280 2911 diffe-

266 2939 508 3008 rentias,
548 2942 608 2993 et
660 2950 757 3010 per
796 2935 1275 3006 investigationem
1316 2949 1609 2992 causarum
1655 2935 1754 3004 rei,
1807 2943 1863 2993 et
1915 2940 2281 3000 accidentium

267 3028 461 3102 ipsius,
494 3041 620 3101 quas
663 3039 919 3096 magnam
954 3031 1167 3096 partem
1209 3022 1499 3080 conferunt
1541 3023 1612 3080 ad
1656 3027 2096 3098 cognoscendum
2134 3031 2283 3104 quod

268 3116 401 3191 qnid
443 3121 530 3171 est
569 3132 584 3171 ε
623 3113 721 3170 sed
769 3113 857 3168 bic
901 3127 1009 3169 non
1053 3127 1340 3184 possumus
1367 3113 1438 3168 de
1478 3112 1800 3170 substantiis
1828 3114 2283 3177 immaterialibus

267 3219 618 3278 cognoscere,
647 3197 797 3276 quia,
815 3207 881 3259 ut
908 3201 1118 3259 dictum
1141 3209 1245 3269 est,
1280 3201 1605 3259 naturaliter
1633 3199 1923 3276 loquendo,
1942 3219 2049 3263 non
2077 3223 2284 3266 conve-

266 3295 428 3352 niunt
465 3295 521 3350 in
564 3307 764 3366 genere
807 3307 934 3349 cum
974 3291 1095 3348 istis
1130 3289 1479 3348 sensibilibus
1518 3290 1841 3349 substantiis
1879 3294 2035 3354 nobis
2074 3300 2221 3357 notis
2263 3316 2278 3356 ε

267 3398 495 3443 causam
519 3389 704 3439 autem
727 3380 814 3439 vel
835 3395 943 3437 non
966 3374 1189 3448 liabent,
1218 3385 1280 3436 ut
1299 3372 1466 3446 Deu's,
1490 3379 1575 3439 vel
1600 3386 1687 3438 est
1712 3380 1870 3440 nobis
1888 3385 2276 3457 occultissima,

268 3474 416 3532 sicut
429 3487 598 3530 causa
612 3469 962 3544 Angelorum,
980 3469 1289 3527 accidentia
1306 3469 1475 3526 etiam
1490 3469 1734 3542 ipsorum
1752 3477 1879 3529 sunt
1898 3474 2054 3534 nobis
2073 3477 2281 3550 ignom

267 3574 402 3635 ergo
426 3576 533 3619 non
560 3564 744 3635 potest
773 3557 960 3632 aliqua
988 3556 1220 3615 scientia
1243 3556 1583 3632 speculativa
1609 3573 1751 3629 esse,
1776 3577 1876 3636 per
1898 3577 2066 3638 quam
2090 3566 2288 3624 venia-

264 3663 394 3712 mus
421 3651 493 3709 ad
519 3645 937 3723 intelligendum
962 3646 1301 3706 substantias
1323 3648 1737 3709 immateriales.
1982 3669 1989 3675 ·

283 3736 298 3744 “
339 3741 504 3811 Item,
530 3739 589 3797 in
615 3739 864 3797 scientiis
890 3735 1243 3810 speculativis
1277 3752 1464 3795 rerum
1490 3739 1746 3798 essentiae
1776 3756 1876 3814 per
1916 3742 2286 3805 definitionem

267 3835 676 3904 cognoscuntur
715 3845 731 3887 ε
775 3827 1021 3886 definitio
1060 3831 1243 3886 autem
1270 3832 1356 3885 est
1383 3842 1565 3912 sermo
1593 3827 1822 3903 quidam
1848 3831 2184 3906 compositus
2220 3847 2287 3896 e'x

181 3969 186 3978 .
267 3929 473 3998 genere
513 3925 570 3978 et
613 3914 938 3988 differentiis
965 3916 1436 3993 substantiarum,
1485 3921 1583 3978 aut
1614 3915 1837 3981 illarum
1863 3921 2119 3998 essentias
2159 3931 2287 3986 sunt
