2800 4492
729 343 843 402 χιι.
874 361 955 378 -
983 345 1408 398 ouonmau'ruu
1450 345 1761 396 sum-mnu
1924 396 1937 408 ,
2126 339 2247 402 389

223 463 374 542 phus
399 463 472 524 de
501 461 634 539 fieri
663 462 724 524 iu
757 478 821 524 vl
846 463 1088 538 Physic„
1117 463 1212 520 ubi
1240 465 1481 537 ostendit
1506 467 1654 541 quod
1690 481 1852 526 omne
1883 467 2089 543 sactum
2139 489 2244 530 esse

223 555 500 630 praecedit
515 553 664 628 fieri,
688 559 744 610 et
771 569 931 610 omne
960 551 1088 626 fieri
1111 552 1374 626 praecedit
1395 553 1601 631 factum
1637 572 1775 626 esse,·
1800 561 1857 614 et
1896 557 1978 617 sic
2014 577 2121 618 non
2158 571 2243 619 est

227 661 425 703 verum
455 643 604 720 quod
629 642 838 718 aliquid
874 642 974 702 fiat
1001 647 1059 700 et
1095 641 1304 702 factum
1341 643 1444 714 sit;
1470 645 1566 702 sed
1606 645 1688 704 sic
1733 651 1819 704 est
1862 663 2053 707 verum
2094 645 2249 724 quod

227 735 368 792 illud
391 734 541 810 quod
565 733 646 804 fit,
677 748 785 790 non
812 738 916 790 est.
948 730 1071 790 Alio
1112 733 1273 791 modo
1296 732 1502 791 dicitur
1525 735 1643 792 fieri
1670 751 1760 793 res
1800 738 2019 812 quando
2064 739 2243 799 intro-

227 824 454 880 ducitur
475 822 680 892 forma3
713 828 769 879 et
796 821 878 878 sic
899 821 1026 894 fieri
1049 837 1158 880 non
1186 827 1271 879 est
1292 821 1523 893 moveri,
1552 825 1649 882 sed
1684 827 1967 886 terminari
1997 835 2237 901 motum;

231 913 378 971 unde
404 910 549 970 sicut
587 911 750 970 simul
779 917 958 970 motus
988 911 1315 970 terminatur
1343 915 1401 970 et
1446 915 1772 972 terminatus
1819 924 1939 988 est;
1969 915 2051 975 ita
2076 918 2239 976 simul

223 1001 446 1075 aliquid
471 1001 534 1058 fit
564 1006 620 1057 et
646 1000 855 1058 factum
875 1008 989 1070 εει;
1019 1001 1116 1059 sed
1156 1001 1261 1059 hoc
1285 995 1449 1060 modo
1491 1002 1625 1081 illud
1662 1003 1809 1078 quod
1844 1005 1927 1075 fit,
1960 1015 2079 1078 est;
2110 1008 2240 1083 quia

227 1092 500 1150 terminus
537 1089 792 1148 factionis
831 1098 916 1148 est
957 1107 1081 1159 asse,
1112 1091 1170 1148 in
1209 1107 1319 1165 quo
1353 1092 1578 1166 ponitur
1623 1107 1742 1150 esse
1779 1093 1915 1152 illud
1956 1111 2063 1154 esse
2090 1099 2238 1174 quod

226 1181 436 1240 dicitnr
460 1180 566 1239 hoc
586 1180 749 1241 modo
777 1180 1004 1240 moveri.
1084 1218 1088 1222 -

931 1358 1388 1423 ARTICULUS
1449 1358 1533 1422 X.

239 1497 466 1562 Utrum
490 1495 660 1558 Deus
679 1491 878 1574 possit
901 1495 1098 1572 facere
1137 1492 1300 1573 quod
1337 1491 1543 1558 albedo
1584 1499 1697 1564 aut
1728 1494 1941 1577 aliqua
1964 1499 2238 1580 qualitas

308 1585 649 1666 corporalis
673 1582 908 1648 sicsine
932 1583 1342 1672 quantitate.
1325 1615 1407 1629 -—
1429 1581 1931 1664 (Perikermenias
1958 1587 2092 1652 leot.
2136 1592 2233 1666 10,

303 1676 376 1740 in
392 1673 598 1755 princ.
606 1672 630 1753 )

295 1807 385 1866 Ad
407 1804 633 1864 tertium
656 1805 737 1861 sic
764 1804 1100 1879 proceditur.
1131 1807 1185 1862 1.
1211 1804 1441 1864 Videtur
1462 1806 1609 1880 quod
1638 1809 1785 1866 Deus
1812 1823 1921 1866 non
1946 1811 2119 1884 possit
2146 1813 2237 1871 sa-

224 1911 352 1952 cere
379 1894 527 1969 quod
553 1892 747 1951 albedo
775 1900 870 1973 aut
913 1891 1096 1966 aliqua
1129 1893 1370 1966 qualitas
1406 1894 1705 1969 corporalis
1740 1895 1815 1954 sit
1851 1889 1977 1956 sine
2013 1901 2239 1973 quanti-

226 1991 364 2042 tate.
393 1984 535 2055 Quia
574 1982 854 2056 quantitas
891 1990 976 2040 est
1015 1982 1190 2055 prima
1235 1981 1521 2057 dispositio
1565 1985 1831 2059 corporJS,
1876 2003 1945 2044 ex
1978 2001 2044 2046 eo
2087 1993 2233 2064 quod

223 2072 546 2132 immediate
574 2072 818 2130 adhaeret
849 2069 1191 2140 substantiae,
1226 2077 1287 2128 ut
1313 2071 1452 2128 dicit
1496 2073 1735 2130 Boetius.
1766 2075 1872 2130 Sed
1912 2077 2148 2150 primum
2178 2079 2234 2136 in

225 2163 473 2238 quolibet
513 2177 710 2233 genere
749 2165 837 2218 est
881 2175 1046 2216 causa
1089 2175 1278 2218 eorum
1318 2175 1449 2236 quae
1482 2159 1793 2234 suntpo'st,
1829 2168 1891 2220 ut
1936 2165 2140 2222 dicitur
2177 2167 2233 2226 in

223 2268 270 2312 11
313 2248 556 2322 Metaph.
587 2249 741 2322 (text.
773 2261 918 2308 com.
944 2247 1014 2318 3).
1042 2247 1184 2319 Ergo
1221 2263 1256 2304 a
1295 2246 1608 2321 quantitate
1646 2245 1849 2306 habeut
1900 2253 2083 2309 omnia
2126 2253 2233 2310 alia

224 2338 538 2398 accidentia
565 2336 712 2411 quod
739 2333 848 2392 sint
867 2334 1254 2408 dispositiones
1281 2334 1637 2410 corporales.
1664 2352 1794 2411 ergo
1816 2346 2029 2410 remota
2054 2357 2235 2415 quan-

225 2432 404 2496 titate,
433 2425 582 2484 nulla
610 2424 850 2499 qualitas
875 2423 1174 2498 corporalis
1197 2430 1528 2482 remaneret.

293 2525 349 2578 2.
381 2519 676 2581 Praeterea,
704 2512 944 2586 qualitas
963 2511 1285 2585 spiritualiS,
1317 2521 1381 2569 ut
1418 2513 1648 2574 scientia
1669 2513 1759 2572 vel
1784 2513 1978 2585 virtus,
2010 2525 2095 2575 est
2132 2533 2235 2576 no-

221 2609 385 2668 bilior
432 2619 600 2681 quam
644 2602 883 2678 qualitas
923 2601 1243 2675 corporalis,
1289 2602 1396 2659 Sed
1436 2603 1674 2676 qualitas
1714 2604 2013 2678 spiritualis
2066 2607 2233 2666 etiam

223 2695 555 2756 miraculose
579 2707 690 2750 nou
715 2697 900 2766 posset
928 2706 1048 2748 εεεε
1087 2689 1206 2748 siue
1246 2691 1495 2764 subjecto
1524 2697 1587 2748 ut
1616 2691 1853 2754 videtur.
1879 2695 2022 2770 Ergo
2060 2699 2231 2760 multo

225 2787 408 2845 minus
431 2782 669 2860 qualitas
695 2778 938 2855 corporis
967 2784 1150 2854 posset
1177 2794 1300 2838 esse
1339 2779 1459 2838 sine
1491 2781 1758 2856 subjecto,
1786 2785 1857 2842 ad
1882 2787 2063 2845 miuus
2086 2790 2231 2862 quod

224 2883 310 2934 est
335 2874 641 2948 quantitaS.

291 2969 348 3022 3.
378 2966 673 3028 Praeterea,
702 2958 876 3032 magis
901 2962 984 3016 est
1010 2962 1281 3026 remotum
1305 2969 1338 3016 a
1360 2965 1561 3018 natura
1586 2963 1735 3036 quod
1767 2963 2007 3035 qualitas
2032 2971 2235 3041 corpo·-

225 3055 356 3112 ralis
379 3053 456 3110 sit
483 3050 701 3108 omnino
725 3047 842 3105 sine
873 3047 1140 3120 subjecto,
1169 3064 1334 3122 quam
1372 3049 1521 3122 quod
1557 3050 1637 3108 sit
1673 3050 1730 3106 in
1772 3051 2021 3123 subjecto
2064 3055 2233 3128 spiri-

225 3144 356 3202 tuali
393 3141 573 3216 :quia
610 3154 731 3196 esse
772 3137 832 3194 in
875 3137 1126 3209 subjecto
1153 3137 1426 3212 spirituali
1467 3144 1552 3195 est
1587 3137 2229 3214 qualitatis‘spiritualis‚

225 3249 350 3307 quae
403 3235 490 3288 est
533 3229 591 3286 in
641 3225 1067 3300 praedicamento
1109 3225 1304 3298 eodem
1331 3240 1466 3282 cum
1493 3225 1763 3299 qualitate
1801 3231 2102 3303 corporali:
2130 3235 2260 3304 sed„

226 3339 344 3380 esse
372 3317 595 3378 omnino
618 3318 736 3374 sine
761 3314 1007 3386 subjecto
1031 3321 1115 3370 est
1142 3312 1490 3383 substantiae,
1520 3330 1647 3388 quae
1675 3323 1759 3374 est
1784 3316 1933 3377 aliud
1956 3322 2235 3394 praedica-

226 3416 492 3468 mentum.
515 3407 620 3466 Sed
649 3421 758 3462 non
779 3408 968 3479 posset
991 3399 1317 3460 miraculose
1347 3401 1469 3459 fieri
1495 3404 1643 3479 quod
1668 3406 1911 3480 qualitas
1932 3411 2231 3485 corporalis

223 3509 370 3558 esset
410 3499 470 3556 in
512 3495 757 3569 subjecto
801 3490 1094 3566 spirituali,
1140 3495 1204 3548 ut
1251 3488 1449 3548 albedo
1501 3491 1559 3549 in
1602 3494 1833 3567 Ange10.
1872 3499 2015 3571 Ergo
2056 3499 2229 3555 multo

221 3590 406 3647 minus
427 3590 613 3660 potest
637 3582 755 3640 fieri
784 3581 932 3656 quod
961 3579 1200 3656 qualitas
1227 3579 1527 3656 corporalis
1546 3597 1655 3650 nou
1678 3583 1877 3646 habeat
1900 3577 2226 3661 subjectum,

223 3678 295 3738 ad⁴
317 3678 504 3736 minus
530 3664 918 3747 quantitatem.

290 3769 346 3825 4.
373 3768 672 3832 Praeterea,
698 3760 872 3834 magis
897 3759 1169 3832 dependet
1195 3757 1437 3833 qualitas
1464 3775 1499 3816 a
1522 3753 1828 3818 substantia
1852 3778 2018 3835 quam
2042 3779 2074 3822 ε
2094 3778 2233 3823 con-

219 3871 402 3919 verso.
433 3853 544 3912 Sed
580 3853 728 3910 Deus
749 3865 862 3908 non
893 3855 1078 3922 posset
1103 3846 1286 3906 facere
1310 3846 1553 3920 aliquam
1586 3847 1961 3910 substantiam·
1988 3861 2232 3914 creatam

215 3947 434 4024 ,absque
474 3941 626 4002 omni
659 3939 977 4011 accident03
1007 3937 1138 4014 quia
1181 3935 1252 3996 ad
1293 3935 1475 3996 minus
1519 3941 1735 4010 oportet
1775 3939 1923 4013 quod
1966 3953 2235 4006 creaturae
