2800 4492
481 324 602 386 376
957 340 1009 386 ι.
1055 337 1290 384 monas
1329 335 1657 388 Aonii-tans
1698 331 2005 382 ornacum

1181 598 1641 662 ARTICULUS
1682 539 1791 658 131.

495 749 715 816 Utrum
741 729 1083 813 intellectus
1105 749 1416 830 anyelious
1431 749 1630 828 possit
1657 763 1997 829 coynoscere
2016 745 2390 827 ainyularia.
2420 777 2517 792 -

568 840 627 920 (1
653 844 849 918 parc„
874 841 1082 919 quoest.
1115 839 1216 914 57,
1247 843 1371 901 arc.
1406 838 1477 916 23
1508 842 1565 900 et
1587 838 1658 900 de
1702 836 1832 903 Ver.
1865 839 2076 917 quast.
2109 837 2170 910 8,
2198 838 2323 898 art.
2352 835 2413 910 2,
2446 839 2515 896 et

565 933 774 1009 quoest.
811 928 908 1001 10,
941 930 1065 989 art.
1092 927 1179 1006 5).

556 1078 641 1135 Ad
665 1077 887 1134 tertium
907 1076 989 1134 sic
1017 1074 1350 1147 proceditur.
1377 1075 1431 1129 t.
1454 1074 1685 1133 Videtur
1710 1073 1857 1149 quod
1888 1073 2199 1131 intellectus
2218 1073 2513 1146 angelicus

453 1157 470 1174 ⁸
489 1171 594 1222 non
618 1168 793 1239 possit
813 1180 1143 1238 cognoscere
1169 1163 1491 1236 singularia.
1516 1163 1574 1219 Si
1590 1163 1735 1220 enim
1757 1163 2072 1236 cognoscit;
2096 1171 2190 1219 aut
2216 1166 2512 1236 cognoscit

488 1270 584 1327 per
611 1254 850 1326 speciem
872 1254 1324 1327 acquisitam,aut
1354 1267 1451 1323 per
1467 1256 1839 1307 concreatum.
1865 1252 1983 1306 Non
2008 1267 2103 1324 per
2127 1252 2459 1324 acquisitam
2486 1268 2503 1306 z

487 1344 619 1417 quia
643 1342 729 1398 vel
757 1342 848 1398 illa
869 1347 1013 1398 esset
1040 1341 1409 1414 particularia„
1428 1345 1484 1396 et
1507 1355 1604 1412 per
1632 1351 1974 1411 consequens
1994 1340 2313 1404 materiam,
2338 1349 2394 1396 et
2416 1339 2510 1396 ita

413 1471 420 1477 .
488 1433 544 1487 in
570 1431 850 1488 intellectu
879 1430 1071 1502 Angeli
1102 1428 1453 1486 immateriali
1476 1441 1597 1484 esse
1621 1443 1728 1484 non
1756 1435 1975 1500 posset3
2000 1427 2087 1484 vel
2118 1435 2262 1484 esset
2288 1429 2515 1485 univer·

489 1520 638 1587 salis,
667 1526 722 1575 ct
751 1521 832 1576 sic
858 1536 957 1594 per
991 1534 1112 1595 eam
1141 1517 1419 1590 singulare
1456 1516 1711 1588 cognosci
1734 1531 1838 1572 non
1868 1522 2053 1588 posset
2082 1533 2097 1571 z
2122 1515 2373 1572 similiter
2396 1533 2513 1574 nec

489 1625 586 1682 per
623 1617 973 1667 concreatam
1007 1625 1020 1663 ε
1055 1607 1187 1680 quia
1223 1607 1437 1680 species
1460 1613 1755 1662 concreata
1788 1604 1994 1676 Angelo
2021 1619 2052 1660 a
2078 1605 2342 1677 principio
2383 1620 2512 1663 suae

453 1721 464 1734 ·
488 1698 782 1754 creationis
807 1697 908 1753 suit
937 1698 994 1752 in
1015 1697 1162 1768 ipso;
1187 1696 1256 1778 agl
1275 1695 1646 1768 cognitionem
1662 1703 1844 1751 autem
1867 1692 2100 1766 alicujus
2122 1693 2319 1749 sufficit
2350 1695 2510 1768 quod

490 1785 702 1857 species
731 1786 851 1856 ejus
877 1784 953 1839 sit
993 1784 1049 1838 in
1080 1782 1397 1852 intellectu3
1439 1788 1497 1838 et
1542 1781 1640 1849 ita,
1672 1781 1718 1838 si
1748 1797 1846 1854 per
1874 1782 2113 1854 speciem
2153 1788 2511 1838 concreatum

461 1909 466 1916 -
492 1879 676 1945 posset
707 1872 927 1944 aliquod
959 1870 1291 1943 particulare
1329 1871 1585 1942 cognosci
1609 1870 1741 1926 dum
1772 1877 1857 1926 est
1883 1884 2142 1943 praesens,
2173 1885 2204 1926 a
2233 1871 2511 1943 principio

491 1959 786 2017 creationis
807 1975 922 2016 suae
942 1958 1073 2014 illud
1099 1957 1446 2030 cognovisset
1474 1959 1694 2030 quando
1713 1959 1892 2015 ‘adhuc
1914 1966 2033 2014 erat
2055 1958 2295 2015 futurum
2314 1976 2327 2027 ;
2352 1961 2511 2032 quod

492 2035 600 2103 non
625 2054 958 2119 potestesse,
978 2047 1108 2119 quia
1127 2045 1309 2103 sutura
1329 2061 1658 2118 cognoscere
1675 2046 1841 2102 solius
1862 2046 1961 2102 Dei
1976 2053 2059 2102 est
2075 2062 2089 2115 ;
2105 2046 2234 2104 lsai.
2256 2063 2371 2115 xm,
2390 2049 2467 2106 27
2490 2065 2508 2102 z

494 2133 833 2191 Annuntiate
857 2150 972 2206 quoe
998 2139 1228 2190 ventura
1253 2141 1380 2190 aunt
1410 2133 1471 2188 in
1498 2127 1745 2204 'futurum
1760 2149 1780 2200 ;
1812 2140 1862 2189 et
1902 2132 2121 2188 sciemus
2146 2134 2394 2205 quoniam
2422 2133 2515 2190 dii

494 2221 620 2277 eatis
641 2238 748 2277 vos.
779 2222 920 2294 Ergo
946 2221 1185 2292 Angelus
1212 2220 1509 2293 singularia
1534 2235 1859 2292 cognoscere
1884 2235 1989 2275 non
2018 2226 2216 2292 potest.

565 2315 617 2367 2.
648 2309 704 2367 Si
733 2310 967 2377 dicatur,
996 2309 1142 2382 quod
1176 2311 1389 2383 species
1427 2309 1537 2366 iuae
1564 2315 1873 2365 concreatae
1902 2308 2109 2365 faciunt
2134 2309 2511 2381 cognitionem

495 2399 884 2472 praesentium„
917 2414 1027 2455 non
1069 2404 1254 2454 autem
1299 2399 1605 2455 futurorum
1620 2414 1639 2465 ,·
1676 2405 1891 2454 contra.
1931 2397 2051 2452 Non
2095 2405 2277 2470 potest
2319 2399 2514 2472 aliqua

495 2488 737 2562 cognitio
763 2503 905 2545 nova
936 2487 1074 2558 fieri,
1103 2487 1206 2543 nisi
1236 2487 1332 2544 fiat
1370 2487 1555 2560 aliqua
1597 2486 1876 2542 innovatio
1906 2486 1961 2540 in
1986 2492 2370 2556 cognoscente.
2398 2489 2515 2545 Sed

495 2592 592 2648 per
615 2577 718 2634 hoc
742 2578 890 2650 quod
919 2576 1271 2649 particulare,
1303 2573 1450 2647 quod
1480 2581 1601 2645 crat
1628 2574 1894 2641 futurum,
1922 2573 1983 2629 fit
2019 2589 2280 2648 praesens,
2314 2591 2419 2631 non
2447 2577 2519 2632 fit

498 2664 684 2738 aliqua
725 2666 1006 2721 innovatio
1046 2664 1102 2720 in
1146 2663 1427 2720 intellectu
1471 2662 1734 2735 angelico,
1768 2678 1893 2718 cum
1936 2662 2071 2718 nihil
2111 2665 2341 2737 recipiat
2377 2680 2410 2721 a
2448 2680 2517 2720 ro

497 2760 686 2814 extra.
717 2753 859 2824 Ergo
894 2753 943 2808 si
985 2752 1156 2825 prius,
1188 2752 1319 2808 dum
1363 2759 1483 2808 erat
1512 2753 1771 2818 futurum,
1812 2768 1916 2808 non
1962 2753 2357 2824 cognoscebat3
2409 2771 2519 2812 neo

469 2839 632 2896 .dum
661 2840 720 2894 fit
748 2856 1008 2911 praesenS,
1040 2855 1370 2912 cognoscere
1396 2840 1622 2913 poterit.

473 2961 480 2968 ·
572 2933 625 2985 2.
647 2929 702 2985 Si
727 2927 966 2996 dicatur,
990 2928 1156 3001 quod,
1175 2929 1427 3002 quamvis
1456 2927 1587 2984 nihil
1609 2929 1858 3002 recipiat,
1877 2937 2060 2986 tamen
2086 2927 2318 2986 formam
2342 2947 2518 3004 quam

501 3017 647 3090 apud
673 3032 734 3074 se
760 3015 996 3074 habebat
1023 3017 1192 3089 priua,
1221 3017 1460 3090 applicat
1488 3019 1555 3073 ad
1594 3017 1926 3091 particulare
1960 3018 2107 3090 quod
2136 3018 2206 3074 de
2242 3034 2381 3075 novo
2412 3020 2514 3089 iit3

501 3113 712 3163 contra.
759 3105 1072 3163 Intellectus
1117 3121 1224 3162 non
1273 3113 1456 3179 potest
1509 3105 1714 3178 aliquid
1763 3106 1836 3162 ad
1877 3105 2022 3162 aliud
2066 3106 2360 3180 applicare,
2406 3109 2517 3165 nisi

502 3202 911 3267 praecognoscat
947 3204 1004 3251 et
1044 3195 1189 3267 quod
1233 3193 1557 3266 applicatur,
1590 3200 1647 3249 et
1690 3195 1779 3250 cui
1808 3193 2113 3268 applicatur
2144 3212 2157 3249 :
2188 3197 2320 3268 quia
2360 3197 2521 3268 prius

502 3290 588 3341 est
615 3297 942 3352 cognoscere
969 3282 1078 3338 duo
1107 3283 1409 3340 secundum
1447 3298 1527 3350 se,
1560 3297 1727 3355 quam
1755 3285 2225 3356 comparationem
2251 3285 2414 3340 unius
2442 3285 2521 3342 ad

504 3369 757 3424 alterum.
789 3369 931 3440 Ergo
961 3370 1254 3442 applicatio
1279 3371 1544 3443 praedicta
1572 3378 1895 3444 sequeretur
1922 3373 2293 3444 cognitionem
2322 3374 2519 3490 singu·

504 3458 721 3525 larium,
751 3464 808 3513 et
834 3459 913 3514 sic
938 3474 1044 3520 non
1073 3467 1257 3531 posset
1286 3474 1407 3516 esse
1434 3475 1602 3517 causa
1626 3461 1767 3532 ejus.

577 3549 630 3602 4.
659 3548 946 3613 Praeterea,
975 3545 1022 3602 si
1049 3545 1289 3617 Angelus
1310 3549 1591 3619 cognoscit
1618 3547 1945 3620 singularia3
1977 3554 2073 3604 aut
2096 3548 2378 3621 cognoscit
2404 3565 2519 3607 una

505 3636 705 3708 specie,
739 3644 833 3692 aut
869 3634 1133 3707 pluribus.
1159 3635 1265 3692 Sed
1311 3651 1421 3692 non
1452 3636 1732 3709 pluribus3
1765 3637 1896 3710 quia
1932 3637 2013 3692 sic
2050 3643 2331 3709 oporteret
2368 3639 2517 3711 quod

505 3724 746 3780 infinitas
773 3723 984 3797 species
1002 3724 1145 3797 apud
1171 3740 1229 3780 se
1249 3722 1497 3792 haberet,
1529 3740 1655 3780 cum
1679 3725 1893 3782 infinita
1916 3725 2026 3781 sint
2050 3725 2426 3799 particularia,
2445 3726 2521 3782 ad

507 3813 684 3868 minus
708 3813 762 3868 iu
787 3813 1032 3885 potentia
1061 3829 1074 3868 z
1101 3812 1354 3868 similiter
1380 3828 1480 3869 nec
1502 3828 1610 3870 una
1626 3830 1641 3883 ;
1657 3813 1788 3887 quia
1810 3814 1893 3871 sic
1909 3813 2217 3871 intellectus
2238 3815 2521 3888 angelicus

506 3907 818 3972 aequaretur
862 3899 1163 3958 intellectui
1206 3899 1413 3970 divino,
1453 3902 1551 3975 qui
1594 3917 1720 3972 un0,
1764 3902 1974 3961 scilicet
2020 3903 2261 3960 essentia
2306 3902 2511 3970 divina,
