2800 4492
67 360 72 369 ⁷
69 284 83 315 ·“·
71 6 103 213 ἰ-τ-*τιήι

2422 32 2788 127 ,ἡ

559 354 678 423 1216
744 385 751 391 ·
1036 382 1089 427 s.
1133 374 1366 427 ‘1⁸quAE
1407 376 1735 463 Acamans
1775 342 2090 425 oeuscum

559 494 790 570 simplex
817 498 1131 567 canonicus,
1162 498 1325 556 debet
1353 498 1536 556 dicere
1563 497 1798 556 officium
1827 493 2133 553 Ecclesiae
2119 510 2172 550 m
2213 506 2324 594 qua
2351 496 2437 550 est
2469 472 2570 549 de-
2605 458 2614 463 “

560 593 749 641 canus.
778 585 931 656 Quod
952 587 997 643 si
1021 588 1073 643 in
1096 593 1327 662 utraque
1351 586 1594 657 Ecclesia
1615 588 1776 643 suerit
1801 586 2030 658 simplex
2051 582 2364 652 canonicae,
2407 580 2575 639 debet

558 671 743 731 dicere
759 675 995 743 officium
1013 675 1275 749 dignioris
1297 674 1574 745 Ecclesiae,
1598 674 1849 750 quamvis
1868 673 2045 731 sorte
2033 691 2087 730 m
2109 671 2304 731 minori
2323 669 2575 731 Ecclesia

561 762 761 822 habeat
780 766 1174 839 opulentiorem
1196 766 1575 839 praebendam;
1599 768 1729 839 quia
1750 763 2068 837 temporalia
2088 763 2288 819 nullius
2307 760 2574 818 momenti

562 859 690 908 sunt
714 852 1090 927 spiritualibus
1114 862 1453 929 comparata.
1474 856 1529 917 Si
1554 870 1684 913 vero
1710 854 1886 911 ambae
1908 853 2168 910 Ecclesiae
2190 858 2318 908 sunt
2340 849 2576 923 aequalis

563 942 868 1013 dignitatis,
915 951 1097 1017 potest
1132 944 1332 1017 eligere
1362 945 1749 1019 quodcumque
1772 942 2009 1002 officium
2035 942 2210 1013 magis
2235 940 2493 1006 voluerit,
2523 938 2572 993 si

565 1030 728 1095 suerit
752 1031 822 1089 ab
847 1037 1077 1108 utraque
1099 1032 1344 1091 Ecclesia
1373 1034 1604 1103 absens3
1629 1034 1675 1089 si
1701 1038 1882 1091 autem
1908 1030 2109 1089 fuerit
2096 1047 2152 1086 1n
2173 1008 2358 1104 aliqua
2379 1044 2574 1087 earum

564 1134 825 1189 praesens,
853 1120 1017 1179 debet
1042 1133 1119 1178 se
1126 1122 1469 1179 conformare
1497 1121 1604 1177 illis
1635 1132 1762 1179 cum
1789 1120 1988 1194 quibus
2015 1124 2390 1176 conversatur.

636 1208 703 1263 Et
727 1224 822 1281 per
849 1207 953 1267 hoc
979 1216 1133 1284 patet
1160 1211 1440 1284 responsio
1469 1210 1537 1267 ad
1561 1209 1798 1283 objecta.

1225 1391 1682 1454 ARTIGULUS
1723 1388 1905 1451 XIV.

574 1480 795 1587 Utrum
834 1537 1057 1589 vacans
1102 1526 1297 1589 saluti
1346 1527 1690 1590 animarum
1723 1528 1942 1605 peccet,
1989 1522 2048 1585 si
2091 1522 2253 1586 circa
2295 1520 2575 1586 studium

646 1618 875 1693 tempus
895 1619 1176 1693 occupat.
1202 1648 1281 1660 -
1310 1615 1397 1694 (2·
1376 1616 1463 1691 -,2
1487 1619 1697 1695 quast.
1733 1614 1870 1688 182,
1891 1612 2191 1693 praecipue
2214 1616 2336 1675 art.
2365 1612 2406 1671 2
2427 1617 2486 1675 et
2507 1615 2570 1687 4,

645 1698 791 1764 dist.
826 1704 922 1777 15,
950 1707 1165 1811 qufest.
1202 1704 1259 1780 1,
1293 1708 1418 1767 art·
1448 1704 1539 1811 2.)

604 1833 717 1890 Ad
748 1805 1046 1893 secundum
1074 1834 1154 1893 sic
1177 1800 1510 1910 proceditur.
1539 1836 1590 1893 ⁴.
1619 1798 1850 1895 Videtur
1875 1834 2019 1911 quod
2045 1834 2242 1909 aliquis
2266 1835 2359 1906 qui
2390 1839 2575 1907 potest
2601 1906 2608 1909 .

565 1922 732 1980 saluti
758 1924 1061 1981 animarum
1089 1940 1279 1983 curam
1306 1926 1637 1999 impendere,
1665 1931 1875 1999 peccet,
1909 1926 1954 1981 si
1984 1924 2137 1981 circa
2159 1922 2402 1981 studium
2427 1929 2576 1979 tem-

566 2028 669 2085 pus
696 2021 945 2085 occupat.
979 2014 1191 2071 Dicitur
1217 2016 1361 2091 enim
1401 2016 1472 2072 ad
1499 2015 1683 2072 Galat.
1709 2015 1838 2087 ult„
1870 2029 1909 2071 x
1956 2032 1968 2069 :
2014 2015 2158 2071 Dum
2185 2018 2386 2085 tempus
2409 2012 2574 2068 hobe-

564 2114 729 2166 mus,·
767 2110 1044 2174 operemur
1089 2102 1311 2171 bonum3
1359 2104 1718 2161 nulla'etiam
1761 2110 1843 2161 est
1889 2102 2108 2175 gravior
2140 2103 2359 2174 jactura
2405 2116 2575 2174 quam

567 2190 846 2263 temporis.
885 2192 1004 2248 Non
1033 2190 1195 2249 debet
1232 2208 1361 2263 ergo
1388 2192 1587 2265 aliquis
1619 2197 1791 2249 totum
1820 2198 2036 2264 tempus
2063 2191 2115 2249 in
2154 2189 2336 2247 studio
2365 2205 2579 2262 expen-

564 2279 713 2361 dere,
741 2279 995 2347 differens
1020 2280 1183 2341 saluti
1214 2282 1519 2339 animarum
1547 2296 1736 2339 curam
1763 2282 2096 2354 impendere.

634 2372 689 2428 2.
720 2364 1009 2439 Praeterea,
1043 2371 1267 2444 perfecti
1299 2376 1554 2427 tenentur
1582 2372 1651 2427 ad
1691 2370 1744 2425 id
1775 2370 1920 2442 quod
1953 2368 2144 2425 melius
2173 2375 2277 2426 est.
2306 2366 2414 2425 Sed
2439 2366 2578 2425 reli-

565 2457 701 2529 giosi
730 2467 856 2515 sunt
891 2459 1140 2533 perfecti.
1183 2460 1325 2533 Ergo
1366 2460 1602 2517 maxime
1631 2456 1869 2530 religiosi
1915 2456 2116 2514 debent
2143 2456 2422 2514 dimittere
2451 2462 2578 2513 stu-

565 2548 735 2617 dium,
765 2555 827 2605 ut
848 2548 1013 2605 saluti
1043 2549 1348 2605 animarum
1378 2550 1657 2606 insistant.

636 2640 688 2690 3.
720 2638 1008 2704 Praeterea,
1039 2639 1193 2708 pejus
1217 2643 1301 2694 est
1326 2653 1509 2695 errare
1533 2637 1588 2693 in
1615 2638 1704 2694 via
1729 2651 1939 2693 morum
1965 2652 2132 2713 quam
2153 2636 2207 2693 in
2233 2634 2318 2693 via
2351 2634 2576 2707 pedum.

562 2723 668 2779 Sed
714 2724 975 2794 praelatus
1022 2730 1239 2780 tenetur
1279 2740 1538 2783 revocare
1579 2742 1737 2782 suum
1783 2726 2083 2793 subditum,
2129 2724 2176 2783 si
2219 2724 2402 2781 videat
2447 2738 2577 2779 eum

562 2808 746 2867 errare
775 2812 829 2867 in
870 2812 960 2871 via
992 2813 1209 2884 pedum.
1238 2814 1381 2885 Ergo
1413 2814 1584 2871 multo
1613 2815 1787 2888 magis
1818 2821 2033 2871 tenetur
2061 2830 2186 2871 eum
2215 2827 2476 2869 revocare
2505 2811 2580 2869 ab

563 2905 746 2955 errore
774 2900 877 2974 qui,
908 2910 993 2959 est
1020 2901 1076 2958 in
1120 2902 1207 2959 via
1246 2918 1480 2960 morum.
1511 2904 1608 2979 Est
1649 2910 1832 2961 autem
1871 2920 2042 2970 error,
2073 2904 2119 2959 si
2151 2902 2309 2963 homo
2339 2907 2580 2973 praeter-

563 2988 749 3045 mittat
788 2990 931 3063 quod
960 2990 1154 3051 melius
1181 2999 1284 3048 est.
1312 2990 1743 3067 Ergo·praelatus
1778 2992 1941 3049 debet
1971 2991 2249 3049 subditum
2286 3004 2483 3060 cogere
2515 2995 2578 3045 ut
2605 3053 2610 3057 ,

564 3076 728 3134 saluti
758 3079 1059 3145 animarum
1091 3081 1359 3150 intendat,
1387 3081 1570 3137 studio
1600 3080 1987 3154 praetermissm

631 3164 691 3222 In
716 3169 1051 3226 contrarium
1080 3170 1442 3227 inducebatur
1467 3170 1804 3227 consuetudo
1833 3184 1931 3244 pro
1963 3169 2192 3227 ratione.

629 3255 953 3329 Respondet>
991 3258 1311 3327 dicendum,
1349 3258 1494 3331 quod
1527 3258 1708 3332 aliqua
1753 3259 1860 3315 duo
1891 3263 2115 3331 possunt
2150 3256 2459 3329 comparari
2503 3254 2577 3313 ad

560 3344 795 3401 invicem
837 3352 894 3401 et
934 3346 1254 3419 simpliciter
1298 3354 1352 3404 et
1382 3348 1682 3404 secundum
1709 3346 1946 3425 aliquem
1992 3362 2201 3405 casum.
2231 3345 2376 3403 Nihil
2423 3350 2578 3402 enim

560 3432 827 3505 prohibet,
858 3433 911 3489 id
933 3435 1077 3506 quod
1104 3441 1188 3491 est
1211 3436 1407 3493 melius
1429 3436 1769 3510 simpliciter,
1802 3436 1858 3492 in‘
1881 3436 2064 3510 aliquo
2089 3450 2220 3493 casu
2245 3450 2366 3491 esse
2390 3435 2579 3491 minus

558 3521 867 3593 eligendum
892 3538 907 3592 3
934 3523 1074 3579 sicut
1101 3522 1469 3598 philosophari
1499 3532 1581 3582 est
1607 3514 1927 3597 simpliciter
1955 3524 2151 3583 melius
2177 3537 2345 3598 quam
2373 3524 2574 3591 ditari:

556 3612 652 3667 sed
679 3611 731 3667 in
764 3617 1007 3683 tempore
1036 3613 1382 3670 necessitatis
1407 3614 1574 3671 ditari
1601 3621 1685 3671 est
1716 3613 1888 3686 magis
1917 3614 2260 3686 eligendum;
2292 3620 2348 3669 et
2386 3609 2577 3685 aliqua

556 3699 799 3770 pretiosa
824 3702 1136 3773 ‚margarita
1163 3710 1247 3759 est
1281 3702 1460 3760 carior
1489 3717 1597 3759 uno
1639 3718 1798 3776 pane,
1830 3710 1886 3759 et
1918 3712 2098 3760 tamen
2141 3703 2192 3757 in
2223 3702 2410 3775 aliquo
2439 3716 2578 3759 casu

554 3788 737 3858 femie,
766 3790 923 3863 panis
946 3789 1373 3864 praeeligeretur,
1400 3791 1702 3849 secundum
1731 3790 1859 3847 illud
1885 3792 2084 3849 Thren.
2115 3806 2156 3862 1,
2183 3796 2214 3848 2
2245 3808 2258 3845 ε
2293 3790 2579 3849 Dederunt

551 3872 791 3949 pretiosa
816 3896 1030 3951 (luceque
1051 3896 1157 3953 pro
1180 3879 1290 3936 ribo
1312 3880 1384 3935 ad
1409 3879 1782 3952 refocillandas
1809 3880 2036 3937 animas.
2070 3937 2076 3943 ,

627 3966 725 4021 Est
750 3974 931 4025 autem
958 3968 1433 4037 considerandum,
1463 3970 1606 4041 quod
1636 3972 1687 4024 in
1713 3969 1957 4044 quolibet
1985 3968 2218 4026 artificio
2245 3968 2578 4042 simpliciter
2633 3948 2643 3955 ¹

2769 2814 2772 2881 Ι
