2800 4492
499 347 624 413 500
979 363 1033 408 s.
1075 361 1309 407 1·quAE
1347 358 1677 417 nonianus
1717 360 2033 404 croscum

505 481 666 539 modo
687 480 892 539 dicitur
937 478 1113 535 forma
1155 477 1311 536 mixti
1354 476 1595 551 qualitas
1635 474 1891 549 quaedam
1931 476 2110 533 media
2141 476 2423 535 resultans
2450 493 2529 535 ex

503 569 845 645 simplicibus
869 566 1231 641 qualitatibus
1257 565 1590 623 commixtis.
1618 565 1754 621 Cum
1777 580 1908 637 ergo
1932 566 2134 621 dicitur
2162 567 2309 639 quod
2338 566 2527 623 forma

506 657 862 715 accidentalis
901 654 1268 717 substantiam
1311 668 1421 711 non
1462 653 1717 725 destruit,
1750 662 1933 725 posset
1980 653 2089 709 dici
2138 656 2283 728 quod
2324 672 2525 711 verum

505 756 610 811 est,
641 755 824 802 tamen
847 743 1082 801 destruit
1107 743 1447 809 accidentia:
1478 742 1639 799 etsie
1680 742 1891 813 species
1918 743 2365 815 sacramentales,
2392 758 2525 817 quae

505 840 634 891 sunt
661 832 990 900 accidentia,
1021 837 1144 905 post
1167 831 1613 888 commixtionem
1643 846 1750 886 non
1775 840 2015 888 manent.
2038 832 2145 889 Sed
2175 832 2292 889 haec
2314 833 2523 889 solutio

507 938 612 978 non
638 928 722 977 est
745 920 1046 977 secundum
1077 921 1366 976 veritatem
1394 936 1409 975 ς
1440 934 1564 975 nam
1588 918 1761 976 forma
1788 919 2071 976 mixtionis
2099 922 2223 977 cum
2248 922 2321 975 sit
2356 937 2525 993 qum-

507 1011 635 1067 dam
672 1009 912 1083 qualitas
951 1008 1150 1075 media,
1182 1023 1288 1063 uon
1333 1015 1612 1081 permutat
1652 1008 1758 1063 nisi
1802 1007 2078 1080 simplices
2115 1008 2413 1081 qualitates
2448 1028 2521 1065 ex

508 1098 706 1170 quibus
732 1097 1077 1170 componitur
1109 1114 1123 1151 ε
1149 1096 1360 1169 species
1389 1105 1573 1153 autem
1616 1095 2041 1153 sacramentales
2082 1112 2186 1151 non
2216 1098 2522 1153 destruun-

509 1195 596 1242 tur
621 1186 1057 1260 quibuscumque
1085 1183 1447 1259 qualitatibus
1475 1185 1734 1252 variatis;
1766 1185 1896 1257 quia
1920 1184 1967 1239 si
1996 1183 2132 1241 odor
2161 1184 2273 1239 vini
2305 1185 2389 1241 vel
2418 1202 2523 1241 co-

511 1275 590 1329 lor
615 1280 940 1340 mutaretur,
969 1289 1076 1330 non
1095 1280 1316 1347 propter
1339 1273 1443 1332 hoc
1472 1272 1745 1329 desineret
1776 1273 1849 1328 ibi
1876 1288 1996 1329 esse
2028 1274 2253 1344 sanguis
2290 1274 2515 1339 Christi.

511 1363 613 1418 nisi
645 1362 1012 1419 dimensiones
1053 1378 1180 1435 quae
1223 1362 1424 1417 ceteris
1460 1361 1837 1418 accidentibus
1876 1361 2130 1427 subsunt,
2162 1363 2342 1417 vicem
2384 1363 2523 1417 sub-

509 1452 732 1509 stantiae
755 1459 1026 1523 gerentes,
1056 1450 1356 1507 secundum
1384 1452 1679 1506 essentiam
1707 1450 2149 1519 destruerentur-3
2183 1450 2328 1523 quod
2358 1452 2524 1507 aliter

511 1636 680 1685 esset.
705 1628 774 1684 Et
801 1628 924 1683 ideo
953 1627 1113 1684 aliter
1135 1626 1427 1683 dicendum
1458 1636 1561 1692 est,
1588 1628 1735 1700 quod
1776 1627 2031 1683 accidens
2073 1643 2182 1683 non
2218 1629 2525 1701 corrumpit

510 1715 822 1788 subjectum
864 1715 1133 1784 effective,
1159 1714 1256 1771 sed
1299 1714 1641 1787 dispositive.
1674 1716 1855 1772 Posita
1894 1718 2039 1770 enim
2086 1716 2354 1789 qualitate
2396 1733 2525 1789 quae

511 1814 598 1860 est
647 1801 955 1859 necessaria
1010 1803 1294 1875 dispositio
1345 1801 1415 1859 ad
1472 1803 1701 1860 formam
1747 1804 1905 1875 ignis,
1962 1804 2172 1860 scilicet
2227 1804 2409 1860 calore
2463 1807 2524 1859 in

512 1905 744 1958 summo,
778 1897 1089 1947 removetur
1127 1890 1302 1947 forma
1331 1891 1504 1961 aeris;
1529 1897 1587 1947 et
1624 1891 1875 1949 similiter
1897 1894 2075 1965 posita
2114 1893 2295 1949 media
2336 1894 2525 1966 quali-

514 1986 648 2063 tate,
677 1994 802 2052 quae
829 1984 914 2033 est
945 1978 1246 2037 necessitas
1271 1977 1341 2036 ad
1363 1977 1595 2036 formam
1626 1979 1802 2046 mixti,
1833 1980 2080 2037 aufertur
2108 1981 2283 2039 forma
2321 1998 2525 2055 corpo-

513 2068 592 2126 ris
618 2065 904 2141 simplicis.

1253 2211 1649 2299 QUAES'TIO
1697 2220 1782 2287 II.

588 2370 795 2427 Deinde
822 2368 1088 2443 quaeritur
1111 2369 1181 2427 de
1204 2368 1431 2440 Angelo‚
1458 2374 1642 2423 utrum
1668 2368 1884 2425 duratio
1910 2369 2101 2441 Angeli
2136 2368 2336 2427 habeat
2371 2371 2529 2445 prius

519 2466 577 2522 ot
603 2458 896 2539 posterius.

1211 2600 1668 2663 ARTIGULUS
1710 2600 1818 2661 IV.

532 2734 770 2885 Utrum2
774 2735 1022 2800 duratio
1049 2733 1277 2815 Anyeli
1302 2733 1516 2797 habeat
1535 2734 1714 2813 prius
1734 2720 2131 2814 apo-iterius.
2157 2767 2239 2781 -
2262 2736 2347 2817 (2,
2374 2736 2531 2800 dist.

727 2826 791 2901 2,
823 2827 1034 2904 quast.
1063 2824 1122 2897 1,
1155 2840 1317 2902 corp.
1350 2828 1407 2885 et
1433 2823 1581 2885 dist.
1606 2824 1709 2898 37,
1740 2825 1952 2904 quast.
1982 2826 2044 2923 4,
2076 2826 2200 2889 art.
2230 2824 2313 2905 1).

593 2956 660 3013 Et
683 2955 901 3012 videtur
922 2951 1069 3027 quod
1096 2952 1197 3022 sic,
1223 2952 1284 3009 ln
1311 2968 1377 3009 eo
1410 2953 1556 3010 enim
1577 2953 1736 3026 cujus
1772 2952 1993 3010 duratio
2024 2968 2134 3010 uon
2170 2952 2338 3011 habet
2377 2956 2536 3027 prius

520 3054 576 3105 et
599 3044 894 3120 posterius,
922 3043 1068 3100 idem
1097 3050 1181 3099 est
1207 3056 1328 3099 esse
1356 3047 1414 3097 et
1441 3040 1629 3101 fuisse.
1660 3042 1717 3099 Si
1747 3057 1877 3115 ergo
1918 3042 1976 3098 in
2000 3041 2291 3100 duratione
2328 3046 2533 3115 Angeli

521 3152 628 3193 non
657 3143 741 3192 est
770 3134 922 3206 prius
943 3138 999 3188 et
1019 3131 1308 3203 posterius,
1341 3129 1486 3187 idem
1514 3130 1619 3187 erit
1643 3129 1910 3203 Angelum
1952 3146 2074 3187 esse
2112 3136 2171 3188 et
2208 3131 2398 3189 fuisse.
2418 3133 2535 3189 Sed

520 3223 626 3279 hoc
643 3230 726 3279 est
756 3220 1116 3293 impossibile;
1147 3220 1277 3293 quia
1317 3219 1466 3275 Deus
1505 3226 1686 3293 potest
1730 3218 1913 3275 facere
1953 3218 2101 3292 quod
2142 3220 2383 3291 Angelus
2419 3237 2538 3278 non

521 3315 690 3383 esset,¹
717 3324 844 3363 cum
885 3322 992 3363 uon
1016 3308 1190 3379 possit
1211 3306 1394 3364 facere
1422 3306 1567 3379 quod
1598 3320 1707 3361 non
1744 3304 1927 3361 fuerit.
1954 3305 2097 3377 Ergo
2140 3307 2539 3365 inconveniens

523 3404 608 3454 est
631 3395 815 3452 dicere
838 3394 985 3468 quod
1015 3395 1069 3450 in
1093 3394 1382 3451 duratione
1411 3393 1601 3467 Angeli
1634 3408 1738 3449 non
1764 3393 1838 3449 sit
1864 3393 2015 3465 prius
2036 3402 2093 3450 et
2122 3386 2419 3468 posterius.

593 3490 648 3545 2.
675 3486 964 3546 Praeterea,
997 3481 1204 3539 nullum
1229 3493 1477 3539 creatum
1506 3488 1591 3539 est
1615 3482 1890 3539 infinitum
1918 3482 1973 3538 in
1999 3489 2151 3539 actu.
2174 3484 2283 3541 Sed
2308 3483 2544 3542 duratio

523 3574 720 3647 Angeli
739 3579 825 3630 est
853 3571 1062 3629 infinita
1092 3588 1158 3626 ex
1184 3578 1338 3643 parto
1365 3580 1506 3643 post.
1538 3572 1679 3644 Ergo
1706 3578 1926 3637 non-est
1954 3577 2071 3629 tota
2101 3572 2264 3629 simul
2286 3574 2339 3629 in
2371 3580 2545 3645 actu;

523 3663 580 3719 et
607 3664 682 3719 ita
708 3666 792 3717 est
817 3660 890 3717 ibi
921 3660 1069 3733 prius
1093 3666 1148 3714 et
1180 3658 1471 3731 posterius,
1634 3651 1639 3653 ’

595 3754 649 3806 3.
692 3750 984 3815 Praeterea,
1040 3762 1295 3803 mensura
1345 3745 1509 3803 debet
1562 3762 1682 3804 esse
1728 3746 2140 3821 proportionata
2192 3759 2547 3808 mensurato.

522 3836 631 3894 Sed
672 3854 792 3893 esse
834 3835 1026 3909 Angeli
1066 3844 1150 3892 est
1187 3835 1403 3891 finitum
1446 3835 1504 3891 in
1552 3842 1699 3892 actu.
1744 3836 1887 3909 Ergo
1924 3852 2063 3905 esse,
2096 3836 2245 3911 quod
2279 3840 2365 3895 est
2412 3840 2587 3917 ejus,

527 3930 916 3991 mensura,·est
947 3923 1189 3990 finitum;
1221 3930 1275 3979 et
1303 3922 1386 3979 sic
1410 3920 1556 3979 idem
1583 3922 1727 3995 quod
1756 3923 1929 3995 prius.
