2800 4492
797 337 931 391 ·xn.
962 359 1043 376 -
1067 342 1497 396 ouonmemun
1548 339 1823 396 oum‘rmae
2156 354 2168 365 ·
2203 319 2317 381 331

317 464 506 514 contra
532 465 804 534 praecepta
836 461 1026 532 primae
1058 461 1278 520 tabulae.
1312 463 1600 519 Peccatum
1628 460 1773 516 enim
1812 457 2005 514 contra
2044 461 2321 528 praecepta

319 545 570 603 secundae
593 547 793 604 tabulae
821 555 924 615 est,
947 556 1259 622 contempto
1291 550 1431 605 bono
1460 545 1911 613 incommutabili,
1942 540 2315 603 commutabili

319 631 455 690 bono
499 635 811 705 adbaerere3
843 639 984 694 sicut
1011 644 1162 710 patet
1193 639 1244 693 in
1286 638 1433 694 furto
1463 644 1519 694 et
1561 636 1851 701 adulterim
1884 641 1940 691 et
1977 632 2099 690 aliis
2130 632 2324 702 liujus-

319 722 483 778 modi.
513 725 618 780 Sed
652 732 998 798 contemptus
1029 727 1491 784 incommutabilis
1519 726 1645 782 boni
1694 733 1747 781 ct
1795 729 2083 798 peccatum
2131 727 2322 776 contra

321 806 588 883 praecepta
615 809 804 885 primae
835 814 1053 881 tabulae,
1087 815 1286 887 quibus
1313 816 1634 872 ordinamur
1661 814 1727 870 ad
1772 809 2132 870 adhibendam
2162 821 2325 862 rove-

322 900 547 955 rentiam
583 903 715 957 Deo.
745 902 886 973 Ergo
913 911 1136 976 peccata
1182 921 1308 976 quae
1349 911 1477 960 sunt
1514 911 1707 960 contra
1748 905 2023 973 praecepta
2066 895 2323 952 secundm

321 986 538 1054 tabulae,
567 989 852 1046 includunt
883 1001 1110 1065 peccata
1138 1009 1263 1065 quae
1295 1001 1423 1049 sunt
1464 999 1655 1048 contra
1698 994 1975 1063 praecepta
2011 987 2203 1060 primae
2233 991 2322 1040 ta·-

321 1075 484 1142 bulae,
516 1084 571 1133 et
595 1077 799 1151 aliquid
832 1079 1070 1150 addunt;
1101 1097 1230 1152 ergo
1250 1090 1376 1139 sunt
1401 1081 1672 1154 graviora.

329 1169 441 1220 2
496 1167 784 1235 Praeterea,
835 1167 1066 1224 simonia
1108 1177 1191 1226 est
1228 1169 1525 1225 maximum
1564 1175 1871 1242 peccatum.
1916 1165 2021 1223 Sed
2064 1162 2316 1227 simonia,

320 1268 444 1308 cum
471 1253 542 1310 sit
589 1257 798 1328 species
828 1257 1099 1325 avaritioe,
1123 1267 1207 1313 est
1246 1266 1436 1315 contra
1484 1263 1759 1330 praecepta
1802 1252 2079 1311 secundae
2096 1249 2317 1307 tabulae.

321 1341 458 1411 Ergo
503 1349 725 1414 peccata
767 1359 891 1416 quae
938 1351 1064 1400 sunt
1102 1353 1292 1402 contra
1334 1352 1609 1419 praecepta
1648 1343 1903 1401 secundae
1938 1340 2160 1406 tabulae,
2193 1342 2321 1394 sunt

320 1429 590 1500 graviora.
666 1441 672 1446 ’

388 1517 490 1574 Sed
517 1527 706 1576 contra
732 1526 835 1590 est,
867 1521 1012 1594 quod
1044 1530 1268 1596 peccata
1312 1531 1502 1580 contla
1546 1476 1817 1597 praecepta
1860 1519 2049 1592 primae
2096 1515 2314 1582 tabulae,

319 1615 444 1661 sunt
472 1606 780 1673 infidelitas,
813 1610 1144 1683 desperatio,
1175 1617 1232 1667 et
1259 1610 1368 1667 alia
1403 1610 1735 1684 hujusmodi.
1771 1625 1896 1682 quae
1932 1615 2060 1664 sunt
2101 1605 2319 1678 gravis·
2392 1655 2396 1660 .

319 1696 455 1750 sima
483 1706 728 1768 peccata.
756 1697 898 1768 Ergo
924 1706 1148 1770 peccata
1177 1715 1302 1772 quae
1329 1708 1459 1766 sunt
1482 1705 1671 1756 contra
1699 1703 1969 1770 praecepta
2008 1696 2201 1769 primae
2228 1702 2318 1752 ta-

275 1845 283 1852 ,
321 1783 477 1849 bulae‚
506 1791 631 1839 sunt
655 1787 926 1856 graviora.

388 1871 704 1944 Respondeo
734 1873 1040 1944 dicandum,
1069 1877 1212 1947 quod
1240 1876 1483 1932 formalis
1507 1877 1646 1934 ratio
1672 1852 1879 1949 peccati
1910 1871 2152 1930 mortalis
2180 1886 2317 1927 con-

319 1961 464 2016 sistit
488 1978 540 2016 in
571 1963 907 2019 aversionea
937 1966 1064 2020 Deo.
1097 1965 1152 2020 Si
1195 1966 1339 2021 enim
1381 1973 1550 2022 esset
1570 1964 1877 2021 inordinata
1924 1961 2210 2022 conversio
2246 1959 2313 2015 ad

319 2049 517 2105 bonum
561 2051 946 2118 commutabile
991 2054 1109 2108 sine
1148 2053 1430 2109 aversione
1468 2069 1497 2109 a
1535 2054 1671 2118 De0,
1698 2069 1806 2108 non
1845 2059 1990 2108 esset
2030 2057 2313 2122 peccatum

319 2138 566 2194 mortale.
601 2141 872 2211 Praecepta
914 2148 1095 2195 autem
1138 2141 1330 2212 primae
1377 2140 1579 2219 tabulae
1620 2140 1916 2196 secundum
1959 2155 2018 2194 se
2060 2137 2315 2194 ordinant

307 2226 522 2282 directe
553 2226 820 2293 hominem
844 2228 896 2282 in
928 2229 1119 2294 Deum,
1144 2229 1284 2284 unde
1310 2227 1567 2284 dicuntur
1596 2228 1661 2284 ad
1694 2227 2041 2283 dilectionem
2070 2227 2163 2280 Dei
2189 2240 2317 2296 perf-

319 2317 508 2370 tinere.
541 2315 606 2370 Et
633 2316 756 2371 ideo
786 2323 1008 2388 peccata
1040 2331 1164 2387 quae
1187 2323 1313 2371 sunt
1337 2317 1528 2372 'contra
1554 2322 1833 2389 praecepta
1858 2315 2049 2388 primae
2094 2313 2311 2379 tabulae,
2396 2309 2403 2320 ‘

317 2403 522 2458 directe
565 2412 618 2458 et
665 2404 964 2459 secundum
1011 2421 1070 2458 sc
1118 2406 1415 2476 important
1456 2404 1796 2459 aversionem
1838 2419 1869 2458 a
1902 2404 2043 2469 Deo;
2092 2410 2319 2473 peccata

316 2501 499 2546 autem
526 2507 648 2565 quae
678 2498 803 2546 sunt
833 2499 1023 2547 contra
1053 2500 1324 2564 praecepta
1350 2492 1605 2548 secundae
1630 2491 1851 2556 tabulae,
1885 2505 1980 2561 per
2012 2505 2071 2545 se
2096 2487 2318 2560 quidem

315 2580 638 2634 deordinant
679 2593 776 2634 nos
806 2579 1176 2651 principaliter
1206 2580 1351 2635 circa
1387 2580 1527 2635 bona
1556 2577 1983 2644 commutabilia,
2008 2576 2155 2633 circa
2190 2593 2315 2650 quae

309 2667 631 2723 ordinamur
663 2683 758 2738 per
781 2675 1056 2740 praecepta
1084 2668 1339 2725 secundae
1381 2665 1616 2734 tabulam
1646 2685 1711 2722 ex
1735 2665 2088 2739 consequenti
2132 2671 2316 2720 autem

315 2755 639 2811 deordinant
679 2770 778 2811 nos
815 2772 847 2811 a
885 2755 1017 2811 Deo.
1048 2757 1106 2811 In
1156 2771 1482 2828 unoquoque
1526 2766 1709 2812 autem
1738 2772 1936 2828 genero
1973 2754 2317 2829 potissimum

307 2853 398 2900 est
425 2844 475 2899 id
509 2845 652 2916 quod
683 2852 765 2900 est
805 2861 902 2918 per
932 2860 1023 2913 se;
1056 2844 1196 2900 unde
1227 2852 1449 2917 peccata
1480 2862 1604 2918 quae
1632 2852 1778 2920 sunt*
1802 2853 1991 2901 contra
2039 2849 2316 2916 praecepta

317 2934 504 3006 piimae
528 2933 748 3001 tabulae,
775 2932 1074 2990 secundum
1112 2950 1270 2990 suum
1299 2951 1471 3006 genus
1508 2941 1636 2992 sunt
1664 2934 1987 3005 gravissima
2018 2933 2071 2988 in
2118 2947 2315 3003 genero

316 3031 683 3094 peccatorum.

385 3111 466 3166 Ad
499 3128 558 3182 pr
564 3111 729 3166 imum
755 3127 884 3196 ergo
908 3111 1218 3177 dicendum,
1250 3112 1396 3185 quod
1421 3119 1768 3184 contemptus
1804 3110 1903 3165 Dei
1928 3125 2024 3182 per
2048 3123 2109 3164 se
2131 3108 2315 3164 inten-

304 3207 405 3257 tus
433 3206 516 3254 est
545 3199 600 3253 in
624 3189 862 3270 peccatis
887 3217 1010 3272 quae
1033 3208 1158 3256 sunt
1189 3210 1378 3256 contra
1421 3207 1693 3274 piaecepta
1736 3199 1929 3272 primae
1972 3198 2207 3266 tabuloe;
2234 3198 2314 3253 sic

315 3295 497 3346 autem
529 3303 634 3343 non
658 3303 723 3342 ex
751 3289 1076 3344 necessitate
1112 3287 1766 3361 includitur-inpeccatis
1810 3303 1934 3362 quae
1967 3293 2106 3346 sunt.
2122 3291 2313 3342 contra

316 3381 588 3449 praecepta
613 3376 868 3433 secundae
891 3375 1124 3444 tabulae3
1157 3393 1264 3432 non
1291 3376 1436 3432 enim
1470 3377 1559 3433 ille
1592 3377 1685 3451 qui
1729 3378 2047 3442 fornicatur,
2079 3375 2312 3430 intendit

315 3466 415 3522 hoc
439 3482 600 3537 agere
626 3466 681 3520 in
700 3472 1071 3538 contemptum
1105 3464 1199 3520 Dei
1219 3482 1232 3532 ;
1255 3464 1348 3521 sed
1377 3466 1611 3522 intendit
1632 3465 2004 3538 principaliter
2027 3463 2311 3530 delectari,

316 3555 382 3610 ad
405 3555 552 3627 quod
574 3556 926 3627 consequitur
959 3557 1132 3610 Deum
1162 3562 1494 3622 contemnat,
1523 3566 1722 3628 praeter
1747 3551 2099 3629 principalem
2127 3551 2315 3607 inten-

321 3639 518 3700 tionem
542 3645 800 3706 mandata
825 3646 944 3717 ejus
974 3645 1398 3716 transgrediens.

387 3731 468 3786 Ad
491 3734 787 3788 secundum
812 3733 1291 3806 dicendum,quod
1329 3733 1560 3789 simonia
1598 3749 1701 3789 non
1740 3737 1824 3788 est
1854 3730 2148 3786 maximum
2179 3743 2311 3802 pece-

260 3842 268 3848 ·
316 3826 502 3876 catum
544 3820 876 3893 simpliciter,
917 3821 1010 3878 sed
1051 3821 1346 3878 maximum
1393 3822 1537 3876 inter
1583 3820 1675 3876 illa
1716 3836 1840 3892 quae
1892 3819 2311 3878 committuntur

318 3907 466 3965 circa
489 3915 800 3966 contractus
828 3909 1200 3983 pecuniarios;
1228 3915 1280 3966 et
1309 3909 1413 3965 hoc
1442 3908 1612 3965 etiam
1634 3915 1718 3966 est
1752 3923 1819 3964 ex
1856 3906 1961 3964 hoc
1986 3905 2132 3981 quod
2170 3906 2312 3963 irre-
