<?xml version="1.0" encoding="UTF-8"?>
<!DOCTYPE html PUBLIC "-//W3C//DTD XHTML 1.0 Transitional//EN"
    "http://www.w3.org/TR/xhtml1/DTD/xhtml1-transitional.dtd">
<html xmlns="http://www.w3.org/1999/xhtml" xml:lang="en" lang="en">
 <head>
  <title>
</title>
<meta http-equiv="Content-Type" content="text/html;charset=utf-8" />
  <meta name='ocr-system' content='tesseract 3.04.00' />
  <meta name='ocr-capabilities' content='ocr_page ocr_carea ocr_par ocr_line ocrx_word'/>
</head>
<body>
  <div class='ocr_page' id='page_1' title='image "./sthomaquinatisd00thomgoog_0464.png"; bbox 0 0 2800 4492; ppageno 0'>
   <div class='ocr_carea' id='block_1_1' title="bbox 560 313 2092 389">
    <p class='ocr_par' dir='ltr' id='par_1_1' title="bbox 560 313 2092 389">
     <span class='ocr_line' id='line_1_1' title="bbox 560 313 2092 389; baseline -0.001 -3"><span class='ocrx_word' id='word_1_1' title='bbox 560 313 689 386; x_wconf 70' lang='lat'><strong>450</strong></span> <span class='ocrx_word' id='word_1_2' title='bbox 1038 335 1108 384; x_wconf 67' lang='grc'><strong>8.·</strong></span> <span class='ocrx_word' id='word_1_3' title='bbox 1122 333 1368 384; x_wconf 65' lang='lat' dir='ltr'><strong>-moum</strong></span> <span class='ocrx_word' id='word_1_4' title='bbox 1409 335 1758 389; x_wconf 54' lang='lat' dir='ltr'><strong>nomime·</strong></span> <span class='ocrx_word' id='word_1_5' title='bbox 1779 334 2092 384; x_wconf 67' lang='lat' dir='ltr'><strong>oruscou</strong></span> 
     </span>
    </p>
   </div>
   <div class='ocr_carea' id='block_1_2' title="bbox 560 447 2580 2652">
    <p class='ocr_par' dir='ltr' id='par_1_2' title="bbox 560 447 2577 1056">
     <span class='ocr_line' id='line_1_2' title="bbox 560 447 2575 527; baseline -0.005 -14"><span class='ocrx_word' id='word_1_6' title='bbox 560 449 877 513; x_wconf 74' lang='lat' dir='ltr'><strong>Alio&#39;niodo</strong></span> <span class='ocrx_word' id='word_1_7' title='bbox 902 453 1173 526; x_wconf 83' lang='lat' dir='ltr'><strong>contingit</strong></span> <span class='ocrx_word' id='word_1_8' title='bbox 1206 453 1395 511; x_wconf 88' lang='lat' dir='ltr'><strong>videre</strong></span> <span class='ocrx_word' id='word_1_9' title='bbox 1435 453 1666 527; x_wconf 83' lang='lat' dir='ltr'>gloriam</span> <span class='ocrx_word' id='word_1_10' title='bbox 1708 453 2016 519; x_wconf 82' lang='lat' dir='ltr'><strong>beatorum,</strong></span> <span class='ocrx_word' id='word_1_11' title='bbox 2048 454 2111 506; x_wconf 79' lang='lat' dir='ltr'><strong>ut</strong></span> <span class='ocrx_word' id='word_1_12' title='bbox 2149 449 2456 507; x_wconf 80' lang='lat' dir='ltr'><strong>videantur·</strong></span> <span class='ocrx_word' id='word_1_13' title='bbox 2473 447 2575 520; x_wconf 86' lang='lat' dir='ltr'><strong>ipsi</strong></span> 
     </span>
     <span class='ocr_line' id='line_1_3' title="bbox 560 537 2568 616; baseline -0.002 -18"><span class='ocrx_word' id='word_1_14' title='bbox 560 541 708 600; x_wconf 82' lang='lat' dir='ltr'><strong>beati</strong></span> <span class='ocrx_word' id='word_1_15' title='bbox 730 558 852 600; x_wconf 87' lang='lat' dir='ltr'><strong>esse</strong></span> <span class='ocrx_word' id='word_1_16' title='bbox 879 543 933 598; x_wconf 88' lang='lat' dir='ltr'><strong>in</strong></span> <span class='ocrx_word' id='word_1_17' title='bbox 958 541 1196 616; x_wconf 87' lang='lat' dir='ltr'><strong>quadam</strong></span> <span class='ocrx_word' id='word_1_18' title='bbox 1218 542 1392 614; x_wconf 86' lang='lat' dir='ltr'><strong>gloria</strong></span> <span class='ocrx_word' id='word_1_19' title='bbox 1414 541 1766 599; x_wconf 86' lang='lat' dir='ltr'><strong>inenarrabili</strong></span> <span class='ocrx_word' id='word_1_20' title='bbox 1795 548 1851 597; x_wconf 87' lang='lat' dir='ltr'><strong>et</strong></span> <span class='ocrx_word' id='word_1_21' title='bbox 1871 539 2170 597; x_wconf 78' lang='lat' dir='ltr'>excedente</span> <span class='ocrx_word' id='word_1_22' title='bbox 2196 537 2568 604; x_wconf 80' lang='lat' dir='ltr'><strong>intellectum3</strong></span> 
     </span>
     <span class='ocr_line' id='line_1_4' title="bbox 561 629 2571 705; baseline -0.003 -19"><span class='ocrx_word' id='word_1_23' title='bbox 561 632 722 688; x_wconf 81' lang='lat' dir='ltr'><strong>etsie</strong></span> <span class='ocrx_word' id='word_1_24' title='bbox 756 631 999 688; x_wconf 86' lang='lat' dir='ltr'><strong>damnati</strong></span> <span class='ocrx_word' id='word_1_25' title='bbox 1032 637 1159 687; x_wconf 86' lang='lat' dir='ltr'><strong>ante</strong></span> <span class='ocrx_word' id='word_1_26' title='bbox 1189 631 1335 687; x_wconf 87' lang='lat' dir='ltr'><strong>diem</strong></span> <span class='ocrx_word' id='word_1_27' title='bbox 1368 631 1565 705; x_wconf 88' lang='lat' dir='ltr'><strong>judicii</strong></span> <span class='ocrx_word' id='word_1_28' title='bbox 1603 630 1792 686; x_wconf 88' lang='lat' dir='ltr'><strong>vident</strong></span> <span class='ocrx_word' id='word_1_29' title='bbox 1821 629 2052 702; x_wconf 78' lang='lat' dir='ltr'><strong>gloriam</strong></span> <span class='ocrx_word' id='word_1_30' title='bbox 2088 633 2435 693; x_wconf 86' lang='lat' dir='ltr'><strong>sanctorum,</strong></span> <span class='ocrx_word' id='word_1_31' title='bbox 2466 641 2571 681; x_wconf 84' lang='lat' dir='ltr'><strong>non</strong></span> 
     </span>
     <span class='ocr_line' id='line_1_5' title="bbox 562 718 2574 792; baseline -0.003 -16"><span class='ocrx_word' id='word_1_32' title='bbox 562 729 751 776; x_wconf 85' lang='lat' dir='ltr'><strong>autem</strong></span> <span class='ocrx_word' id='word_1_33' title='bbox 782 725 906 792; x_wconf 86' lang='lat' dir='ltr'><strong>post</strong></span> <span class='ocrx_word' id='word_1_34' title='bbox 941 720 1086 774; x_wconf 88' lang='lat' dir='ltr'><strong>diem</strong></span> <span class='ocrx_word' id='word_1_35' title='bbox 1124 719 1319 792; x_wconf 86' lang='lat' dir='ltr'><strong>judicii</strong></span> <span class='ocrx_word' id='word_1_36' title='bbox 1349 736 1363 774; x_wconf 75' lang='grc' dir='ltr'><em>τ</em></span> <span class='ocrx_word' id='word_1_37' title='bbox 1394 718 1524 792; x_wconf 88' lang='lat' dir='ltr'><strong>quia</strong></span> <span class='ocrx_word' id='word_1_38' title='bbox 1575 728 1705 775; x_wconf 80' lang='lat' dir='ltr'><strong>tunc</strong></span> <span class='ocrx_word' id='word_1_39' title='bbox 1733 727 1893 774; x_wconf 85' lang='lat' dir='ltr'><strong>erunt</strong></span> <span class='ocrx_word' id='word_1_40' title='bbox 1936 718 2154 790; x_wconf 82' lang='lat' dir='ltr'><strong>penitus</strong></span> <span class='ocrx_word' id='word_1_41' title='bbox 2192 732 2225 772; x_wconf 90' lang='lat' dir='ltr'><strong>a</strong></span> <span class='ocrx_word' id='word_1_42' title='bbox 2259 721 2574 772; x_wconf 88' lang='lat' dir='ltr'><strong>sanctorum</strong></span> 
     </span>
     <span class='ocr_line' id='line_1_6' title="bbox 562 805 2574 881; baseline -0.004 -16"><span class='ocrx_word' id='word_1_43' title='bbox 562 807 840 865; x_wconf 88' lang='lat' dir='ltr'><strong>consortio</strong></span> <span class='ocrx_word' id='word_1_44' title='bbox 867 806 1111 872; x_wconf 85' lang='lat' dir='ltr'><strong>alienati,</strong></span> <span class='ocrx_word' id='word_1_45' title='bbox 1142 816 1201 863; x_wconf 84' lang='lat' dir='ltr'><strong>ut</strong></span> <span class='ocrx_word' id='word_1_46' title='bbox 1230 808 1323 881; x_wconf 90' lang='lat' dir='ltr'><strong>qui</strong></span> <span class='ocrx_word' id='word_1_47' title='bbox 1364 807 1434 865; x_wconf 81' lang='lat' dir='ltr'><strong>ad</strong></span> <span class='ocrx_word' id='word_1_48' title='bbox 1463 822 1736 864; x_wconf 82' lang='lat' dir='ltr'><strong>summum</strong></span> <span class='ocrx_word' id='word_1_49' title='bbox 1759 808 1876 879; x_wconf 88' lang='lat' dir='ltr'><strong>jam</strong></span> <span class='ocrx_word' id='word_1_50' title='bbox 1917 805 2157 862; x_wconf 85' lang='lat' dir='ltr'><strong>miseriae</strong></span> <span class='ocrx_word' id='word_1_51' title='bbox 2188 807 2574 877; x_wconf 85' lang='lat' dir='ltr'><strong>pervenerunt,</strong></span> 
     </span>
     <span class='ocr_line' id='line_1_7' title="bbox 564 891 2577 966; baseline -0.002 -16"><span class='ocrx_word' id='word_1_52' title='bbox 564 902 618 950; x_wconf 86' lang='lat' dir='ltr'><strong>et</strong></span> <span class='ocrx_word' id='word_1_53' title='bbox 646 894 768 950; x_wconf 88' lang='lat' dir='ltr'><strong>ideo</strong></span> <span class='ocrx_word' id='word_1_54' title='bbox 806 910 908 952; x_wconf 90' lang='lat' dir='ltr'><strong>nec</strong></span> <span class='ocrx_word' id='word_1_55' title='bbox 946 895 1116 952; x_wconf 88' lang='lat' dir='ltr'><strong>etiam</strong></span> <span class='ocrx_word' id='word_1_56' title='bbox 1157 904 1473 952; x_wconf 86' lang='lat' dir='ltr'><strong>sanctorum</strong></span> <span class='ocrx_word' id='word_1_57' title='bbox 1503 896 1780 952; x_wconf 86' lang='lat' dir='ltr'><strong>consortio</strong></span> <span class='ocrx_word' id='word_1_58' title='bbox 1808 895 1959 966; x_wconf 84' lang='lat' dir='ltr'>digni</span> <span class='ocrx_word' id='word_1_59' title='bbox 2001 891 2404 964; x_wconf 71' lang='lat' dir='ltr'><strong>habebuntur:</strong></span> <span class='ocrx_word' id='word_1_60' title='bbox 2455 906 2577 948; x_wconf 88' lang='lat' dir='ltr'><strong>nam</strong></span> 
     </span>
     <span class='ocr_line' id='line_1_8' title="bbox 566 981 2245 1056; baseline 0.001 -20"><span class='ocrx_word' id='word_1_61' title='bbox 566 981 999 1056; x_wconf 75' lang='lat' dir='ltr'><strong>videns‘aliquod</strong></span> <span class='ocrx_word' id='word_1_62' title='bbox 1030 983 1367 1040; x_wconf 78' lang='lat' dir='ltr'><strong>consortium</strong></span> <span class='ocrx_word' id='word_1_63' title='bbox 1394 983 1560 1040; x_wconf 86' lang='lat' dir='ltr'><strong>habet</strong></span> <span class='ocrx_word' id='word_1_64' title='bbox 1584 999 1709 1040; x_wconf 89' lang='lat' dir='ltr'><strong>cum</strong></span> <span class='ocrx_word' id='word_1_65' title='bbox 1735 999 1802 1040; x_wconf 89' lang='lat' dir='ltr'><strong>eo</strong></span> <span class='ocrx_word' id='word_1_66' title='bbox 1829 981 1974 1056; x_wconf 86' lang='lat' dir='ltr'><strong>quod</strong></span> <span class='ocrx_word' id='word_1_67' title='bbox 2005 982 2180 1038; x_wconf 83' lang='lat' dir='ltr'><strong>videt.</strong></span> <span class='ocrx_word' id='word_1_68' title='bbox 2238 989 2245 1001; x_wconf 83' lang='lat'><strong>·</strong></span> 
     </span>
    </p>

    <p class='ocr_par' dir='ltr' id='par_1_3' title="bbox 562 1070 2580 1500">
     <span class='ocr_line' id='line_1_9' title="bbox 634 1070 2574 1145; baseline -0.001 -17"><span class='ocrx_word' id='word_1_69' title='bbox 634 1071 715 1128; x_wconf 76' lang='lat' dir='ltr'><strong>Ad</strong></span> <span class='ocrx_word' id='word_1_70' title='bbox 746 1073 980 1145; x_wconf 80' lang='lat' dir='ltr'><strong>primum</strong></span> <span class='ocrx_word' id='word_1_71' title='bbox 1004 1089 1135 1145; x_wconf 83' lang='lat' dir='ltr'><strong>ergo</strong></span> <span class='ocrx_word' id='word_1_72' title='bbox 1173 1071 1488 1139; x_wconf 86' lang='lat' dir='ltr'><strong>dicendum,</strong></span> <span class='ocrx_word' id='word_1_73' title='bbox 1517 1071 1704 1128; x_wconf 88' lang='lat' dir='ltr'><strong>videre</strong></span> <span class='ocrx_word' id='word_1_74' title='bbox 1731 1070 2011 1127; x_wconf 83' lang='lat' dir='ltr'><strong>miseriam</strong></span> <span class='ocrx_word' id='word_1_75' title='bbox 2039 1070 2436 1128; x_wconf 83' lang='lat' dir='ltr'><strong>damnatorum</strong></span> <span class='ocrx_word' id='word_1_76' title='bbox 2459 1083 2574 1126; x_wconf 91' lang='lat' dir='ltr'><strong>om·</strong></span> 
     </span>
     <span class='ocr_line' id='line_1_10' title="bbox 566 1158 2576 1233; baseline -0.001 -17"><span class='ocrx_word' id='word_1_77' title='bbox 566 1161 693 1216; x_wconf 89' lang='lat' dir='ltr'><strong>nino</strong></span> <span class='ocrx_word' id='word_1_78' title='bbox 716 1161 823 1215; x_wconf 88' lang='lat' dir='ltr'><strong>erit</strong></span> <span class='ocrx_word' id='word_1_79' title='bbox 846 1162 1055 1218; x_wconf 78' lang='lat' dir='ltr'><strong>sanctis</strong></span> <span class='ocrx_word' id='word_1_80' title='bbox 1080 1161 1149 1218; x_wconf 88' lang='lat' dir='ltr'><strong>ad</strong></span> <span class='ocrx_word' id='word_1_81' title='bbox 1190 1161 1456 1233; x_wconf 70' lang='lat' dir='ltr'><strong>gloriarm</strong></span> <span class='ocrx_word' id='word_1_82' title='bbox 1489 1160 1806 1233; x_wconf 84' lang='lat' dir='ltr'><strong>gaudebunt</strong></span> <span class='ocrx_word' id='word_1_83' title='bbox 1841 1159 1988 1216; x_wconf 88' lang='lat' dir='ltr'><strong>enim</strong></span> <span class='ocrx_word' id='word_1_84' title='bbox 2015 1159 2086 1215; x_wconf 86' lang='lat' dir='ltr'><strong>de</strong></span> <span class='ocrx_word' id='word_1_85' title='bbox 2102 1158 2330 1231; x_wconf 85' lang='lat' dir='ltr'><strong>justitia</strong></span> <span class='ocrx_word' id='word_1_86' title='bbox 2371 1159 2492 1224; x_wconf 86' lang='lat' dir='ltr'><strong>Dei,</strong></span> <span class='ocrx_word' id='word_1_87' title='bbox 2523 1164 2576 1214; x_wconf 85' lang='lat' dir='ltr'><strong>et</strong></span> 
     </span>
     <span class='ocr_line' id='line_1_11' title="bbox 562 1246 2576 1319; baseline -0.001 -15"><span class='ocrx_word' id='word_1_88' title='bbox 562 1248 633 1304; x_wconf 89' lang='lat' dir='ltr'><strong>de</strong></span> <span class='ocrx_word' id='word_1_89' title='bbox 660 1263 759 1304; x_wconf 85' lang='lat' dir='ltr'><strong>sua</strong></span> <span class='ocrx_word' id='word_1_90' title='bbox 782 1250 1039 1306; x_wconf 80' lang='lat' dir='ltr'><strong>evasione</strong></span> <span class='ocrx_word' id='word_1_91' title='bbox 1062 1266 1079 1318; x_wconf 72' lang='grc' dir='ltr'><strong>ς</strong></span> <span class='ocrx_word' id='word_1_92' title='bbox 1100 1250 1401 1307; x_wconf 86' lang='lat' dir='ltr'><strong>secundum</strong></span> <span class='ocrx_word' id='word_1_93' title='bbox 1424 1249 1552 1305; x_wconf 88' lang='lat' dir='ltr'><strong>illud</strong></span> <span class='ocrx_word' id='word_1_94' title='bbox 1587 1248 1782 1305; x_wconf 80' lang='lat' dir='ltr'><strong>Psalm.</strong></span> <span class='ocrx_word' id='word_1_95' title='bbox 1809 1263 1947 1312; x_wconf 71' lang='lat' dir='ltr'><strong>nvn,</strong></span> <span class='ocrx_word' id='word_1_96' title='bbox 1982 1252 2036 1305; x_wconf 80' lang='lat'><strong>2.</strong></span> <span class='ocrx_word' id='word_1_97' title='bbox 2067 1246 2380 1304; x_wconf 68' lang='lat' dir='ltr'><strong>Laetabitur</strong></span> <span class='ocrx_word' id='word_1_98' title='bbox 2395 1248 2576 1319; x_wconf 61' lang='lat' dir='ltr'><strong>,iustus</strong></span> 
     </span>
     <span class='ocr_line' id='line_1_12' title="bbox 564 1334 2580 1409; baseline 0 -18"><span class='ocrx_word' id='word_1_99' title='bbox 564 1351 683 1392; x_wconf 75' lang='lat' dir='ltr'><strong>cum</strong></span> <span class='ocrx_word' id='word_1_100' title='bbox 708 1335 908 1394; x_wconf 80' lang='lat' dir='ltr'><strong>viderit</strong></span> <span class='ocrx_word' id='word_1_101' title='bbox 934 1337 1245 1396; x_wconf 71' lang='lat' dir='ltr'><strong>vindictam.</strong></span> <span class='ocrx_word' id='word_1_102' title='bbox 1272 1339 1379 1396; x_wconf 89' lang='lat' dir='ltr'><strong>Sed</strong></span> <span class='ocrx_word' id='word_1_103' title='bbox 1403 1339 1592 1395; x_wconf 87' lang='lat' dir='ltr'><strong>videre</strong></span> <span class='ocrx_word' id='word_1_104' title='bbox 1619 1343 1937 1394; x_wconf 83' lang='lat' dir='ltr'><strong>sanctorum</strong></span> <span class='ocrx_word' id='word_1_105' title='bbox 1964 1335 2198 1407; x_wconf 80' lang='lat' dir='ltr'><strong>gloriam</strong></span> <span class='ocrx_word' id='word_1_106' title='bbox 2225 1334 2448 1409; x_wconf 85' lang='lat' dir='ltr'><strong>aliquid</strong></span> <span class='ocrx_word' id='word_1_107' title='bbox 2473 1337 2580 1392; x_wconf 87' lang='lat' dir='ltr'><strong>im-</strong></span> 
     </span>
     <span class='ocr_line' id='line_1_13' title="bbox 564 1425 2140 1500; baseline -0.001 -18"><span class='ocrx_word' id='word_1_108' title='bbox 564 1431 771 1500; x_wconf 76' lang='lat' dir='ltr'><strong>portat,</strong></span> <span class='ocrx_word' id='word_1_109' title='bbox 800 1441 909 1498; x_wconf 87' lang='lat' dir='ltr'><strong>qua</strong></span> <span class='ocrx_word' id='word_1_110' title='bbox 939 1434 1063 1500; x_wconf 78' lang='lat' dir='ltr'><strong>post</strong></span> <span class='ocrx_word' id='word_1_111' title='bbox 1091 1427 1238 1482; x_wconf 86' lang='lat' dir='ltr'><strong>diem</strong></span> <span class='ocrx_word' id='word_1_112' title='bbox 1260 1427 1453 1498; x_wconf 85' lang='lat' dir='ltr'><strong>judicii</strong></span> <span class='ocrx_word' id='word_1_113' title='bbox 1485 1425 1730 1482; x_wconf 87' lang='lat' dir='ltr'><strong>damnati</strong></span> <span class='ocrx_word' id='word_1_114' title='bbox 1757 1425 2140 1498; x_wconf 81' lang='lat' dir='ltr'><strong>privabuntur.</strong></span> 
     </span>
    </p>

    <p class='ocr_par' dir='ltr' id='par_1_4' title="bbox 560 1511 2580 2203">
     <span class='ocr_line' id='line_1_14' title="bbox 636 1511 2580 1588; baseline -0.002 -16"><span class='ocrx_word' id='word_1_115' title='bbox 636 1514 721 1572; x_wconf 82' lang='lat' dir='ltr'><strong>Ad</strong></span> <span class='ocrx_word' id='word_1_116' title='bbox 764 1517 1063 1572; x_wconf 86' lang='lat' dir='ltr'><strong>secundum</strong></span> <span class='ocrx_word' id='word_1_117' title='bbox 1111 1515 1423 1582; x_wconf 84' lang='lat' dir='ltr'><strong>dicendum,</strong></span> <span class='ocrx_word' id='word_1_118' title='bbox 1471 1514 1618 1588; x_wconf 87' lang='lat' dir='ltr'><strong>quod</strong></span> <span class='ocrx_word' id='word_1_119' title='bbox 1663 1514 1907 1570; x_wconf 86' lang='lat' dir='ltr'><strong>damnati</strong></span> <span class='ocrx_word' id='word_1_120' title='bbox 1937 1512 1993 1569; x_wconf 89' lang='lat' dir='ltr'><strong>in</strong></span> <span class='ocrx_word' id='word_1_121' title='bbox 2027 1512 2241 1570; x_wconf 85' lang='lat' dir='ltr'><strong>inferno</strong></span> <span class='ocrx_word' id='word_1_122' title='bbox 2277 1511 2580 1570; x_wconf 64' lang='lat' dir='ltr'><strong>existentes</strong></span> 
     </span>
     <span class='ocr_line' id='line_1_15' title="bbox 568 1601 2580 1677; baseline -0.001 -19"><span class='ocrx_word' id='word_1_123' title='bbox 568 1609 694 1674; x_wconf 82' lang='lat' dir='ltr'><strong>post</strong></span> <span class='ocrx_word' id='word_1_124' title='bbox 720 1602 867 1660; x_wconf 87' lang='lat' dir='ltr'><strong>diem</strong></span> <span class='ocrx_word' id='word_1_125' title='bbox 902 1603 1099 1677; x_wconf 87' lang='lat' dir='ltr'><strong>judicii</strong></span> <span class='ocrx_word' id='word_1_126' title='bbox 1141 1619 1413 1660; x_wconf 83' lang='lat' dir='ltr'><strong>memores</strong></span> <span class='ocrx_word' id='word_1_127' title='bbox 1448 1609 1610 1659; x_wconf 84' lang='lat' dir='ltr'><strong>erunt</strong></span> <span class='ocrx_word' id='word_1_128' title='bbox 1637 1601 1828 1674; x_wconf 81' lang='lat' dir='ltr'><strong>gloriae</strong></span> <span class='ocrx_word' id='word_1_129' title='bbox 1868 1609 2208 1668; x_wconf 87' lang='lat' dir='ltr'><strong>sanctorum,</strong></span> <span class='ocrx_word' id='word_1_130' title='bbox 2243 1617 2421 1674; x_wconf 88' lang='lat' dir='ltr'><strong>quam</strong></span> <span class='ocrx_word' id='word_1_131' title='bbox 2457 1607 2580 1658; x_wconf 88' lang='lat' dir='ltr'><strong>ante</strong></span> 
     </span>
     <span class='ocr_line' id='line_1_16' title="bbox 560 1689 2579 1764; baseline -0.001 -18"><span class='ocrx_word' id='word_1_132' title='bbox 560 1689 831 1762; x_wconf 85' lang='lat' dir='ltr'><strong>judicium</strong></span> <span class='ocrx_word' id='word_1_133' title='bbox 860 1698 916 1747; x_wconf 88' lang='lat' dir='ltr'><strong>et</strong></span> <span class='ocrx_word' id='word_1_134' title='bbox 958 1693 1011 1747; x_wconf 90' lang='lat' dir='ltr'><strong>in</strong></span> <span class='ocrx_word' id='word_1_135' title='bbox 1048 1691 1596 1764; x_wconf 83' lang='lat' dir='ltr'><strong>judicio.viderunt;</strong></span> <span class='ocrx_word' id='word_1_136' title='bbox 1637 1696 1694 1746; x_wconf 87' lang='lat' dir='ltr'><strong>et</strong></span> <span class='ocrx_word' id='word_1_137' title='bbox 1735 1689 2186 1762; x_wconf 74' lang='lat' dir='ltr'><strong>sic‘cognoscent</strong></span> <span class='ocrx_word' id='word_1_138' title='bbox 2230 1706 2333 1747; x_wconf 88' lang='lat' dir='ltr'><strong>eos</strong></span> <span class='ocrx_word' id='word_1_139' title='bbox 2368 1704 2492 1746; x_wconf 62' lang='lat' dir='ltr'><strong>mse</strong></span> <span class='ocrx_word' id='word_1_140' title='bbox 2527 1690 2579 1745; x_wconf 91' lang='lat' dir='ltr'><strong>in</strong></span> 
     </span>
     <span class='ocr_line' id='line_1_17' title="bbox 568 1778 2578 1853; baseline -0.001 -19"><span class='ocrx_word' id='word_1_141' title='bbox 568 1779 808 1836; x_wconf 80' lang='lat' dir='ltr'><strong>maxime</strong></span> <span class='ocrx_word' id='word_1_142' title='bbox 850 1779 1044 1850; x_wconf 84' lang='lat' dir='ltr'><strong>gloria,</strong></span> <span class='ocrx_word' id='word_1_143' title='bbox 1096 1781 1347 1851; x_wconf 83' lang='lat' dir='ltr'><strong>quamvis</strong></span> <span class='ocrx_word' id='word_1_144' title='bbox 1383 1796 1492 1836; x_wconf 88' lang='lat' dir='ltr'><strong>non</strong></span> <span class='ocrx_word' id='word_1_145' title='bbox 1537 1779 1762 1836; x_wconf 84' lang='lat' dir='ltr'><strong>videant</strong></span> <span class='ocrx_word' id='word_1_146' title='bbox 1803 1779 1950 1853; x_wconf 87' lang='lat' dir='ltr'><strong>ipsos</strong></span> <span class='ocrx_word' id='word_1_147' title='bbox 1998 1778 2209 1844; x_wconf 86' lang='lat' dir='ltr'><strong>beatos,</strong></span> <span class='ocrx_word' id='word_1_148' title='bbox 2253 1791 2359 1835; x_wconf 90' lang='lat' dir='ltr'><strong>nec</strong></span> <span class='ocrx_word' id='word_1_149' title='bbox 2393 1793 2578 1835; x_wconf 84' lang='lat' dir='ltr'><strong>eornm</strong></span> 
     </span>
     <span class='ocr_line' id='line_1_18' title="bbox 570 1864 2576 1943; baseline 0.001 -24"><span class='ocrx_word' id='word_1_150' title='bbox 570 1864 829 1936; x_wconf 79' lang='lat' dir='ltr'><strong>gloriam3</strong></span> <span class='ocrx_word' id='word_1_151' title='bbox 854 1875 912 1922; x_wconf 89' lang='lat' dir='ltr'><strong>et</strong></span> <span class='ocrx_word' id='word_1_152' title='bbox 948 1867 1025 1924; x_wconf 87' lang='lat' dir='ltr'><strong>ita</strong></span> <span class='ocrx_word' id='word_1_153' title='bbox 1057 1867 1261 1924; x_wconf 85' lang='lat' dir='ltr'><strong>invidia</strong></span> <span class='ocrx_word' id='word_1_154' title='bbox 1306 1867 1746 1943; x_wconf 85' lang='lat' dir='ltr'><strong>torquebuntur;</strong></span> <span class='ocrx_word' id='word_1_155' title='bbox 1775 1875 1832 1924; x_wconf 82' lang='lat' dir='ltr'><strong>et</strong></span> <span class='ocrx_word' id='word_1_156' title='bbox 1869 1868 1950 1924; x_wconf 87' lang='lat' dir='ltr'><strong>sic</strong></span> <span class='ocrx_word' id='word_1_157' title='bbox 1979 1866 2204 1924; x_wconf 81' lang='lat' dir='ltr'><strong>afflictio</strong></span> <span class='ocrx_word' id='word_1_158' title='bbox 2243 1882 2375 1940; x_wconf 81' lang='lat' dir='ltr'><strong>quae</strong></span> <span class='ocrx_word' id='word_1_159' title='bbox 2414 1867 2576 1924; x_wconf 86' lang='lat' dir='ltr'><strong>estin</strong></span> 
     </span>
     <span class='ocr_line' id='line_1_19' title="bbox 570 1953 2578 2028; baseline 0.002 -22"><span class='ocrx_word' id='word_1_160' title='bbox 570 1953 653 2007; x_wconf 88' lang='lat' dir='ltr'><strong>eis</strong></span> <span class='ocrx_word' id='word_1_161' title='bbox 683 1967 829 2009; x_wconf 83' lang='lat' dir='ltr'><strong>nunc</strong></span> <span class='ocrx_word' id='word_1_162' title='bbox 852 1969 919 2010; x_wconf 83' lang='lat' dir='ltr'><strong>ex</strong></span> <span class='ocrx_word' id='word_1_163' title='bbox 953 1954 1049 2011; x_wconf 85' lang='lat' dir='ltr'><strong>tali</strong></span> <span class='ocrx_word' id='word_1_164' title='bbox 1090 1954 1317 2023; x_wconf 84' lang='lat' dir='ltr'><strong>visione,</strong></span> <span class='ocrx_word' id='word_1_165' title='bbox 1348 1954 1591 2014; x_wconf 86' lang='lat' dir='ltr'><strong>manebit</strong></span> <span class='ocrx_word' id='word_1_166' title='bbox 1633 1956 1845 2013; x_wconf 84' lang='lat' dir='ltr'><strong>visione</strong></span> <span class='ocrx_word' id='word_1_167' title='bbox 1876 1955 2094 2012; x_wconf 85' lang='lat' dir='ltr'><strong>sublata</strong></span> <span class='ocrx_word' id='word_1_168' title='bbox 2127 1971 2142 2010; x_wconf 71' lang='grc' dir='ltr'><strong><em>ε</em></strong></span> <span class='ocrx_word' id='word_1_169' title='bbox 2173 1955 2242 2010; x_wconf 90' lang='lat' dir='ltr'><strong>de</strong></span> <span class='ocrx_word' id='word_1_170' title='bbox 2271 1971 2386 2028; x_wconf 88' lang='lat' dir='ltr'><strong>quo</strong></span> <span class='ocrx_word' id='word_1_171' title='bbox 2414 1954 2578 2011; x_wconf 87' lang='lat' dir='ltr'><strong>etiam</strong></span> 
     </span>
     <span class='ocr_line' id='line_1_20' title="bbox 571 2042 2578 2116; baseline 0 -18"><span class='ocrx_word' id='word_1_172' title='bbox 571 2042 749 2113; x_wconf 83' lang='lat' dir='ltr'><strong>magis</strong></span> <span class='ocrx_word' id='word_1_173' title='bbox 782 2042 1045 2101; x_wconf 87' lang='lat' dir='ltr'><strong>dolebunt</strong></span> <span class='ocrx_word' id='word_1_174' title='bbox 1086 2044 1335 2102; x_wconf 85' lang='lat' dir='ltr'><strong>videntes</strong></span> <span class='ocrx_word' id='word_1_175' title='bbox 1383 2045 1660 2102; x_wconf 86' lang='lat' dir='ltr'><strong>se&#39;etiam</strong></span> <span class='ocrx_word' id='word_1_176' title='bbox 1699 2045 1908 2104; x_wconf 83' lang='lat' dir='ltr'><strong>visione</strong></span> <span class='ocrx_word' id='word_1_177' title='bbox 1951 2049 2273 2102; x_wconf 82' lang='lat' dir='ltr'><strong>sanctorum</strong></span> <span class='ocrx_word' id='word_1_178' title='bbox 2328 2042 2578 2116; x_wconf 85' lang='lat' dir='ltr'><strong>indignos</strong></span> 
     </span>
     <span class='ocr_line' id='line_1_21' title="bbox 570 2137 873 2203; baseline 0.013 -17"><span class='ocrx_word' id='word_1_179' title='bbox 570 2137 873 2203; x_wconf 71' lang='lat' dir='ltr'><strong>reputatos.</strong></span> 
     </span>
    </p>

    <p class='ocr_par' dir='ltr' id='par_1_5' title="bbox 570 2220 2578 2652">
     <span class='ocr_line' id='line_1_22' title="bbox 638 2220 2578 2296; baseline 0.001 -21"><span class='ocrx_word' id='word_1_180' title='bbox 638 2220 723 2276; x_wconf 83' lang='lat' dir='ltr'><strong>Ad</strong></span> <span class='ocrx_word' id='word_1_181' title='bbox 754 2221 885 2279; x_wconf 83' lang='lat' dir='ltr'><strong>illud</strong></span> <span class='ocrx_word' id='word_1_182' title='bbox 916 2223 1060 2296; x_wconf 88' lang='lat' dir='ltr'><strong>quod</strong></span> <span class='ocrx_word' id='word_1_183' title='bbox 1090 2228 1281 2280; x_wconf 79' lang='lat' dir='ltr'><strong>contra</strong></span> <span class='ocrx_word' id='word_1_184' title='bbox 1306 2223 1581 2295; x_wconf 81' lang='lat' dir='ltr'><strong>objicitur,</strong></span> <span class='ocrx_word' id='word_1_185' title='bbox 1614 2222 1930 2289; x_wconf 87' lang='lat' dir='ltr'><strong>dicendum,</strong></span> <span class='ocrx_word' id='word_1_186' title='bbox 1956 2221 2103 2296; x_wconf 82' lang='lat' dir='ltr'><strong>&#39;quod</strong></span> <span class='ocrx_word' id='word_1_187' title='bbox 2133 2220 2324 2278; x_wconf 87' lang='lat' dir='ltr'><strong>videre</strong></span> <span class='ocrx_word' id='word_1_188' title='bbox 2348 2227 2578 2280; x_wconf 82' lang='lat' dir='ltr'><strong>sancto-</strong></span> 
     </span>
     <span class='ocr_line' id='line_1_23' title="bbox 572 2309 2576 2383; baseline 0 -19"><span class='ocrx_word' id='word_1_189' title='bbox 572 2323 693 2365; x_wconf 89' lang='lat' dir='ltr'><strong>rum</strong></span> <span class='ocrx_word' id='word_1_190' title='bbox 720 2309 951 2381; x_wconf 82' lang='lat' dir='ltr'><strong>gloriam</strong></span> <span class='ocrx_word' id='word_1_191' title='bbox 980 2328 1085 2369; x_wconf 89' lang='lat' dir='ltr'><strong>non</strong></span> <span class='ocrx_word' id='word_1_192' title='bbox 1114 2321 1193 2368; x_wconf 87' lang='lat' dir='ltr'><strong>est</strong></span> <span class='ocrx_word' id='word_1_193' title='bbox 1224 2313 1459 2369; x_wconf 88' lang='lat' dir='ltr'><strong>materia</strong></span> <span class='ocrx_word' id='word_1_194' title='bbox 1483 2311 1866 2369; x_wconf 78' lang='lat' dir='ltr'><strong>delectationis</strong></span> <span class='ocrx_word' id='word_1_195' title='bbox 1885 2311 1988 2367; x_wconf 86' lang='lat' dir='ltr'><strong>nisi</strong></span> <span class='ocrx_word' id='word_1_196' title='bbox 2015 2311 2318 2367; x_wconf 88' lang='lat' dir='ltr'><strong>secundum</strong></span> <span class='ocrx_word' id='word_1_197' title='bbox 2344 2311 2576 2383; x_wconf 83' lang='lat' dir='ltr'><strong>primum</strong></span> 
     </span>
     <span class='ocr_line' id='line_1_24' title="bbox 572 2397 2573 2475; baseline 0 -22"><span class='ocrx_word' id='word_1_198' title='bbox 572 2397 793 2475; x_wconf 85' lang='lat' dir='ltr'><strong>modum</strong></span> <span class='ocrx_word' id='word_1_199' title='bbox 820 2399 1046 2458; x_wconf 89' lang='lat' dir='ltr'><strong>visionis</strong></span> <span class='ocrx_word' id='word_1_200' title='bbox 1067 2401 1350 2466; x_wconf 59' lang='lat' dir='ltr'><strong>videntum</strong></span> <span class='ocrx_word' id='word_1_201' title='bbox 1380 2400 1618 2475; x_wconf 82' lang='lat' dir='ltr'><strong>qualiter</strong></span> <span class='ocrx_word' id='word_1_202' title='bbox 1641 2417 1676 2457; x_wconf 82' lang='lat' dir='ltr'><strong>a</strong></span> <span class='ocrx_word' id='word_1_203' title='bbox 1703 2400 1979 2456; x_wconf 86' lang='lat' dir='ltr'><strong>damnatis</strong></span> <span class='ocrx_word' id='word_1_204' title='bbox 2008 2415 2292 2473; x_wconf 83' lang='lat' dir='ltr'><strong>nunquam</strong></span> <span class='ocrx_word' id='word_1_205' title='bbox 2315 2399 2530 2456; x_wconf 76' lang='lat' dir='ltr'><strong>videtur</strong></span> <span class='ocrx_word' id='word_1_206' title='bbox 2559 2415 2573 2454; x_wconf 90' lang='lat'>:</span> 
     </span>
     <span class='ocr_line' id='line_1_25' title="bbox 570 2487 2577 2562; baseline 0 -20"><span class='ocrx_word' id='word_1_207' title='bbox 570 2487 811 2544; x_wconf 81' lang='lat' dir='ltr'><strong>secundo</strong></span> <span class='ocrx_word' id='word_1_208' title='bbox 838 2496 1022 2546; x_wconf 86' lang='lat' dir='ltr'><strong>autem</strong></span> <span class='ocrx_word' id='word_1_209' title='bbox 1050 2488 1209 2546; x_wconf 88' lang='lat' dir='ltr'><strong>modo</strong></span> <span class='ocrx_word' id='word_1_210' title='bbox 1236 2489 1443 2559; x_wconf 85' lang='lat' dir='ltr'><strong>videre,</strong></span> <span class='ocrx_word' id='word_1_211' title='bbox 1475 2495 1533 2547; x_wconf 88' lang='lat' dir='ltr'><strong>et</strong></span> <span class='ocrx_word' id='word_1_212' title='bbox 1558 2498 1677 2547; x_wconf 78' lang='lat' dir='ltr'><strong>non·</strong></span> <span class='ocrx_word' id='word_1_213' title='bbox 1695 2487 1917 2559; x_wconf 84' lang='lat' dir='ltr'><strong>habere,·</strong></span> <span class='ocrx_word' id='word_1_214' title='bbox 1943 2497 2029 2548; x_wconf 87' lang='lat' dir='ltr'><strong>est</strong></span> <span class='ocrx_word' id='word_1_215' title='bbox 2057 2488 2236 2562; x_wconf 86' lang='lat' dir='ltr'><strong>magis</strong></span> <span class='ocrx_word' id='word_1_216' title='bbox 2263 2487 2577 2547; x_wconf 83' lang='lat' dir='ltr'><strong>afflictionis</strong></span> 
     </span>
     <span class='ocr_line' id='line_1_26' title="bbox 572 2577 1293 2652; baseline 0.001 -19"><span class='ocrx_word' id='word_1_217' title='bbox 572 2590 741 2634; x_wconf 82' lang='lat' dir='ltr'><strong>causa</strong></span> <span class='ocrx_word' id='word_1_218' title='bbox 766 2587 987 2652; x_wconf 83' lang='lat' dir='ltr'><strong>propter</strong></span> <span class='ocrx_word' id='word_1_219' title='bbox 1009 2577 1293 2638; x_wconf 87' lang='lat' dir='ltr'><strong>invidiam.</strong></span> 
     </span>
    </p>
   </div>
   <div class='ocr_carea' id='block_1_3' title="bbox 1220 2755 1918 2822">
    <p class='ocr_par' dir='ltr' id='par_1_6' title="bbox 1220 2755 1918 2822">
     <span class='ocr_line' id='line_1_27' title="bbox 1220 2755 1918 2822; baseline 0.007 -6"><span class='ocrx_word' id='word_1_220' title='bbox 1220 2755 1676 2821; x_wconf 85' lang='lat' dir='ltr'>ARTICULUS</span> <span class='ocrx_word' id='word_1_221' title='bbox 1716 2758 1918 2822; x_wconf 89' lang='lat' dir='ltr'>XVII.</span> 
     </span>
    </p>
   </div>
   <div class='ocr_carea' id='block_1_4' title="bbox 660 2875 2495 3062">
    <p class='ocr_par' dir='ltr' id='par_1_7' title="bbox 660 2875 2495 3062">
     <span class='ocr_line' id='line_1_28' title="bbox 660 2875 2495 2974; baseline 0.002 -24"><span class='ocrx_word' id='word_1_222' title='bbox 660 2882 879 2952; x_wconf 73' lang='lat' dir='ltr'><strong>Utrum</strong></span> <span class='ocrx_word' id='word_1_223' title='bbox 906 2886 1182 2953; x_wconf 76' lang='lat' dir='ltr'><strong>damnati</strong></span> <span class='ocrx_word' id='word_1_224' title='bbox 1206 2889 1424 2953; x_wconf 78' lang='lat' dir='ltr'><strong>vellent</strong></span> <span class='ocrx_word' id='word_1_225' title='bbox 1449 2908 1590 2954; x_wconf 74' lang='lat' dir='ltr'><strong>suos</strong></span> <span class='ocrx_word' id='word_1_226' title='bbox 1609 2875 1988 2974; x_wconf 68' lang='lat' dir='ltr'><strong>propinquos</strong></span> <span class='ocrx_word' id='word_1_227' title='bbox 2013 2906 2133 2956; x_wconf 73' lang='lat' dir='ltr'><strong>esse</strong></span> <span class='ocrx_word' id='word_1_228' title='bbox 2151 2889 2495 2957; x_wconf 74' lang='lat' dir='ltr'><strong>damnatos,</strong></span> 
     </span>
     <span class='ocr_line' id='line_1_29' title="bbox 910 2976 2231 3062; baseline 0.004 -25"><span class='ocrx_word' id='word_1_229' title='bbox 910 2976 995 3058; x_wconf 80' lang='lat'><strong>(4,</strong></span> <span class='ocrx_word' id='word_1_230' title='bbox 1026 2977 1172 3041; x_wconf 76' lang='lat' dir='ltr'><strong>dist.</strong></span> <span class='ocrx_word' id='word_1_231' title='bbox 1204 2979 1305 3054; x_wconf 85' lang='lat'><strong>50,</strong></span> <span class='ocrx_word' id='word_1_232' title='bbox 1326 2985 1538 3060; x_wconf 78' lang='lat' dir='ltr'><strong>quaest.</strong></span> <span class='ocrx_word' id='word_1_233' title='bbox 1565 2981 1626 3055; x_wconf 86' lang='lat'><strong>2,</strong></span> <span class='ocrx_word' id='word_1_234' title='bbox 1659 2985 1782 3044; x_wconf 79' lang='lat' dir='ltr'><strong>art.</strong></span> <span class='ocrx_word' id='word_1_235' title='bbox 1815 2981 1875 3056; x_wconf 90' lang='lat'><strong>1,</strong></span> <span class='ocrx_word' id='word_1_236' title='bbox 1899 2986 2111 3062; x_wconf 72' lang='lat' dir='ltr'><strong>quaesc.</strong></span> <span class='ocrx_word' id='word_1_237' title='bbox 2140 2981 2231 3062; x_wconf 84' lang='lat'><strong>4).</strong></span> 
     </span>
    </p>
   </div>
   <div class='ocr_carea' id='block_1_5' title="bbox 563 3107 2594 3887">
    <p class='ocr_par' dir='ltr' id='par_1_8' title="bbox 568 3107 2592 3634">
     <span class='ocr_line' id='line_1_30' title="bbox 640 3107 2586 3188; baseline 0.002 -22"><span class='ocrx_word' id='word_1_238' title='bbox 640 3107 724 3167; x_wconf 83' lang='lat' dir='ltr'><strong>Ad</strong></span> <span class='ocrx_word' id='word_1_239' title='bbox 749 3110 1045 3167; x_wconf 87' lang='lat' dir='ltr'><strong>secundum</strong></span> <span class='ocrx_word' id='word_1_240' title='bbox 1072 3110 1153 3174; x_wconf 85' lang='lat' dir='ltr'><strong>sic</strong></span> <span class='ocrx_word' id='word_1_241' title='bbox 1176 3111 1513 3185; x_wconf 82' lang='lat' dir='ltr'><strong>proceditur.</strong></span> <span class='ocrx_word' id='word_1_242' title='bbox 1538 3113 1770 3171; x_wconf 86' lang='lat' dir='ltr'><strong>Videtur</strong></span> <span class='ocrx_word' id='word_1_243' title='bbox 1793 3113 1938 3188; x_wconf 86' lang='lat' dir='ltr'><strong>quod</strong></span> <span class='ocrx_word' id='word_1_244' title='bbox 1963 3113 2211 3172; x_wconf 83' lang='lat' dir='ltr'><strong>damnati</strong></span> <span class='ocrx_word' id='word_1_245' title='bbox 2239 3129 2346 3171; x_wconf 89' lang='lat' dir='ltr'><strong>non</strong></span> <span class='ocrx_word' id='word_1_246' title='bbox 2373 3113 2586 3172; x_wconf 87' lang='lat' dir='ltr'><strong>vellent</strong></span> 
     </span>
     <span class='ocr_line' id='line_1_31' title="bbox 570 3199 2588 3275; baseline 0.002 -24"><span class='ocrx_word' id='word_1_247' title='bbox 570 3210 699 3251; x_wconf 85' lang='lat' dir='ltr'><strong>suos</strong></span> <span class='ocrx_word' id='word_1_248' title='bbox 732 3199 1070 3271; x_wconf 84' lang='lat' dir='ltr'><strong>propinquos</strong></span> <span class='ocrx_word' id='word_1_249' title='bbox 1108 3214 1229 3256; x_wconf 85' lang='lat' dir='ltr'><strong>esse</strong></span> <span class='ocrx_word' id='word_1_250' title='bbox 1266 3199 1576 3258; x_wconf 80' lang='lat' dir='ltr'><strong>damnatos.</strong></span> <span class='ocrx_word' id='word_1_251' title='bbox 1619 3202 2020 3259; x_wconf 77' lang='lat' dir='ltr'><strong>Dicitur-&#39;enim</strong></span> <span class='ocrx_word' id='word_1_252' title='bbox 2065 3202 2233 3260; x_wconf 82' lang='lat' dir='ltr'><strong>Lucae</strong></span> <span class='ocrx_word' id='word_1_253' title='bbox 2267 3217 2394 3268; x_wconf 79' lang='lat' dir='ltr'><strong>xvr,</strong></span> <span class='ocrx_word' id='word_1_254' title='bbox 2433 3202 2588 3275; x_wconf 89' lang='lat' dir='ltr'><strong>quod</strong></span> 
     </span>
     <span class='ocr_line' id='line_1_32' title="bbox 568 3280 2584 3362; baseline 0.006 -25"><span class='ocrx_word' id='word_1_255' title='bbox 568 3280 725 3338; x_wconf 85' lang='lat' dir='ltr'><strong>dives</strong></span> <span class='ocrx_word' id='word_1_256' title='bbox 752 3283 805 3337; x_wconf 88' lang='lat' dir='ltr'><strong>in</strong></span> <span class='ocrx_word' id='word_1_257' title='bbox 836 3284 1365 3346; x_wconf 79' lang='lat' dir='ltr'><strong>inferno&#39;damnatus</strong></span> <span class='ocrx_word' id='word_1_258' title='bbox 1380 3287 1606 3362; x_wconf 76' lang='lat' dir='ltr'><strong>‘petebat</strong></span> <span class='ocrx_word' id='word_1_259' title='bbox 1627 3288 1896 3346; x_wconf 88' lang='lat' dir='ltr'><strong>Lazarum</strong></span> <span class='ocrx_word' id='word_1_260' title='bbox 1924 3291 2069 3347; x_wconf 87' lang='lat' dir='ltr'><strong>mitti</strong></span> <span class='ocrx_word' id='word_1_261' title='bbox 2097 3290 2164 3346; x_wconf 86' lang='lat' dir='ltr'><strong>ad</strong></span> <span class='ocrx_word' id='word_1_262' title='bbox 2193 3289 2396 3346; x_wconf 84' lang='lat' dir='ltr'><strong>fratres</strong></span> <span class='ocrx_word' id='word_1_263' title='bbox 2426 3306 2584 3350; x_wconf 71' lang='lat' dir='ltr'><strong>suos,</strong></span> 
     </span>
     <span class='ocr_line' id='line_1_33' title="bbox 570 3373 2588 3436; baseline 0.004 -13"><span class='ocrx_word' id='word_1_264' title='bbox 570 3375 631 3424; x_wconf 90' lang='lat' dir='ltr'><strong>ut</strong></span> <span class='ocrx_word' id='word_1_265' title='bbox 677 3376 972 3428; x_wconf 84' lang='lat' dir='ltr'><strong>testaretur</strong></span> <span class='ocrx_word' id='word_1_266' title='bbox 1018 3373 1127 3429; x_wconf 85' lang='lat' dir='ltr'><strong>illis</strong></span> <span class='ocrx_word' id='word_1_267' title='bbox 1172 3392 1240 3433; x_wconf 89' lang='lat' dir='ltr'><strong>ne</strong></span> <span class='ocrx_word' id='word_1_268' title='bbox 1281 3378 1532 3434; x_wconf 85' lang='lat' dir='ltr'><strong>venirent</strong></span> <span class='ocrx_word' id='word_1_269' title='bbox 1582 3379 1638 3434; x_wconf 90' lang='lat' dir='ltr'><strong>in</strong></span> <span class='ocrx_word' id='word_1_270' title='bbox 1686 3378 1865 3435; x_wconf 88' lang='lat' dir='ltr'><strong>locum</strong></span> <span class='ocrx_word' id='word_1_271' title='bbox 1909 3385 2330 3436; x_wconf 88' lang='lat' dir='ltr'><strong>tormentorum.</strong></span> <span class='ocrx_word' id='word_1_272' title='bbox 2372 3378 2588 3435; x_wconf 70' lang='lat' dir='ltr'><strong>Petilio</strong></span> 
     </span>
     <span class='ocr_line' id='line_1_34' title="bbox 568 3459 2592 3539; baseline 0.003 -23"><span class='ocrx_word' id='word_1_273' title='bbox 568 3463 753 3516; x_wconf 83' lang='lat' dir='ltr'><strong>autem</strong></span> <span class='ocrx_word' id='word_1_274' title='bbox 778 3466 862 3516; x_wconf 85' lang='lat' dir='ltr'><strong>est</strong></span> <span class='ocrx_word' id='word_1_275' title='bbox 880 3459 1187 3519; x_wconf 72' lang='lat' dir='ltr'><strong>voluntatis</strong></span> <span class='ocrx_word' id='word_1_276' title='bbox 1226 3463 1564 3538; x_wconf 68' lang='lat' dir='ltr'><strong>designatio:</strong></span> <span class='ocrx_word' id='word_1_277' title='bbox 1597 3465 1741 3539; x_wconf 85' lang='lat' dir='ltr'><strong>Ergo</strong></span> <span class='ocrx_word' id='word_1_278' title='bbox 1777 3465 2025 3525; x_wconf 84' lang='lat' dir='ltr'><strong>damnati</strong></span> <span class='ocrx_word' id='word_1_279' title='bbox 2071 3482 2180 3524; x_wconf 86' lang='lat' dir='ltr'><strong>non</strong></span> <span class='ocrx_word' id='word_1_280' title='bbox 2209 3467 2404 3525; x_wconf 84' lang='lat' dir='ltr'><strong>volunt</strong></span> <span class='ocrx_word' id='word_1_281' title='bbox 2449 3481 2592 3524; x_wconf 84' lang='lat' dir='ltr'><strong>suos</strong></span> 
     </span>
     <span class='ocr_line' id='line_1_35' title="bbox 568 3548 1195 3634; baseline 0.005 -29"><span class='ocrx_word' id='word_1_282' title='bbox 568 3548 901 3623; x_wconf 83' lang='lat' dir='ltr'><strong>propinquos</strong></span> <span class='ocrx_word' id='word_1_283' title='bbox 924 3549 1195 3634; x_wconf 83' lang='lat' dir='ltr'><strong>damnari.</strong></span> 
     </span>
    </p>

    <p class='ocr_par' dir='ltr' id='par_1_9' title="bbox 563 3639 2594 3887">
     <span class='ocr_line' id='line_1_36' title="bbox 634 3639 2594 3718; baseline 0.002 -21"><span class='ocrx_word' id='word_1_284' title='bbox 634 3639 741 3697; x_wconf 91' lang='lat' dir='ltr'><strong>Sed</strong></span> <span class='ocrx_word' id='word_1_285' title='bbox 770 3649 961 3696; x_wconf 84' lang='lat' dir='ltr'><strong>contra</strong></span> <span class='ocrx_word' id='word_1_286' title='bbox 985 3647 1069 3696; x_wconf 84' lang='lat' dir='ltr'><strong>est</strong></span> <span class='ocrx_word' id='word_1_287' title='bbox 1095 3642 1241 3715; x_wconf 74' lang='lat' dir='ltr'><strong>quod</strong></span> <span class='ocrx_word' id='word_1_288' title='bbox 1264 3642 1390 3700; x_wconf 86' lang='lat' dir='ltr'><strong>lsai.</strong></span> <span class='ocrx_word' id='word_1_289' title='bbox 1415 3658 1537 3713; x_wconf 72' lang='lat' dir='ltr'><strong>xiv,</strong></span> <span class='ocrx_word' id='word_1_290' title='bbox 1563 3658 1727 3718; x_wconf 85' lang='lat' dir='ltr'><strong>super</strong></span> <span class='ocrx_word' id='word_1_291' title='bbox 1755 3643 1908 3714; x_wconf 90' lang='lat' dir='ltr'><strong>illud,</strong></span> <span class='ocrx_word' id='word_1_292' title='bbox 1935 3645 2309 3703; x_wconf 64' lang='lat' dir='ltr'><strong>Sur-rexerunt</strong></span> <span class='ocrx_word' id='word_1_293' title='bbox 2335 3645 2402 3702; x_wconf 80' lang='lat' dir='ltr'><strong>de</strong></span> <span class='ocrx_word' id='word_1_294' title='bbox 2429 3645 2594 3703; x_wconf 71' lang='lat' dir='ltr'><strong>soliis</strong></span> 
     </span>
     <span class='ocr_line' id='line_1_37' title="bbox 563 3728 2590 3809; baseline 0.004 -26"><span class='ocrx_word' id='word_1_295' title='bbox 563 3728 697 3794; x_wconf 68' lang='lat' dir='ltr'><strong>suis,</strong></span> <span class='ocrx_word' id='word_1_296' title='bbox 726 3729 862 3785; x_wconf 85' lang='lat' dir='ltr'><strong>dicit</strong></span> <span class='ocrx_word' id='word_1_297' title='bbox 907 3728 1123 3797; x_wconf 80' lang='lat' dir='ltr'><strong>Glossa,</strong></span> <span class='ocrx_word' id='word_1_298' title='bbox 1153 3730 1407 3788; x_wconf 67' lang='lat' dir='ltr'><strong>solatium-</strong></span> <span class='ocrx_word' id='word_1_299' title='bbox 1433 3739 1511 3789; x_wconf 75' lang='lat' dir='ltr'><strong>est</strong></span> <span class='ocrx_word' id='word_1_300' title='bbox 1537 3731 1808 3791; x_wconf 75' lang='lat' dir='ltr'><strong>damnatis</strong></span> <span class='ocrx_word' id='word_1_301' title='bbox 1829 3736 1994 3791; x_wconf 73' lang='lat' dir='ltr'><strong>soc-&#39;ios</strong></span> <span class='ocrx_word' id='word_1_302' title='bbox 2016 3734 2208 3792; x_wconf 74' lang='lat' dir='ltr'><strong>habere</strong></span> <span class='ocrx_word' id='word_1_303' title='bbox 2233 3751 2346 3792; x_wconf 78' lang='lat' dir='ltr'><strong>suoe</strong></span> <span class='ocrx_word' id='word_1_304' title='bbox 2376 3751 2590 3809; x_wconf 78' lang='lat' dir='ltr'><strong>paenoe.</strong></span> 
     </span>
     <span class='ocr_line' id='line_1_38' title="bbox 565 3815 1754 3887; baseline 0.008 -17"><span class='ocrx_word' id='word_1_305' title='bbox 565 3815 706 3885; x_wconf 84' lang='lat' dir='ltr'><strong>Ergo</strong></span> <span class='ocrx_word' id='word_1_306' title='bbox 736 3818 839 3887; x_wconf 81' lang='lat' dir='ltr'><strong>ipsi</strong></span> <span class='ocrx_word' id='word_1_307' title='bbox 858 3817 1065 3874; x_wconf 78' lang='lat' dir='ltr'><strong>vellent</strong></span> <span class='ocrx_word' id='word_1_308' title='bbox 1085 3834 1273 3876; x_wconf 87' lang='lat' dir='ltr'><strong>omnes</strong></span> <span class='ocrx_word' id='word_1_309' title='bbox 1302 3835 1423 3876; x_wconf 88' lang='lat' dir='ltr'><strong>esse</strong></span> <span class='ocrx_word' id='word_1_310' title='bbox 1446 3821 1754 3879; x_wconf 79' lang='lat' dir='ltr'><strong>damnatos.</strong></span> 
     </span>
    </p>
   </div>
   <div class='ocr_carea' id='block_1_6' title="bbox 618 3901 2594 3986">
    <p class='ocr_par' dir='ltr' id='par_1_10' title="bbox 618 3901 2594 3986">
     <span class='ocr_line' id='line_1_39' title="bbox 618 3901 2594 3986; baseline 0.007 -27"><span class='ocrx_word' id='word_1_311' title='bbox 618 3901 957 3974; x_wconf 71' lang='lat' dir='ltr'><strong>Respondeo</strong></span> <span class='ocrx_word' id='word_1_312' title='bbox 984 3906 1294 3978; x_wconf 83' lang='lat' dir='ltr'><strong>dicendum,</strong></span> <span class='ocrx_word' id='word_1_313' title='bbox 1328 3911 1474 3982; x_wconf 89' lang='lat' dir='ltr'><strong>quod</strong></span> <span class='ocrx_word' id='word_1_314' title='bbox 1511 3909 1976 3986; x_wconf 76' lang='lat' dir='ltr'><strong>vitiaspiritualia</strong></span> <span class='ocrx_word' id='word_1_315' title='bbox 2009 3913 2064 3971; x_wconf 88' lang='lat' dir='ltr'><strong>in</strong></span> <span class='ocrx_word' id='word_1_316' title='bbox 2111 3913 2394 3972; x_wconf 80' lang='lat' dir='ltr'><strong>damnatis</strong></span> <span class='ocrx_word' id='word_1_317' title='bbox 2441 3929 2594 3974; x_wconf 82' lang='lat' dir='ltr'><strong>con·-</strong></span> 
     </span>
    </p>
   </div>
   <div class='ocr_carea' id='block_1_7' title="bbox 2734 13 2735 806">
    <p class='ocr_par' dir='ltr' id='par_1_11' title="bbox 2734 13 2735 806">
     <span class='ocr_line' id='line_1_40' title="bbox 2734 13 2735 806; baseline 0 0"><span class='ocrx_word' id='word_1_318' title='bbox 2734 13 2735 806; x_wconf 95' lang='lat' dir='ltr'><strong> </strong></span> 
     </span>
    </p>
   </div>
   <div class='ocr_carea' id='block_1_8' title="bbox 2732 2373 2737 4424">
    <p class='ocr_par' dir='ltr' id='par_1_12' title="bbox 2732 2373 2737 4424">
     <span class='ocr_line' id='line_1_41' title="bbox 2732 2373 2737 4424; baseline 0 0"><span class='ocrx_word' id='word_1_319' title='bbox 2732 2373 2737 4424; x_wconf 95' lang='lat' dir='ltr'><strong> </strong></span> 
     </span>
    </p>
   </div>
  </div>
 </body>
</html>
