2800 4492
481 337 602 398 246
961 352 1014 400 s.
1059 353 1291 396 'monas
1331 351 1661 402 Aoumxms
1700 350 2008 396 croscum

481 486 608 524 curn
659 474 874 524 tenetur
916 468 986 524 ad
1032 469 1232 540 ipsum,
1281 468 1456 540 possit
1498 467 1703 541 imponi
1750 466 1859 523 alia
1898 464 2228 538 poenitentia
2262 477 2365 536 pro
2396 460 2491 519 tali

481 556 795 625 omissione,
823 555 910 616 vel
933 557 1006 612 sit
1031 557 1491 632 ei·imponendum
1510 557 1671 630 ¹quod
1698 557 1863 614 iteret
1884 553 2032 627 quod
2055 553 2264 610 omisit.

1095 788 1547 850 ARTIGULUS
1586 745 1883 850 xxv'111'.

467 913 471 917 ¹
497 935 716 1001 Utrum
741 936 1084 1015 satisfactio
1103 929 1542 1000 'universaliter
1575 921 1855 1014 injuncta
1883 951 1923 997 a
1949 933 2251 997 sacerdote
2275 932 2363 995 sit
2385 949 2495 995 ,ςα-

609 1027 1014 1089 cramentalis,
1041 1061 1120 1073 —
1147 1026 1230 1107 (4,
1264 1027 1409 1088 dist.
1441 1027 1536 1100 15,
1561 1029 1683 1088 art.
1710 1028 1771 1100 4,
1794 1025 1863 1086 de
1887 1023 2369 1102 Satisfactione).

556 1175 640 1231 Ad
667 1177 900 1248 primum
929 1177 1008 1232 sic
1043 1177 1376 1250 proceditur.
1409 1175 1641 1232 Videtur
1684 1175 1828 1248 quod
1871 1174 2137 1247 praedicta
2181 1173 2489 1229 satisfactio

487 1279 594 1319 non
619 1265 692 1320 sit
713 1265 1144 1322 sacramentalis.
1168 1264 1593 1321 Sacramentalis
1608 1265 1751 1320 enim
1777 1263 2081 1319 satisfactio
2098 1261 2303 1334 aliquid
2334 1259 2490 1331 ligat.

487 1354 593 1408 Sed
621 1353 711 1409 ille
739 1355 824 1409 cui
850 1355 1146 1426 praedictus
1169 1353 1772 1410 modussatisfactionis
1796 1351 2073 1416 indicitur,
2094 1351 2163 1406 ad
2189 1349 2323 1404 nihil
2352 1349 2497 1419 liga-

489 1447 598 1497 tur.
628 1443 769 1513 Ergo
799 1442 1016 1499 videtur
1040 1443 1186 1516 quod
1218 1458 1322 1498 non
1351 1443 1426 1498 sit
1451 1440 1868 1498 >sacramentalis
1888 1438 2189 1496 satifactio.

557 1530 664 1586 Sed
687 1538 897 1597 contra,
928 1530 1020 1588 illa
1054 1530 1270 1586 videtur
1298 1546 1420 1586 esse
1447 1529 1860 1587 sacramentalis
1880 1527 2203 1594 satisfactio,
2230 1541 2341 1599 qua
2368 1541 2497 1596 per-

487 1620 652 1686 fecta,
685 1621 754 1676 ad
800 1620 932 1675 nihil
961 1620 1107 1676 aliud
1152 1620 1312 1674 homo
1337 1625 1575 1676 tenetur.
1605 1619 1711 1675 Sed
1755 1617 2043 1689 poenitenS,
2076 1617 2166 1672 cui
2209 1615 2292 1670 sic
2324 1614 2497 1670 satis-

486 1707 655 1764 factio
703 1708 1004 1779 injungitur
1038 1723 1069 1762 a
1105 1708 1411 1774 sacerdote,
1457 1707 1589 1762 nihil
1632 1706 1783 1762 aliud
1822 1712 2042 1761 tenetur
2089 1704 2336 1777 implere,
2370 1720 2495 1759 cum

489 1796 622 1851 nihil
653 1797 741 1850 sit
750 1796 897 1852 aliud
925 1796 1028 1851 sibi
1058 1796 1400 1852 mandatumt
1429 1796 1583 1867 Ergo
1600 1793 1910 1868 hujusmodi
1954 1793 2258 1850 satisfactio
2289 1797 2375 1848 est
2400 1807 2497 1848 sa-

491 1885 861 1940 eramentaliS.

559 1974 664 2028 Res
643 1972 878 2044 pendeo
930 1971 1240 2042 dicendum,
1280 1953 1441 2047 quod
1477 1973 1567 2032 hic
1612 1981 1697 2030 est
1742 1923 2089 2046 quadruplici
2141 1970 2497 2046 distinctione

491 2061 774 2116 utendum.

558 2149 740 2205 Primo
767 2149 912 2205 enim
940 2151 1396 2208 considerandum
1424 2159 1525 2234 est,
1557 2149 1702 2222 quod
1738 2156 1991 2222 peccator
2021 2157 2104 2205 est
2144 2147 2360 2204 debitor
2391 2147 2499 2204 ali-

466 2239 646 2314 ‘cujus
668 2223 1062 2294 satisfactionis
1091 2240 1425 2312 dupliciter-⁰
1458 2255 1565 2294 uno
1584 2238 1753 2294 modo
1779 2255 1845 2294 ex
1869 2238 2207 2309 injunctione
2235 2235 2499 2292 sacerdo-

486 2327 594 2396 tis3
623 2327 730 2382 alio
758 2326 919 2383 modo
955 2343 1020 2382 ex
1046 2338 1274 2400 peccato
1313 2327 1649 2384 commisso:
1677 2327 1818 2389 unde
1845 2327 1891 2381 si
1920 2327 2203 2401 contingat
2227 2324 2372 2398 quod
2403 2340 2497 2380 sa-

487 2415 684 2472 cerdos
724 2417 988 2472 minorem
1019 2417 1453 2472 satisfactionem
1483 2416 1724 2486 imponat
1760 2415 2049 2487 poenitenti
2080 2430 2249 2486 quam
2290 2414 2364 2470 sit
2398 2413 2494 2468 illa

490 2504 562 2561 ad
599 2521 764 2577 quam
807 2505 1080 2576 obligatur
1105 2523 1171 2560 ex
1201 2495 1511 2578 quantitate
1551 2505 1633 2559 sui
1665 2505 1896 2577 peccati,
1925 2503 2209 2559 subtracto
2254 2518 2320 2558 eo
2348 2502 2494 2574 quod

488 2595 787 2648 remittitur
813 2593 1016 2650 virtute
1041 2593 1276 2649 clavium
1293 2601 1348 2648 et
1375 2592 1720 2648 contritionis
1735 2585 2119 2664 praecedentis,
2147 2590 2497 2646 nihilominus

487 2683 761 2753 poenitens
804 2681 871 2736 ad
903 2681 1110 2753 aliquid
1152 2681 1380 2736 ulterius
1418 2681 1690 2752 obligatur
1715 2697 1729 2748 ;
1757 2681 1902 2752 quod
1930 2681 1977 2736 si
2020 2681 2075 2735 in
2120 2681 2223 2736 hac
2250 2681 2365 2736 vita
2390 2696 2495 2735 non

489 2765 756 2838 perficiat,
787 2766 841 2821 in
867 2767 1184 2839 purgatorio
1214 2767 1458 2824 exsolvet
1486 2784 1499 2822 ε
1530 2776 1583 2822 et
1614 2785 1643 2822 e
1672 2782 1933 2822 converso
1958 2767 2003 2821 si
2034 2766 2291 2822 sacerdos
2316 2767 2498 2838 impo-

491 2861 587 2909 nat
627 2855 892 2924 majorem
919 2855 1303 2930 poenitentiam
1345 2871 1510 2928 quam
1553 2855 1823 2926 poenitens
1852 2854 2031 2910 facere
2063 2861 2332 2921 teneatur,
2358 2871 2500 2926 pen-

491 2949 614 2998 sata
637 2941 954 2997 remissione·
977 2959 1102 3016 quae
1127 2952 1209 3000 est
1239 2943 1384 3000 facta
1412 2960 1507 3015 per
1521 2944 1633 3000 vim
1654 2943 1889 2999 clavium
1918 2949 1973 2998 et
1994 2944 2323 3000 contritione
2352 2958 2500 3015 prae-

491 3031 752 3100 cedente}
777 3031 1161 3088 nihilhominus
1178 3033 1447 3104 poenitens
1469 3039 1682 3087 tenetur
1703 3032 1882 3088 facere
1904 3033 2048 3104 quod
2072 3032 2173 3087 sibi
2192 3033 2498 3104 injunctum
2519 3068 2527 3075 -

491 3129 595 3187 est,
620 3121 668 3176 si
697 3120 841 3176 adsit
865 3120 1117 3201 facultas,

554 3208 802 3264 Secundo
826 3209 1301 3276 considerandum,
1333 3209 1478 3280 quod
1509 3224 1645 3280 opus
1676 3209 1821 3281 quod
1850 3209 1973 3282 quis
2010 3209 2144 3266 facit
2174 3225 2241 3266 ex
2272 3211 2497 3281 injunc-

475 3292 635 3348 tione
662 3297 984 3370 sacerdotis,
1013 3295 1306 3368 dupliciter
1335 3296 1481 3352 valet
1512 3297 1833 3368 poenitenti;
1867 3313 1974 3353 uno
2010 3298 2173 3353 modo
2202 3315 2270 3354 ex
2299 3307 2502 3356 natura

491 3382 706 3454 operis3
735 3381 840 3438 alio
869 3383 1031 3438 modo
1073 3401 1141 3438 ex
1173 3383 1227 3439 vi
1265 3384 1523 3441 clavium.
1552 3385 1686 3440 Cum
1720 3385 1865 3439 enim
1902 3386 2209 3444 satisfactio
2248 3404 2279 3443 a
2308 3404 2503 3444 sacer·

487 3471 616 3526 dote
660 3469 974 3526 absolvente
1013 3471 1276 3542 injuncta,
1326 3473 1396 3527 sit
1445 3489 1575 3545 pars
1618 3473 1992 3545 poenitentiae,·
2024 3475 2377 3531 manifestum
2416 3486 2502 3534 est

487 3559 632 3632 quod
675 3558 729 3614 in
769 3574 834 3615 ea
879 3567 1137 3631 operatur
1183 3560 1267 3616 vis
1311 3560 1586 3627 clavium3
1639 3561 1718 3629 ita
1760 3563 1907 3634 quod
1956 3562 2192 3634 amplius
2236 3565 2381 3620 valet
2432 3569 2502 3622 ad

488 3646 818 3719 expiandum
839 3652 1133 3719 peccatum
1159 3661 1326 3718 quam
1354 3648 1398 3703 si
1432 3649 1649 3720 proprio
1680 3649 1907 3704 arbitrio
1930 3649 2093 3706 homo
2121 3650 2330 3708 faceret
2355 3653 2507 3710 idem

489 3751 649 3808 opus,

560 3823 746 3882 Tertio
769 3820 1224 3882 considerandum
1259 3832 1360 3893 est,
1393 3827 1539 3898 quod
1571 3826 1875 3882 satisfactio
1910 3827 1979 3882 ad
2006 3815 2115 3884 duo
2146 3828 2326 3899 valet3
2356 3830 2505 3888 valet

493 3911 639 3968 enim
659 3913 727 3970 ad
751 3913 1118 3987 expiationem
1137 3913 1312 3988 culpae
1341 3916 1654 3989 praeteritis,
1678 3915 1823 3974 valet
1848 3923 1903 3972 et
1927 3916 1996 3972 ad
2021 3917 2295 3974 cautelam
2318 3919 2503 3992 culpae
