<?xml version="1.0" encoding="UTF-8"?>
<!DOCTYPE html PUBLIC "-//W3C//DTD XHTML 1.0 Transitional//EN"
    "http://www.w3.org/TR/xhtml1/DTD/xhtml1-transitional.dtd">
<html xmlns="http://www.w3.org/1999/xhtml" xml:lang="en" lang="en">
 <head>
  <title>
</title>
<meta http-equiv="Content-Type" content="text/html;charset=utf-8" />
  <meta name='ocr-system' content='tesseract 3.04.00' />
  <meta name='ocr-capabilities' content='ocr_page ocr_carea ocr_par ocr_line ocrx_word'/>
</head>
<body>
  <div class='ocr_page' id='page_1' title='image "./sthomaquinatisd00thomgoog_0424.png"; bbox 0 0 2800 4492; ppageno 0'>
   <div class='ocr_carea' id='block_1_1' title="bbox 557 312 2089 382">
    <p class='ocr_par' dir='ltr' id='par_1_1' title="bbox 557 312 2089 382">
     <span class='ocr_line' id='line_1_1' title="bbox 557 312 2089 382; baseline -0.002 -7"><span class='ocrx_word' id='word_1_1' title='bbox 557 312 680 380; x_wconf 82' lang='lat'><strong><em>410</em></strong></span> <span class='ocrx_word' id='word_1_2' title='bbox 1037 329 1092 378; x_wconf 80' lang='lat' dir='ltr'><strong><em>s.</em></strong></span> <span class='ocrx_word' id='word_1_3' title='bbox 1135 329 1368 376; x_wconf 67' lang='lat' dir='ltr'><strong>¹1·quAE</strong></span> <span class='ocrx_word' id='word_1_4' title='bbox 1408 327 1737 382; x_wconf 62' lang='lat' dir='ltr'><strong><em>suumn-ns</em></strong></span> <span class='ocrx_word' id='word_1_5' title='bbox 1778 328 2089 376; x_wconf 68' lang='lat' dir='ltr'><strong><em>causeum</em></strong></span> 
     </span>
    </p>
   </div>
   <div class='ocr_carea' id='block_1_2' title="bbox 557 425 2599 527">
    <p class='ocr_par' dir='ltr' id='par_1_2' title="bbox 557 425 2599 527">
     <span class='ocr_line' id='line_1_2' title="bbox 557 425 2599 527; baseline -0.003 -24"><span class='ocrx_word' id='word_1_6' title='bbox 557 450 754 506; x_wconf 83' lang='lat' dir='ltr'><strong><em>nentis.</em></strong></span> <span class='ocrx_word' id='word_1_7' title='bbox 785 449 1064 518; x_wconf 84' lang='lat' dir='ltr'><strong><em>Quantum</em></strong></span> <span class='ocrx_word' id='word_1_8' title='bbox 1092 463 1222 505; x_wconf 90' lang='lat' dir='ltr'><strong><em>vero</em></strong></span> <span class='ocrx_word' id='word_1_9' title='bbox 1259 448 1331 527; x_wconf 61' lang='lat' dir='ltr'><strong><em>agl</em></strong></span> <span class='ocrx_word' id='word_1_10' title='bbox 1362 447 1659 521; x_wconf 78' lang='lat' dir='ltr'><strong>psallentes</strong></span> <span class='ocrx_word' id='word_1_11' title='bbox 1698 425 1883 502; x_wconf 82' lang='lat' dir='ltr'><strong><em>subdit</em></strong></span> <span class='ocrx_word' id='word_1_12' title='bbox 1911 460 1926 500; x_wconf 72' lang='grc' dir='ltr'><strong><em>ε</em></strong></span> <span class='ocrx_word' id='word_1_13' title='bbox 1950 441 2178 502; x_wconf 80' lang='lat' dir='ltr'><strong><em>Cantica</em></strong></span> <span class='ocrx_word' id='word_1_14' title='bbox 2214 439 2409 500; x_wconf 80' lang='lat' dir='ltr'><strong><em>divina</em></strong></span> <span class='ocrx_word' id='word_1_15' title='bbox 2440 456 2599 510; x_wconf 54' lang='lat' dir='ltr'><strong><em>can-5</em></strong></span> 
     </span>
    </p>
   </div>
   <div class='ocr_carea' id='block_1_3' title="bbox 560 530 2591 3986">
    <p class='ocr_par' dir='ltr' id='par_1_3' title="bbox 560 530 2591 1848">
     <span class='ocr_line' id='line_1_3' title="bbox 565 530 2591 609; baseline -0.005 -15"><span class='ocrx_word' id='word_1_16' title='bbox 565 545 707 604; x_wconf 86' lang='lat' dir='ltr'><strong><em>tare,</em></strong></span> <span class='ocrx_word' id='word_1_17' title='bbox 730 537 892 593; x_wconf 87' lang='lat' dir='ltr'><strong><em>etiam</em></strong></span> <span class='ocrx_word' id='word_1_18' title='bbox 919 537 1167 594; x_wconf 77' lang='lat' dir='ltr'><strong><em>manibus</em></strong></span> <span class='ocrx_word' id='word_1_19' title='bbox 1188 545 1467 609; x_wconf 74' lang='lat' dir='ltr'><em>operantes</em></span> <span class='ocrx_word' id='word_1_20' title='bbox 1494 536 1652 606; x_wconf 76' lang='lat' dir='ltr'><strong><em>focile</em></strong></span> <span class='ocrx_word' id='word_1_21' title='bbox 1678 541 1921 608; x_wconf 79' lang='lat' dir='ltr'><strong><em>possunt,</em></strong></span> <span class='ocrx_word' id='word_1_22' title='bbox 1952 540 2004 591; x_wconf 88' lang='lat' dir='ltr'><strong><em>et</em></strong></span> <span class='ocrx_word' id='word_1_23' title='bbox 2026 533 2203 605; x_wconf 82' lang='lat' dir='ltr'><strong><em>ipsum</em></strong></span> <span class='ocrx_word' id='word_1_24' title='bbox 2226 531 2463 588; x_wconf 87' lang='lat' dir='ltr'><strong><em>laborem</em></strong></span> <span class='ocrx_word' id='word_1_25' title='bbox 2490 530 2591 585; x_wconf 84' lang='lat' dir='ltr'><strong><em>di-</em></strong></span> 
     </span>
     <span class='ocr_line' id='line_1_4' title="bbox 561 621 2587 697; baseline -0.003 -16"><span class='ocrx_word' id='word_1_26' title='bbox 561 626 686 681; x_wconf 85' lang='lat' dir='ltr'><strong><em>vino</em></strong></span> <span class='ocrx_word' id='word_1_27' title='bbox 731 633 1000 697; x_wconf 84' lang='lat' dir='ltr'><strong><em>tamquam</em></strong></span> <span class='ocrx_word' id='word_1_28' title='bbox 1049 627 1328 683; x_wconf 80' lang='lat' dir='ltr'><strong><em>celeumate</em></strong></span> <span class='ocrx_word' id='word_1_29' title='bbox 1373 625 1657 682; x_wconf 84' lang='lat' dir='ltr'><strong><em>consolari.</em></strong></span> <span class='ocrx_word' id='word_1_30' title='bbox 1698 624 1975 693; x_wconf 86' lang='lat' dir='ltr'><strong><em>Quantum</em></strong></span> <span class='ocrx_word' id='word_1_31' title='bbox 2021 637 2151 678; x_wconf 82' lang='lat' dir='ltr'><strong><em>vero</em></strong></span> <span class='ocrx_word' id='word_1_32' title='bbox 2202 621 2272 678; x_wconf 88' lang='lat' dir='ltr'><strong><em>ad</em></strong></span> <span class='ocrx_word' id='word_1_33' title='bbox 2328 621 2587 692; x_wconf 81' lang='lat' dir='ltr'><strong><em>legentes</em></strong></span> 
     </span>
     <span class='ocr_line' id='line_1_5' title="bbox 560 709 2588 780; baseline -0.003 -10"><span class='ocrx_word' id='word_1_34' title='bbox 560 714 746 771; x_wconf 78' lang='lat' dir='ltr'><strong><em>subdit</em></strong></span> <span class='ocrx_word' id='word_1_35' title='bbox 773 730 788 770; x_wconf 71' lang='grc' dir='ltr'><strong><em>ε</em></strong></span> <span class='ocrx_word' id='word_1_36' title='bbox 818 715 922 780; x_wconf 86' lang='lat' dir='ltr'><strong><em>Qui</em></strong></span> <span class='ocrx_word' id='word_1_37' title='bbox 949 720 1126 770; x_wconf 85' lang='lat' dir='ltr'><strong><em>aulem</em></strong></span> <span class='ocrx_word' id='word_1_38' title='bbox 1153 715 1341 771; x_wconf 81' lang='lat' dir='ltr'><strong><em>dicunt</em></strong></span> <span class='ocrx_word' id='word_1_39' title='bbox 1365 729 1421 769; x_wconf 86' lang='lat' dir='ltr'><strong><em>se</em></strong></span> <span class='ocrx_word' id='word_1_40' title='bbox 1452 713 1665 770; x_wconf 85' lang='lat' dir='ltr'><strong><em>lectioni</em></strong></span> <span class='ocrx_word' id='word_1_41' title='bbox 1702 729 1914 778; x_wconf 82' lang='lat' dir='ltr'><strong><em>vacare,</em></strong></span> <span class='ocrx_word' id='word_1_42' title='bbox 1948 728 2123 768; x_wconf 77' lang='lat' dir='ltr'><strong><em>nonne</em></strong></span> <span class='ocrx_word' id='word_1_43' title='bbox 2148 710 2261 767; x_wconf 86' lang='lat' dir='ltr'><strong><em>illic</em></strong></span> <span class='ocrx_word' id='word_1_44' title='bbox 2290 709 2588 766; x_wconf 76' lang='lat' dir='ltr'><strong><em>inveniunt</em></strong></span> 
     </span>
     <span class='ocr_line' id='line_1_6' title="bbox 561 796 2588 875; baseline -0.003 -17"><span class='ocrx_word' id='word_1_45' title='bbox 561 803 698 874; x_wconf 81' lang='lat' dir='ltr'><strong><em>quod</em></strong></span> <span class='ocrx_word' id='word_1_46' title='bbox 735 801 992 875; x_wconf 78' lang='lat' dir='ltr'><strong><em>proeeeplt</em></strong></span> <span class='ocrx_word' id='word_1_47' title='bbox 1027 802 1352 875; x_wconf 75' lang='lat' dir='ltr'><em>Apostolus?</em></span> <span class='ocrx_word' id='word_1_48' title='bbox 1391 803 1518 868; x_wconf 76' lang='lat' dir='ltr'><strong><em>Quae</em></strong></span> <span class='ocrx_word' id='word_1_49' title='bbox 1544 809 1621 858; x_wconf 83' lang='lat' dir='ltr'><strong><em>est</em></strong></span> <span class='ocrx_word' id='word_1_50' title='bbox 1661 817 1783 873; x_wconf 75' lang='lat' dir='ltr'><strong><em>erqo</em></strong></span> <span class='ocrx_word' id='word_1_51' title='bbox 1810 802 1917 858; x_wconf 84' lang='lat' dir='ltr'><strong><em>ista</em></strong></span> <span class='ocrx_word' id='word_1_52' title='bbox 1958 799 2311 872; x_wconf 79' lang='lat' dir='ltr'><strong><em>perversitas,</em></strong></span> <span class='ocrx_word' id='word_1_53' title='bbox 2361 796 2588 855; x_wconf 79' lang='lat' dir='ltr'><strong><em>lectioni</em></strong></span> 
     </span>
     <span class='ocr_line' id='line_1_7' title="bbox 563 887 2585 964; baseline -0.002 -18"><span class='ocrx_word' id='word_1_54' title='bbox 563 893 700 948; x_wconf 81' lang='lat' dir='ltr'><strong><em>nolle</em></strong></span> <span class='ocrx_word' id='word_1_55' title='bbox 741 892 1122 964; x_wconf 82' lang='lat' dir='ltr'><strong><em>obtemperare,</em></strong></span> <span class='ocrx_word' id='word_1_56' title='bbox 1170 891 1296 946; x_wconf 84' lang='lat' dir='ltr'><strong><em>dum</em></strong></span> <span class='ocrx_word' id='word_1_57' title='bbox 1325 892 1443 948; x_wconf 86' lang='lat' dir='ltr'><strong><em>vult</em></strong></span> <span class='ocrx_word' id='word_1_58' title='bbox 1470 891 1518 946; x_wconf 90' lang='lat' dir='ltr'><strong><em>ei</em></strong></span> <span class='ocrx_word' id='word_1_59' title='bbox 1545 892 1779 946; x_wconf 78' lang='lat' dir='ltr'><strong><em>vacare?</em></strong></span> <span class='ocrx_word' id='word_1_60' title='bbox 1818 890 1947 956; x_wconf 84' lang='lat' dir='ltr'><strong><em>Quis</em></strong></span> <span class='ocrx_word' id='word_1_61' title='bbox 1980 889 2121 945; x_wconf 78' lang='lat' dir='ltr'><strong><em>enim</em></strong></span> <span class='ocrx_word' id='word_1_62' title='bbox 2164 887 2388 953; x_wconf 80' lang='lat' dir='ltr'><strong><em>nesciat,</em></strong></span> <span class='ocrx_word' id='word_1_63' title='bbox 2424 893 2585 943; x_wconf 77' lang='lat' dir='ltr'><strong><em>tanto</em></strong></span> 
     </span>
     <span class='ocr_line' id='line_1_8' title="bbox 564 975 2583 1053; baseline -0.003 -17"><span class='ocrx_word' id='word_1_64' title='bbox 564 981 726 1036; x_wconf 82' lang='lat' dir='ltr'><strong><em>cilius</em></strong></span> <span class='ocrx_word' id='word_1_65' title='bbox 763 997 1129 1053; x_wconf 77' lang='lat' dir='ltr'><strong><em>quemcumque</em></strong></span> <span class='ocrx_word' id='word_1_66' title='bbox 1167 980 1429 1052; x_wconf 78' lang='lat' dir='ltr'><strong><em>proficere</em></strong></span> <span class='ocrx_word' id='word_1_67' title='bbox 1474 995 1591 1036; x_wconf 89' lang='lat' dir='ltr'><strong><em>cum</em></strong></span> <span class='ocrx_word' id='word_1_68' title='bbox 1638 979 1773 1034; x_wconf 80' lang='lat' dir='ltr'><strong><em>bona</em></strong></span> <span class='ocrx_word' id='word_1_69' title='bbox 1812 979 1957 1051; x_wconf 77' lang='lat' dir='ltr'><strong><em>le9it‚</em></strong></span> <span class='ocrx_word' id='word_1_70' title='bbox 1995 985 2197 1050; x_wconf 81' lang='lat' dir='ltr'><strong><em>quanto</em></strong></span> <span class='ocrx_word' id='word_1_71' title='bbox 2240 977 2401 1034; x_wconf 81' lang='lat' dir='ltr'><strong><em>citius</em></strong></span> <span class='ocrx_word' id='word_1_72' title='bbox 2440 975 2583 1047; x_wconf 66' lang='lat' dir='ltr'><strong><em>facit</em></strong></span> 
     </span>
     <span class='ocr_line' id='line_1_9' title="bbox 561 1065 2585 1141; baseline -0.001 -18"><span class='ocrx_word' id='word_1_73' title='bbox 561 1069 699 1140; x_wconf 82' lang='lat' dir='ltr'><strong><em>quod</em></strong></span> <span class='ocrx_word' id='word_1_74' title='bbox 726 1069 896 1141; x_wconf 71' lang='lat' dir='ltr'><strong><em>leqit?</em></strong></span> <span class='ocrx_word' id='word_1_75' title='bbox 931 1069 1210 1138; x_wconf 85' lang='lat' dir='ltr'><strong><em>Quantum</em></strong></span> <span class='ocrx_word' id='word_1_76' title='bbox 1251 1084 1378 1124; x_wconf 75' lang='lat' dir='ltr'><strong><em>vero</em></strong></span> <span class='ocrx_word' id='word_1_77' title='bbox 1424 1069 1492 1124; x_wconf 86' lang='lat' dir='ltr'><strong><em>ad</em></strong></span> <span class='ocrx_word' id='word_1_78' title='bbox 1526 1068 1893 1141; x_wconf 68' lang='lat' dir='ltr'><strong><em>praedicantes</em></strong></span> <span class='ocrx_word' id='word_1_79' title='bbox 1934 1066 2214 1139; x_wconf 74' lang='lat' dir='ltr'><strong><em>subjungit</em></strong></span> <span class='ocrx_word' id='word_1_80' title='bbox 2248 1083 2261 1120; x_wconf 90' lang='lat'><strong>:</strong></span> <span class='ocrx_word' id='word_1_81' title='bbox 2302 1065 2358 1121; x_wconf 90' lang='lat' dir='ltr'><strong><em>Si</em></strong></span> <span class='ocrx_word' id='word_1_82' title='bbox 2396 1073 2585 1122; x_wconf 84' lang='lat' dir='ltr'><strong><em>autem</em></strong></span> 
     </span>
     <span class='ocr_line' id='line_1_10' title="bbox 564 1154 2585 1228; baseline -0.002 -16"><span class='ocrx_word' id='word_1_83' title='bbox 564 1157 730 1214; x_wconf 88' lang='lat' dir='ltr'><strong><em>alicui</em></strong></span> <span class='ocrx_word' id='word_1_84' title='bbox 757 1174 928 1214; x_wconf 88' lang='lat' dir='ltr'><strong><em>sermo</em></strong></span> <span class='ocrx_word' id='word_1_85' title='bbox 969 1165 1046 1215; x_wconf 85' lang='lat' dir='ltr'><strong><em>est</em></strong></span> <span class='ocrx_word' id='word_1_86' title='bbox 1085 1157 1404 1228; x_wconf 71' lang='lat' dir='ltr'><strong><em>eroqandus‚</em></strong></span> <span class='ocrx_word' id='word_1_87' title='bbox 1442 1164 1493 1213; x_wconf 84' lang='lat' dir='ltr'><strong><em>et</em></strong></span> <span class='ocrx_word' id='word_1_88' title='bbox 1522 1158 1605 1215; x_wconf 90' lang='lat' dir='ltr'><strong><em>ita</em></strong></span> <span class='ocrx_word' id='word_1_89' title='bbox 1641 1173 1693 1212; x_wconf 83' lang='lat' dir='ltr'><strong><em>se</em></strong></span> <span class='ocrx_word' id='word_1_90' title='bbox 1734 1163 1950 1228; x_wconf 81' lang='lat' dir='ltr'><strong><em>occupat</em></strong></span> <span class='ocrx_word' id='word_1_91' title='bbox 1986 1163 2049 1212; x_wconf 88' lang='lat' dir='ltr'><strong><em>ut</em></strong></span> <span class='ocrx_word' id='word_1_92' title='bbox 2075 1154 2318 1210; x_wconf 83' lang='lat' dir='ltr'><strong><em>manibus</em></strong></span> <span class='ocrx_word' id='word_1_93' title='bbox 2354 1155 2585 1226; x_wconf 83' lang='lat' dir='ltr'><strong><em>operari</em></strong></span> 
     </span>
     <span class='ocr_line' id='line_1_11' title="bbox 564 1242 2585 1318; baseline -0 -19"><span class='ocrx_word' id='word_1_94' title='bbox 564 1263 672 1300; x_wconf 79' lang='lat' dir='ltr'><strong><em>non</em></strong></span> <span class='ocrx_word' id='word_1_95' title='bbox 698 1254 844 1303; x_wconf 82' lang='lat' dir='ltr'><strong><em>vacet</em></strong></span> <span class='ocrx_word' id='word_1_96' title='bbox 857 1262 877 1314; x_wconf 95' lang='lat'><strong><em>,·</em></strong></span> <span class='ocrx_word' id='word_1_97' title='bbox 907 1246 1164 1317; x_wconf 81' lang='lat' dir='ltr'><strong><em>numquid</em></strong></span> <span class='ocrx_word' id='word_1_98' title='bbox 1185 1261 1362 1301; x_wconf 80' lang='lat' dir='ltr'><strong><em>omnes</em></strong></span> <span class='ocrx_word' id='word_1_99' title='bbox 1383 1250 1605 1318; x_wconf 75' lang='lat' dir='ltr'><strong><em>possunt</em></strong></span> <span class='ocrx_word' id='word_1_100' title='bbox 1631 1247 1690 1301; x_wconf 79' lang='lat' dir='ltr'><strong><em>iu</em></strong></span> <span class='ocrx_word' id='word_1_101' title='bbox 1722 1245 2043 1301; x_wconf 80' lang='lat' dir='ltr'><strong><em>monasterio</em></strong></span> <span class='ocrx_word' id='word_1_102' title='bbox 2068 1242 2399 1300; x_wconf 82' lang='lat' dir='ltr'><strong><em>venientibus</em></strong></span> <span class='ocrx_word' id='word_1_103' title='bbox 2422 1243 2498 1298; x_wconf 81' lang='lat' dir='ltr'><strong><em>ad</em></strong></span> <span class='ocrx_word' id='word_1_104' title='bbox 2526 1260 2585 1298; x_wconf 83' lang='lat' dir='ltr'><strong><em>se</em></strong></span> 
     </span>
     <span class='ocr_line' id='line_1_12' title="bbox 567 1332 2583 1406; baseline -0.001 -18"><span class='ocrx_word' id='word_1_105' title='bbox 567 1333 1012 1406; x_wconf 71' lang='lat' dir='ltr'><em>disputationibus</em></span> <span class='ocrx_word' id='word_1_106' title='bbox 1040 1336 1120 1391; x_wconf 82' lang='lat' dir='ltr'><strong><em>vel</em></strong></span> <span class='ocrx_word' id='word_1_107' title='bbox 1147 1334 1356 1390; x_wconf 80' lang='lat' dir='ltr'><strong><em>divinas</em></strong></span> <span class='ocrx_word' id='word_1_108' title='bbox 1379 1336 1621 1392; x_wconf 78' lang='lat' dir='ltr'><strong><em>lectiones</em></strong></span> <span class='ocrx_word' id='word_1_109' title='bbox 1644 1349 1923 1405; x_wconf 74' lang='lat' dir='ltr'><strong><em>exponere,</em></strong></span> <span class='ocrx_word' id='word_1_110' title='bbox 1940 1335 2018 1388; x_wconf 84' lang='lat' dir='ltr'><strong><em>vel</em></strong></span> <span class='ocrx_word' id='word_1_111' title='bbox 2043 1333 2104 1387; x_wconf 83' lang='lat' dir='ltr'><strong><em>de</em></strong></span> <span class='ocrx_word' id='word_1_112' title='bbox 2128 1332 2395 1404; x_wconf 75' lang='lat' dir='ltr'><strong><em>aliquibus</em></strong></span> <span class='ocrx_word' id='word_1_113' title='bbox 2422 1333 2583 1388; x_wconf 84' lang='lat' dir='ltr'><strong><em>salu·</em></strong></span> 
     </span>
     <span class='ocr_line' id='line_1_13' title="bbox 567 1420 2583 1496; baseline -0.002 -18"><span class='ocrx_word' id='word_1_114' title='bbox 567 1423 740 1479; x_wconf 88' lang='lat' dir='ltr'><strong><em>briter</em></strong></span> <span class='ocrx_word' id='word_1_115' title='bbox 758 1423 1075 1496; x_wconf 77' lang='lat' dir='ltr'><strong><em>disputare?</em></strong></span> <span class='ocrx_word' id='word_1_116' title='bbox 1101 1423 1324 1490; x_wconf 80' lang='lat' dir='ltr'><em>Quando</em></span> <span class='ocrx_word' id='word_1_117' title='bbox 1351 1441 1477 1495; x_wconf 73' lang='lat' dir='ltr'><strong><em>erqo</em></strong></span> <span class='ocrx_word' id='word_1_118' title='bbox 1500 1441 1608 1479; x_wconf 83' lang='lat' dir='ltr'><strong><em>uon</em></strong></span> <span class='ocrx_word' id='word_1_119' title='bbox 1646 1439 1821 1478; x_wconf 84' lang='lat' dir='ltr'><strong><em>omues</em></strong></span> <span class='ocrx_word' id='word_1_120' title='bbox 1846 1429 2088 1495; x_wconf 79' lang='lat' dir='ltr'><strong><em>possunt,</em></strong></span> <span class='ocrx_word' id='word_1_121' title='bbox 2114 1437 2215 1476; x_wconf 90' lang='lat' dir='ltr'><strong><em>cur</em></strong></span> <span class='ocrx_word' id='word_1_122' title='bbox 2238 1420 2333 1476; x_wconf 88' lang='lat' dir='ltr'><strong><em>sub</em></strong></span> <span class='ocrx_word' id='word_1_123' title='bbox 2358 1420 2454 1476; x_wconf 79' lang='lat' dir='ltr'><strong><em>hoc</em></strong></span> <span class='ocrx_word' id='word_1_124' title='bbox 2480 1420 2583 1474; x_wconf 82' lang='lat' dir='ltr'><strong><em>ob·-</em></strong></span> 
     </span>
     <span class='ocr_line' id='line_1_14' title="bbox 569 1507 2583 1584; baseline -0.003 -17"><span class='ocrx_word' id='word_1_125' title='bbox 569 1519 721 1568; x_wconf 83' lang='lat' dir='ltr'><strong><em>tentu</em></strong></span> <span class='ocrx_word' id='word_1_126' title='bbox 741 1528 916 1569; x_wconf 83' lang='lat' dir='ltr'><strong><em>omnes</em></strong></span> <span class='ocrx_word' id='word_1_127' title='bbox 948 1529 1140 1569; x_wconf 85' lang='lat' dir='ltr'><strong><em>vacare</em></strong></span> <span class='ocrx_word' id='word_1_128' title='bbox 1169 1513 1396 1568; x_wconf 82' lang='lat' dir='ltr'><strong><em>volunt?</em></strong></span> <span class='ocrx_word' id='word_1_129' title='bbox 1420 1513 1750 1584; x_wconf 77' lang='lat' dir='ltr'><strong><em>Quamquam</em></strong></span> <span class='ocrx_word' id='word_1_130' title='bbox 1776 1511 1873 1568; x_wconf 86' lang='lat' dir='ltr'><strong><em>etsi</em></strong></span> <span class='ocrx_word' id='word_1_131' title='bbox 1901 1527 2075 1566; x_wconf 82' lang='lat' dir='ltr'><strong><em>omnes</em></strong></span> <span class='ocrx_word' id='word_1_132' title='bbox 2101 1515 2333 1582; x_wconf 80' lang='lat' dir='ltr'><strong><em>posse-nt,</em></strong></span> <span class='ocrx_word' id='word_1_133' title='bbox 2365 1507 2583 1563; x_wconf 82' lang='lat' dir='ltr'><strong><em>vicissi-</em></strong></span> 
     </span>
     <span class='ocr_line' id='line_1_15' title="bbox 572 1597 2583 1672; baseline -0.003 -16"><span class='ocrx_word' id='word_1_134' title='bbox 572 1600 758 1657; x_wconf 81' lang='lat' dir='ltr'><strong><em>tudine</em></strong></span> <span class='ocrx_word' id='word_1_135' title='bbox 791 1600 970 1672; x_wconf 74' lang='lat' dir='ltr'><strong><em>facere</em></strong></span> <span class='ocrx_word' id='word_1_136' title='bbox 1001 1601 1267 1667; x_wconf 79' lang='lat' dir='ltr'><strong><em>deberent,</em></strong></span> <span class='ocrx_word' id='word_1_137' title='bbox 1294 1609 1344 1658; x_wconf 87' lang='lat' dir='ltr'><strong><em>et</em></strong></span> <span class='ocrx_word' id='word_1_138' title='bbox 1368 1617 1475 1656; x_wconf 81' lang='lat' dir='ltr'><strong><em>non</em></strong></span> <span class='ocrx_word' id='word_1_139' title='bbox 1507 1603 1673 1657; x_wconf 87' lang='lat' dir='ltr'><strong><em>solum</em></strong></span> <span class='ocrx_word' id='word_1_140' title='bbox 1698 1606 1761 1657; x_wconf 87' lang='lat' dir='ltr'><strong><em>ut</em></strong></span> <span class='ocrx_word' id='word_1_141' title='bbox 1783 1600 1945 1657; x_wconf 85' lang='lat' dir='ltr'><strong><em>ceteri</em></strong></span> <span class='ocrx_word' id='word_1_142' title='bbox 1968 1615 2003 1654; x_wconf 88' lang='lat' dir='ltr'><strong><em>a</em></strong></span> <span class='ocrx_word' id='word_1_143' title='bbox 2032 1597 2344 1654; x_wconf 79' lang='lat' dir='ltr'><strong><em>necessariis</em></strong></span> <span class='ocrx_word' id='word_1_144' title='bbox 2370 1597 2583 1653; x_wconf 82' lang='lat' dir='ltr'><strong><em>actibus</em></strong></span> 
     </span>
     <span class='ocr_line' id='line_1_16' title="bbox 571 1687 2581 1762; baseline -0.001 -18"><span class='ocrx_word' id='word_1_145' title='bbox 571 1696 980 1762; x_wconf 79' lang='lat' dir='ltr'><strong><em>occuparentur,</em></strong></span> <span class='ocrx_word' id='word_1_146' title='bbox 1017 1690 1106 1746; x_wconf 79' lang='lat' dir='ltr'><strong><em>secl</em></strong></span> <span class='ocrx_word' id='word_1_147' title='bbox 1134 1692 1262 1762; x_wconf 82' lang='lat' dir='ltr'><strong><em>quia</em></strong></span> <span class='ocrx_word' id='word_1_148' title='bbox 1303 1691 1497 1762; x_wconf 75' lang='lat' dir='ltr'><strong><em>sttfficit</em></strong></span> <span class='ocrx_word' id='word_1_149' title='bbox 1526 1697 1609 1755; x_wconf 88' lang='lat' dir='ltr'><strong><em>ut,</em></strong></span> <span class='ocrx_word' id='word_1_150' title='bbox 1639 1689 1889 1762; x_wconf 80' lang='lat' dir='ltr'><strong><em>pluribus</em></strong></span> <span class='ocrx_word' id='word_1_151' title='bbox 1926 1687 2284 1754; x_wconf 74' lang='lat' dir='ltr'><strong><em>audientibus,</em></strong></span> <span class='ocrx_word' id='word_1_152' title='bbox 2312 1703 2454 1742; x_wconf 85' lang='lat' dir='ltr'><strong><em>unus</em></strong></span> <span class='ocrx_word' id='word_1_153' title='bbox 2494 1687 2581 1742; x_wconf 85' lang='lat' dir='ltr'><strong><em>lo-</em></strong></span> 
     </span>
     <span class='ocr_line' id='line_1_17' title="bbox 571 1785 1782 1848; baseline 0 -16"><span class='ocrx_word' id='word_1_154' title='bbox 571 1785 791 1848; x_wconf 78' lang='lat' dir='ltr'><strong><em>quatur.</em></strong></span> <span class='ocrx_word' id='word_1_155' title='bbox 1777 1836 1782 1841; x_wconf 65' lang='grc'><strong>,</strong></span> 
     </span>
    </p>

    <p class='ocr_par' dir='ltr' id='par_1_4' title="bbox 571 1865 2585 2470">
     <span class='ocr_line' id='line_1_18' title="bbox 644 1865 2579 1940; baseline -0.001 -21"><span class='ocrx_word' id='word_1_156' title='bbox 644 1868 697 1919; x_wconf 85' lang='grc'><strong><em>3.</em></strong></span> <span class='ocrx_word' id='word_1_157' title='bbox 724 1867 1014 1932; x_wconf 76' lang='lat' dir='ltr'><strong><em>Praeterea,</em></strong></span> <span class='ocrx_word' id='word_1_158' title='bbox 1047 1865 1233 1922; x_wconf 89' lang='lat' dir='ltr'><strong><em>clerici</em></strong></span> <span class='ocrx_word' id='word_1_159' title='bbox 1262 1866 1498 1923; x_wconf 80' lang='lat' dir='ltr'><strong><em>maxime</em></strong></span> <span class='ocrx_word' id='word_1_160' title='bbox 1526 1867 1783 1940; x_wconf 89' lang='lat' dir='ltr'><strong><em>operibus</em></strong></span> <span class='ocrx_word' id='word_1_161' title='bbox 1810 1865 2183 1940; x_wconf 77' lang='lat' dir='ltr'><strong><em>spiritualibus</em></strong></span> <span class='ocrx_word' id='word_1_162' title='bbox 2213 1871 2579 1938; x_wconf 83' lang='lat' dir='ltr'><strong><em>occupantur.</em></strong></span> 
     </span>
     <span class='ocr_line' id='line_1_19' title="bbox 573 1952 2582 2028; baseline 0 -20"><span class='ocrx_word' id='word_1_163' title='bbox 573 1952 678 2008; x_wconf 86' lang='lat' dir='ltr'><strong><em>Sed</em></strong></span> <span class='ocrx_word' id='word_1_164' title='bbox 716 1952 820 2026; x_wconf 87' lang='lat' dir='ltr'><strong><em>ipsi</em></strong></span> <span class='ocrx_word' id='word_1_165' title='bbox 844 1958 1097 2010; x_wconf 85' lang='lat' dir='ltr'><strong><em>tenentur</em></strong></span> <span class='ocrx_word' id='word_1_166' title='bbox 1125 1954 1194 2010; x_wconf 92' lang='lat' dir='ltr'><strong><em>ad</em></strong></span> <span class='ocrx_word' id='word_1_167' title='bbox 1239 1954 1479 2010; x_wconf 86' lang='lat' dir='ltr'><strong><em>laborem</em></strong></span> <span class='ocrx_word' id='word_1_168' title='bbox 1517 1971 1798 2012; x_wconf 88' lang='lat' dir='ltr'><strong><em>manuum.</em></strong></span> <span class='ocrx_word' id='word_1_169' title='bbox 1826 1957 1985 2028; x_wconf 86' lang='lat' dir='ltr'><strong><em>Erg0‚</em></strong></span> <span class='ocrx_word' id='word_1_170' title='bbox 2016 1962 2125 2011; x_wconf 84' lang='lat' dir='ltr'><strong><em>etc.</em></strong></span> <span class='ocrx_word' id='word_1_171' title='bbox 2171 1955 2430 2011; x_wconf 86' lang='lat' dir='ltr'><strong><em>Probatio</em></strong></span> <span class='ocrx_word' id='word_1_172' title='bbox 2462 1970 2582 2008; x_wconf 88' lang='lat' dir='ltr'><strong><em>me-</em></strong></span> 
     </span>
     <span class='ocr_line' id='line_1_20' title="bbox 574 2039 2583 2113; baseline 0 -18"><span class='ocrx_word' id='word_1_173' title='bbox 574 2041 704 2098; x_wconf 77' lang='lat' dir='ltr'><strong><em>diae.</em></strong></span> <span class='ocrx_word' id='word_1_174' title='bbox 741 2039 1107 2098; x_wconf 84' lang='lat' dir='ltr'><strong><em>Dictinctione</em></strong></span> <span class='ocrx_word' id='word_1_175' title='bbox 1140 2045 1232 2113; x_wconf 73' lang='lat'><strong><em>8⁴,</em></strong></span> <span class='ocrx_word' id='word_1_176' title='bbox 1273 2043 1476 2099; x_wconf 86' lang='lat' dir='ltr'><strong><em>dicitur</em></strong></span> <span class='ocrx_word' id='word_1_177' title='bbox 1508 2060 1522 2099; x_wconf 90' lang='lat'>:</span> <span class='ocrx_word' id='word_1_178' title='bbox 1556 2044 1797 2101; x_wconf 78' lang='lat' dir='ltr'><strong><em>Clericus</em></strong></span> <span class='ocrx_word' id='word_1_179' title='bbox 1832 2045 2030 2100; x_wconf 84' lang='lat' dir='ltr'><strong><em>victum</em></strong></span> <span class='ocrx_word' id='word_1_180' title='bbox 2054 2051 2151 2100; x_wconf 87' lang='lat' dir='ltr'><strong><em>aut</em></strong></span> <span class='ocrx_word' id='word_1_181' title='bbox 2180 2044 2430 2100; x_wconf 84' lang='lat' dir='ltr'><strong><em>vestitum</em></strong></span> <span class='ocrx_word' id='word_1_182' title='bbox 2478 2043 2583 2097; x_wconf 86' lang='lat' dir='ltr'><strong><em>sibi</em></strong></span> 
     </span>
     <span class='ocr_line' id='line_1_21' title="bbox 575 2129 2581 2206; baseline -0 -21"><span class='ocrx_word' id='word_1_183' title='bbox 575 2129 810 2200; x_wconf 80' lang='lat' dir='ltr'><strong><em>artificio</em></strong></span> <span class='ocrx_word' id='word_1_184' title='bbox 844 2131 924 2187; x_wconf 85' lang='lat' dir='ltr'><strong><em>vel</em></strong></span> <span class='ocrx_word' id='word_1_185' title='bbox 965 2131 1327 2204; x_wconf 69' lang='lat' dir='ltr'><strong><em>apricultura,</em></strong></span> <span class='ocrx_word' id='word_1_186' title='bbox 1367 2131 1557 2205; x_wconf 80' lang='lat' dir='ltr'><strong><em>absque</em></strong></span> <span class='ocrx_word' id='word_1_187' title='bbox 1597 2134 1754 2206; x_wconf 81' lang='lat' dir='ltr'><strong><em>officii</em></strong></span> <span class='ocrx_word' id='word_1_188' title='bbox 1792 2132 1877 2188; x_wconf 84' lang='lat' dir='ltr'><strong><em>sui</em></strong></span> <span class='ocrx_word' id='word_1_189' title='bbox 1924 2132 2188 2188; x_wconf 77' lang='lat' dir='ltr'><strong><em>duntaxat</em></strong></span> <span class='ocrx_word' id='word_1_190' title='bbox 2235 2131 2581 2196; x_wconf 77' lang='lat' dir='ltr'><strong><em>detrimeutO,</em></strong></span> 
     </span>
     <span class='ocr_line' id='line_1_22' title="bbox 571 2220 2585 2294; baseline 0 -21"><span class='ocrx_word' id='word_1_191' title='bbox 571 2225 864 2291; x_wconf 71' lang='lat' dir='ltr'><strong><em>praeparet.</em></strong></span> <span class='ocrx_word' id='word_1_192' title='bbox 895 2220 1034 2276; x_wconf 87' lang='lat' dir='ltr'><strong><em>Item</em></strong></span> <span class='ocrx_word' id='word_1_193' title='bbox 1062 2221 1118 2276; x_wconf 89' lang='lat' dir='ltr'><strong><em>in</em></strong></span> <span class='ocrx_word' id='word_1_194' title='bbox 1155 2220 1262 2276; x_wconf 89' lang='lat' dir='ltr'><strong><em>alio</em></strong></span> <span class='ocrx_word' id='word_1_195' title='bbox 1299 2221 1542 2294; x_wconf 86' lang='lat' dir='ltr'><strong><em>capitulo</em></strong></span> <span class='ocrx_word' id='word_1_196' title='bbox 1572 2238 1584 2276; x_wconf 89' lang='lat'><strong>:</strong></span> <span class='ocrx_word' id='word_1_197' title='bbox 1616 2221 1853 2278; x_wconf 76' lang='lat' dir='ltr'><strong><em>Clericus</em></strong></span> <span class='ocrx_word' id='word_1_198' title='bbox 1886 2222 1977 2294; x_wconf 80' lang='lat' dir='ltr'><strong><em>qui</em></strong></span> <span class='ocrx_word' id='word_1_199' title='bbox 2007 2221 2160 2278; x_wconf 86' lang='lat' dir='ltr'><strong><em>verbo</em></strong></span> <span class='ocrx_word' id='word_1_200' title='bbox 2198 2221 2300 2277; x_wconf 89' lang='lat' dir='ltr'><strong><em>Dei</em></strong></span> <span class='ocrx_word' id='word_1_201' title='bbox 2334 2220 2585 2277; x_wconf 66' lang='lat' dir='ltr'><strong><em>cauditus</em></strong></span> 
     </span>
     <span class='ocr_line' id='line_1_23' title="bbox 574 2309 2583 2383; baseline 0 -19"><span class='ocrx_word' id='word_1_202' title='bbox 574 2316 670 2374; x_wconf 83' lang='lat' dir='ltr'><strong><em>est,</em></strong></span> <span class='ocrx_word' id='word_1_203' title='bbox 699 2309 936 2380; x_wconf 82' lang='lat' dir='ltr'><strong><em>artificio</em></strong></span> <span class='ocrx_word' id='word_1_204' title='bbox 957 2309 1158 2368; x_wconf 86' lang='lat' dir='ltr'><strong><em>victum</em></strong></span> <span class='ocrx_word' id='word_1_205' title='bbox 1180 2317 1408 2382; x_wconf 81' lang='lat' dir='ltr'><strong><em>quaerat.</em></strong></span> <span class='ocrx_word' id='word_1_206' title='bbox 1431 2311 1603 2366; x_wconf 89' lang='lat' dir='ltr'><strong><em>Item:</em></strong></span> <span class='ocrx_word' id='word_1_207' title='bbox 1626 2311 1815 2366; x_wconf 79' lang='lat' dir='ltr'><strong><em>Omnes</em></strong></span> <span class='ocrx_word' id='word_1_208' title='bbox 1836 2310 2019 2366; x_wconf 84' lang='lat' dir='ltr'><strong><em>clerici</em></strong></span> <span class='ocrx_word' id='word_1_209' title='bbox 2042 2311 2133 2382; x_wconf 80' lang='lat' dir='ltr'><strong><em>qui</em></strong></span> <span class='ocrx_word' id='word_1_210' title='bbox 2156 2309 2229 2366; x_wconf 80' lang='lat' dir='ltr'><strong><em>ad</em></strong></span> <span class='ocrx_word' id='word_1_211' title='bbox 2253 2309 2583 2383; x_wconf 79' lang='lat' dir='ltr'><strong><em>operandum</em></strong></span> 
     </span>
     <span class='ocr_line' id='line_1_24' title="bbox 573 2397 1915 2470; baseline 0.001 -16"><span class='ocrx_word' id='word_1_212' title='bbox 573 2397 742 2454; x_wconf 83' lang='lat' dir='ltr'><strong><em>validi</em></strong></span> <span class='ocrx_word' id='word_1_213' title='bbox 769 2405 914 2464; x_wconf 80' lang='lat' dir='ltr'><strong><em>sunt,</em></strong></span> <span class='ocrx_word' id='word_1_214' title='bbox 943 2405 992 2454; x_wconf 85' lang='lat' dir='ltr'><strong><em>et</em></strong></span> <span class='ocrx_word' id='word_1_215' title='bbox 1021 2399 1341 2470; x_wconf 79' lang='lat' dir='ltr'><strong><em>artificialia</em></strong></span> <span class='ocrx_word' id='word_1_216' title='bbox 1365 2406 1417 2455; x_wconf 90' lang='lat' dir='ltr'><strong><em>et</em></strong></span> <span class='ocrx_word' id='word_1_217' title='bbox 1444 2399 1657 2456; x_wconf 83' lang='lat' dir='ltr'><strong><em>litteras</em></strong></span> <span class='ocrx_word' id='word_1_218' title='bbox 1684 2400 1915 2457; x_wconf 81' lang='lat' dir='ltr'><strong><em>discant.</em></strong></span> 
     </span>
    </p>

    <p class='ocr_par' dir='ltr' id='par_1_5' title="bbox 571 2487 2581 3088">
     <span class='ocr_line' id='line_1_25' title="bbox 644 2487 2581 2561; baseline -0.001 -19"><span class='ocrx_word' id='word_1_219' title='bbox 644 2488 699 2542; x_wconf 72' lang='lat'><strong><em>4.</em></strong></span> <span class='ocrx_word' id='word_1_220' title='bbox 727 2487 1022 2554; x_wconf 62' lang='lat' dir='ltr'><strong><em>Praeterea,</em></strong></span> <span class='ocrx_word' id='word_1_221' title='bbox 1047 2487 1404 2561; x_wconf 85' lang='lat' dir='ltr'><strong><em>religiosi-qui</em></strong></span> <span class='ocrx_word' id='word_1_222' title='bbox 1434 2487 1615 2544; x_wconf 87' lang='lat' dir='ltr'><strong><em>omnia</em></strong></span> <span class='ocrx_word' id='word_1_223' title='bbox 1640 2489 2035 2561; x_wconf 85' lang='lat' dir='ltr'><strong><em>relinquerunt,</em></strong></span> <span class='ocrx_word' id='word_1_224' title='bbox 2065 2488 2301 2544; x_wconf 84' lang='lat' dir='ltr'><strong><em>maxime</em></strong></span> <span class='ocrx_word' id='word_1_225' title='bbox 2324 2487 2581 2560; x_wconf 87' lang='lat' dir='ltr'><strong><em>operibus</em></strong></span> 
     </span>
     <span class='ocr_line' id='line_1_26' title="bbox 573 2575 2576 2647; baseline -0.001 -17"><span class='ocrx_word' id='word_1_226' title='bbox 573 2575 950 2647; x_wconf 83' lang='lat' dir='ltr'><strong><em>spiritualibus</em></strong></span> <span class='ocrx_word' id='word_1_227' title='bbox 1003 2583 1224 2633; x_wconf 85' lang='lat' dir='ltr'><strong><em>vacant.</em></strong></span> <span class='ocrx_word' id='word_1_228' title='bbox 1267 2577 1373 2634; x_wconf 87' lang='lat' dir='ltr'><strong><em>Sed</em></strong></span> <span class='ocrx_word' id='word_1_229' title='bbox 1418 2577 1555 2634; x_wconf 82' lang='lat' dir='ltr'><strong><em>tales</em></strong></span> <span class='ocrx_word' id='word_1_230' title='bbox 1600 2585 1853 2634; x_wconf 88' lang='lat' dir='ltr'><strong><em>tenentur</em></strong></span> <span class='ocrx_word' id='word_1_231' title='bbox 1894 2579 1963 2634; x_wconf 88' lang='lat' dir='ltr'><strong><em>ad</em></strong></span> <span class='ocrx_word' id='word_1_232' title='bbox 2002 2580 2265 2633; x_wconf 80' lang='lat' dir='ltr'><strong><em>manuum</em></strong></span> <span class='ocrx_word' id='word_1_233' title='bbox 2314 2576 2576 2632; x_wconf 77' lang='lat' dir='ltr'><strong><em>laborem.</em></strong></span> 
     </span>
     <span class='ocr_line' id='line_1_27' title="bbox 572 2662 2577 2738; baseline 0.001 -22"><span class='ocrx_word' id='word_1_234' title='bbox 572 2662 732 2733; x_wconf 83' lang='lat' dir='ltr'><strong><em>Erg0,</em></strong></span> <span class='ocrx_word' id='word_1_235' title='bbox 783 2671 892 2721; x_wconf 85' lang='lat' dir='ltr'><strong><em>etc.</em></strong></span> <span class='ocrx_word' id='word_1_236' title='bbox 941 2664 1197 2721; x_wconf 79' lang='lat' dir='ltr'><strong><em>Probatio</em></strong></span> <span class='ocrx_word' id='word_1_237' title='bbox 1242 2665 1457 2723; x_wconf 83' lang='lat' dir='ltr'><strong><em>mediae.</em></strong></span> <span class='ocrx_word' id='word_1_238' title='bbox 1510 2667 1641 2722; x_wconf 85' lang='lat' dir='ltr'><strong><em>Luc.</em></strong></span> <span class='ocrx_word' id='word_1_239' title='bbox 1695 2682 1803 2734; x_wconf 85' lang='lat' dir='ltr'><strong><em>xn,</em></strong></span> <span class='ocrx_word' id='word_1_240' title='bbox 1853 2666 2073 2724; x_wconf 80' lang='lat' dir='ltr'><strong><em>Vendite</em></strong></span> <span class='ocrx_word' id='word_1_241' title='bbox 2119 2681 2233 2737; x_wconf 76' lang='lat' dir='ltr'><strong><em>quw</em></strong></span> <span class='ocrx_word' id='word_1_242' title='bbox 2274 2664 2577 2738; x_wconf 70' lang='lat' dir='ltr'><strong><em>possidetiS,</em></strong></span> 
     </span>
     <span class='ocr_line' id='line_1_28' title="bbox 573 2749 2579 2825; baseline 0.001 -21"><span class='ocrx_word' id='word_1_243' title='bbox 573 2749 769 2806; x_wconf 87' lang='lat' dir='ltr'><strong><em>Glossa</em></strong></span> <span class='ocrx_word' id='word_1_244' title='bbox 803 2767 817 2805; x_wconf 73' lang='grc' dir='ltr'><strong>ε</strong></span> <span class='ocrx_word' id='word_1_245' title='bbox 863 2751 992 2810; x_wconf 74' lang='lat' dir='ltr'><strong><em>Non</em></strong></span> <span class='ocrx_word' id='word_1_246' title='bbox 1033 2758 1245 2809; x_wconf 82' lang='lat' dir='ltr'><strong><em>tantum</em></strong></span> <span class='ocrx_word' id='word_1_247' title='bbox 1285 2753 1422 2809; x_wconf 86' lang='lat' dir='ltr'><strong><em>cibos</em></strong></span> <span class='ocrx_word' id='word_1_248' title='bbox 1450 2761 1649 2811; x_wconf 85' lang='lat' dir='ltr'><strong><em>vestros</em></strong></span> <span class='ocrx_word' id='word_1_249' title='bbox 1681 2754 2059 2809; x_wconf 78' lang='lat' dir='ltr'><strong><em>communicate</em></strong></span> <span class='ocrx_word' id='word_1_250' title='bbox 2094 2753 2445 2825; x_wconf 81' lang='lat' dir='ltr'><strong><em>pauperibus,</em></strong></span> <span class='ocrx_word' id='word_1_251' title='bbox 2490 2752 2579 2806; x_wconf 82' lang='lat' dir='ltr'><strong><em>sed</em></strong></span> 
     </span>
     <span class='ocr_line' id='line_1_29' title="bbox 573 2837 2577 2913; baseline 0.001 -22"><span class='ocrx_word' id='word_1_252' title='bbox 573 2837 736 2894; x_wconf 87' lang='lat' dir='ltr'><strong><em>etiam</em></strong></span> <span class='ocrx_word' id='word_1_253' title='bbox 772 2839 980 2894; x_wconf 81' lang='lat' dir='ltr'><strong><em>vendite</em></strong></span> <span class='ocrx_word' id='word_1_254' title='bbox 1022 2839 1364 2911; x_wconf 77' lang='lat' dir='ltr'><strong><em>possessiones</em></strong></span> <span class='ocrx_word' id='word_1_255' title='bbox 1406 2849 1629 2906; x_wconf 86' lang='lat' dir='ltr'><strong><em>vestras,</em></strong></span> <span class='ocrx_word' id='word_1_256' title='bbox 1670 2849 1732 2899; x_wconf 85' lang='lat' dir='ltr'><strong><em>ut</em></strong></span> <span class='ocrx_word' id='word_1_257' title='bbox 1774 2842 2013 2898; x_wconf 73' lang='lat' dir='ltr'><strong><em>cinnibus</em></strong></span> <span class='ocrx_word' id='word_1_258' title='bbox 2040 2841 2233 2898; x_wconf 85' lang='lat' dir='ltr'><strong><em>vestris</em></strong></span> <span class='ocrx_word' id='word_1_259' title='bbox 2276 2842 2439 2897; x_wconf 84' lang='lat' dir='ltr'><strong><em>simul</em></strong></span> <span class='ocrx_word' id='word_1_260' title='bbox 2480 2857 2577 2913; x_wconf 78' lang='lat' dir='ltr'><strong><em>pro</em></strong></span> 
     </span>
     <span class='ocr_line' id='line_1_30' title="bbox 571 2927 2578 3004; baseline 0.001 -23"><span class='ocrx_word' id='word_1_261' title='bbox 571 2927 801 2982; x_wconf 81' lang='lat' dir='ltr'><strong><em>Domino</em></strong></span> <span class='ocrx_word' id='word_1_262' title='bbox 829 2927 1041 3000; x_wconf 80' lang='lat' dir='ltr'><strong><em>spretis,</em></strong></span> <span class='ocrx_word' id='word_1_263' title='bbox 1071 2935 1254 3000; x_wconf 81' lang='lat' dir='ltr'><strong><em>postea</em></strong></span> <span class='ocrx_word' id='word_1_264' title='bbox 1287 2929 1465 2988; x_wconf 89' lang='lat' dir='ltr'><strong><em>labore</em></strong></span> <span class='ocrx_word' id='word_1_265' title='bbox 1500 2947 1757 2988; x_wconf 82' lang='lat' dir='ltr'><strong><em>manuum</em></strong></span> <span class='ocrx_word' id='word_1_266' title='bbox 1790 2930 2103 3004; x_wconf 78' lang='lat' dir='ltr'><strong><em>operemini,</em></strong></span> <span class='ocrx_word' id='word_1_267' title='bbox 2132 2930 2273 2986; x_wconf 80' lang='lat' dir='ltr'><strong><em>uude</em></strong></span> <span class='ocrx_word' id='word_1_268' title='bbox 2305 2929 2500 2986; x_wconf 80' lang='lat' dir='ltr'><strong><em>vivatis</em></strong></span> <span class='ocrx_word' id='word_1_269' title='bbox 2527 2935 2578 2983; x_wconf 88' lang='lat' dir='ltr'><strong><em>et</em></strong></span> 
     </span>
     <span class='ocr_line' id='line_1_31' title="bbox 571 3014 1204 3088; baseline 0.003 -18"><span class='ocrx_word' id='word_1_270' title='bbox 571 3014 942 3088; x_wconf 80' lang='lat' dir='ltr'><strong><em>eleemosynam</em></strong></span> <span class='ocrx_word' id='word_1_271' title='bbox 961 3016 1204 3088; x_wconf 72' lang='lat' dir='ltr'><strong><em>faciatis.</em></strong></span> 
     </span>
    </p>

    <p class='ocr_par' dir='ltr' id='par_1_6' title="bbox 563 3105 2583 3788">
     <span class='ocr_line' id='line_1_32' title="bbox 641 3105 2577 3181; baseline 0.003 -23"><span class='ocrx_word' id='word_1_272' title='bbox 641 3105 695 3162; x_wconf 78' lang='lat'><strong><em>5.</em></strong></span> <span class='ocrx_word' id='word_1_273' title='bbox 741 3107 1032 3174; x_wconf 82' lang='lat' dir='ltr'><strong><em>Praeterea,</em></strong></span> <span class='ocrx_word' id='word_1_274' title='bbox 1066 3105 1350 3164; x_wconf 85' lang='lat' dir='ltr'><strong><em>decretum</em></strong></span> <span class='ocrx_word' id='word_1_275' title='bbox 1378 3108 1514 3164; x_wconf 87' lang='lat' dir='ltr'><strong><em>dicit</em></strong></span> <span class='ocrx_word' id='word_1_276' title='bbox 1561 3108 1807 3164; x_wconf 87' lang='lat' dir='ltr'><strong><em>distinct.</em></strong></span> <span class='ocrx_word' id='word_1_277' title='bbox 1838 3111 1926 3175; x_wconf 75' lang='lat'><strong><em>22,</em></strong></span> <span class='ocrx_word' id='word_1_278' title='bbox 1966 3105 2111 3181; x_wconf 89' lang='lat' dir='ltr'><strong><em>quod</em></strong></span> <span class='ocrx_word' id='word_1_279' title='bbox 2152 3106 2245 3162; x_wconf 89' lang='lat' dir='ltr'><strong><em>ille</em></strong></span> <span class='ocrx_word' id='word_1_280' title='bbox 2272 3115 2359 3163; x_wconf 87' lang='lat' dir='ltr'><strong><em>est</em></strong></span> <span class='ocrx_word' id='word_1_281' title='bbox 2396 3107 2577 3163; x_wconf 77' lang='lat' dir='ltr'><strong><em>haere-</em></strong></span> 
     </span>
     <span class='ocr_line' id='line_1_33' title="bbox 571 3193 2574 3268; baseline 0.002 -23"><span class='ocrx_word' id='word_1_282' title='bbox 571 3193 711 3247; x_wconf 89' lang='lat' dir='ltr'><strong><em>ticus</em></strong></span> <span class='ocrx_word' id='word_1_283' title='bbox 739 3193 833 3264; x_wconf 84' lang='lat' dir='ltr'><strong><em>qui</em></strong></span> <span class='ocrx_word' id='word_1_284' title='bbox 877 3195 1008 3250; x_wconf 81' lang='lat' dir='ltr'><strong><em>facit</em></strong></span> <span class='ocrx_word' id='word_1_285' title='bbox 1051 3203 1243 3252; x_wconf 86' lang='lat' dir='ltr'><strong><em>contra</em></strong></span> <span class='ocrx_word' id='word_1_286' title='bbox 1287 3203 1531 3253; x_wconf 87' lang='lat' dir='ltr'><strong><em>statuum</em></strong></span> <span class='ocrx_word' id='word_1_287' title='bbox 1572 3197 1833 3253; x_wconf 83' lang='lat' dir='ltr'><strong><em>Ecclesiae</em></strong></span> <span class='ocrx_word' id='word_1_288' title='bbox 1878 3199 2163 3253; x_wconf 79' lang='lat' dir='ltr'><strong><em>Romanae.</em></strong></span> <span class='ocrx_word' id='word_1_289' title='bbox 2206 3196 2313 3253; x_wconf 86' lang='lat' dir='ltr'><strong><em>Sed</em></strong></span> <span class='ocrx_word' id='word_1_290' title='bbox 2359 3195 2434 3251; x_wconf 91' lang='lat' dir='ltr'><strong><em>illi</em></strong></span> <span class='ocrx_word' id='word_1_291' title='bbox 2482 3197 2574 3268; x_wconf 88' lang='lat' dir='ltr'><strong><em>qui</em></strong></span> 
     </span>
     <span class='ocr_line' id='line_1_34' title="bbox 567 3281 2574 3358; baseline 0.003 -25"><span class='ocrx_word' id='word_1_292' title='bbox 567 3281 900 3347; x_wconf 78' lang='lat' dir='ltr'><strong><em>mendicant,</em></strong></span> <span class='ocrx_word' id='word_1_293' title='bbox 931 3298 1037 3338; x_wconf 90' lang='lat' dir='ltr'><strong><em>non</em></strong></span> <span class='ocrx_word' id='word_1_294' title='bbox 1079 3282 1389 3342; x_wconf 79' lang='lat' dir='ltr'><strong><em>laborantes</em></strong></span> <span class='ocrx_word' id='word_1_295' title='bbox 1424 3286 1659 3358; x_wconf 87' lang='lat' dir='ltr'><strong><em>propriis</em></strong></span> <span class='ocrx_word' id='word_1_296' title='bbox 1698 3286 1969 3353; x_wconf 77' lang='lat' dir='ltr'><strong><em>manibu3‚</em></strong></span> <span class='ocrx_word' id='word_1_297' title='bbox 1998 3285 2208 3342; x_wconf 86' lang='lat' dir='ltr'><strong><em>faciunt</em></strong></span> <span class='ocrx_word' id='word_1_298' title='bbox 2236 3293 2429 3341; x_wconf 87' lang='lat' dir='ltr'><strong><em>contra</em></strong></span> <span class='ocrx_word' id='word_1_299' title='bbox 2458 3291 2574 3340; x_wconf 83' lang='lat' dir='ltr'><strong><em>sta-</em></strong></span> 
     </span>
     <span class='ocr_line' id='line_1_35' title="bbox 567 3368 2571 3447; baseline 0.002 -24"><span class='ocrx_word' id='word_1_300' title='bbox 567 3373 746 3423; x_wconf 86' lang='lat' dir='ltr'><strong><em>tutum</em></strong></span> <span class='ocrx_word' id='word_1_301' title='bbox 772 3368 979 3426; x_wconf 84' lang='lat' dir='ltr'><strong><em>Callisti</em></strong></span> <span class='ocrx_word' id='word_1_302' title='bbox 1007 3373 1169 3446; x_wconf 82' lang='lat' dir='ltr'><strong><em>Papae</em></strong></span> <span class='ocrx_word' id='word_1_303' title='bbox 1190 3378 1279 3441; x_wconf 75' lang='lat'><strong><em>22,</em></strong></span> <span class='ocrx_word' id='word_1_304' title='bbox 1303 3383 1501 3447; x_wconf 84' lang='lat' dir='ltr'><strong><em>quaest.</em></strong></span> <span class='ocrx_word' id='word_1_305' title='bbox 1528 3381 1548 3429; x_wconf 78' lang='grc'>1</span> <span class='ocrx_word' id='word_1_306' title='bbox 1579 3391 1592 3428; x_wconf 87' lang='lat'>:</span> <span class='ocrx_word' id='word_1_307' title='bbox 1621 3374 1867 3432; x_wconf 82' lang='lat' dir='ltr'><strong><em>Videntes</em></strong></span> <span class='ocrx_word' id='word_1_308' title='bbox 1888 3375 2083 3431; x_wconf 86' lang='lat' dir='ltr'><strong><em>summi</em></strong></span> <span class='ocrx_word' id='word_1_309' title='bbox 2104 3375 2401 3430; x_wconf 75' lang='lat' dir='ltr'><strong><em>sacerdotes</em></strong></span> <span class='ocrx_word' id='word_1_310' title='bbox 2428 3381 2571 3445; x_wconf 82' lang='lat' dir='ltr'><strong><em>etc.;</em></strong></span> 
     </span>
     <span class='ocr_line' id='line_1_36' title="bbox 566 3456 2574 3535; baseline 0.002 -23"><span class='ocrx_word' id='word_1_311' title='bbox 566 3456 658 3512; x_wconf 87' lang='lat' dir='ltr'><strong><em>ubi</em></strong></span> <span class='ocrx_word' id='word_1_312' title='bbox 686 3457 887 3514; x_wconf 87' lang='lat' dir='ltr'><strong><em>dicitur</em></strong></span> <span class='ocrx_word' id='word_1_313' title='bbox 912 3460 1058 3532; x_wconf 86' lang='lat' dir='ltr'><strong><em>quod</em></strong></span> <span class='ocrx_word' id='word_1_314' title='bbox 1088 3461 1324 3517; x_wconf 84' lang='lat' dir='ltr'><strong><em>Ecclesia</em></strong></span> <span class='ocrx_word' id='word_1_315' title='bbox 1365 3462 1557 3518; x_wconf 84' lang='lat' dir='ltr'><strong><em>statuit</em></strong></span> <span class='ocrx_word' id='word_1_316' title='bbox 1597 3463 1733 3534; x_wconf 80' lang='lat' dir='ltr'><strong><em>quod</em></strong></span> <span class='ocrx_word' id='word_1_317' title='bbox 1758 3463 1902 3519; x_wconf 84' lang='lat' dir='ltr'><strong><em>inter</em></strong></span> <span class='ocrx_word' id='word_1_318' title='bbox 1940 3481 2023 3519; x_wconf 80' lang='lat' dir='ltr'><strong><em>eos</em></strong></span> <span class='ocrx_word' id='word_1_319' title='bbox 2050 3463 2143 3535; x_wconf 77' lang='lat' dir='ltr'><strong><em>qui</em></strong></span> <span class='ocrx_word' id='word_1_320' title='bbox 2167 3464 2433 3520; x_wconf 80' lang='lat' dir='ltr'><strong><em>communi</em></strong></span> <span class='ocrx_word' id='word_1_321' title='bbox 2460 3463 2574 3518; x_wconf 84' lang='lat' dir='ltr'><strong><em>vita</em></strong></span> 
     </span>
     <span class='ocr_line' id='line_1_37' title="bbox 563 3546 2571 3625; baseline 0.003 -24"><span class='ocrx_word' id='word_1_322' title='bbox 563 3546 748 3618; x_wconf 77' lang='lat' dir='ltr'><strong><em>deqere</em></strong></span> <span class='ocrx_word' id='word_1_323' title='bbox 764 3549 968 3616; x_wconf 78' lang='lat' dir='ltr'><strong><em>volunt,</em></strong></span> <span class='ocrx_word' id='word_1_324' title='bbox 991 3550 1164 3606; x_wconf 81' lang='lat' dir='ltr'><strong><em>nullus</em></strong></span> <span class='ocrx_word' id='word_1_325' title='bbox 1189 3567 1338 3623; x_wconf 73' lang='lat' dir='ltr'><strong><em>eqens</em></strong></span> <span class='ocrx_word' id='word_1_326' title='bbox 1359 3551 1693 3609; x_wconf 80' lang='lat' dir='ltr'><strong><em>inveniatur.</em></strong></span> <span class='ocrx_word' id='word_1_327' title='bbox 1722 3553 1863 3625; x_wconf 88' lang='lat' dir='ltr'><strong><em>Ergo</em></strong></span> <span class='ocrx_word' id='word_1_328' title='bbox 1894 3552 2131 3624; x_wconf 84' lang='lat' dir='ltr'><strong><em>religiosi</em></strong></span> <span class='ocrx_word' id='word_1_329' title='bbox 2167 3560 2387 3625; x_wconf 84' lang='lat' dir='ltr'><strong><em>propter</em></strong></span> <span class='ocrx_word' id='word_1_330' title='bbox 2406 3567 2571 3625; x_wconf 80' lang='lat' dir='ltr'><strong><em>opera</em></strong></span> 
     </span>
     <span class='ocr_line' id='line_1_38' title="bbox 563 3634 2583 3713; baseline 0.002 -23"><span class='ocrx_word' id='word_1_331' title='bbox 563 3634 871 3708; x_wconf 86' lang='lat' dir='ltr'><strong><em>spiritualia</em></strong></span> <span class='ocrx_word' id='word_1_332' title='bbox 900 3653 1007 3693; x_wconf 90' lang='lat' dir='ltr'><strong><em>non</em></strong></span> <span class='ocrx_word' id='word_1_333' title='bbox 1037 3643 1366 3696; x_wconf 86' lang='lat' dir='ltr'><strong><em>excusantur</em></strong></span> <span class='ocrx_word' id='word_1_334' title='bbox 1401 3656 1434 3696; x_wconf 91' lang='lat' dir='ltr'><strong><em>a</em></strong></span> <span class='ocrx_word' id='word_1_335' title='bbox 1469 3640 1653 3696; x_wconf 85' lang='lat' dir='ltr'><strong><em>labore</em></strong></span> <span class='ocrx_word' id='word_1_336' title='bbox 1686 3656 1978 3713; x_wconf 88' lang='lat' dir='ltr'><strong><em>manunm;</em></strong></span> <span class='ocrx_word' id='word_1_337' title='bbox 2011 3643 2120 3698; x_wconf 89' lang='lat' dir='ltr'><strong><em>imo</em></strong></span> <span class='ocrx_word' id='word_1_338' title='bbox 2150 3641 2196 3697; x_wconf 90' lang='lat' dir='ltr'><strong><em>si</em></strong></span> <span class='ocrx_word' id='word_1_339' title='bbox 2229 3639 2583 3702; x_wconf 80' lang='lat' dir='ltr'><strong><em>mendicant,&#39;</em></strong></span> 
     </span>
     <span class='ocr_line' id='line_1_39' title="bbox 564 3730 985 3788; baseline 0.014 -6"><span class='ocrx_word' id='word_1_340' title='bbox 564 3735 689 3786; x_wconf 85' lang='lat' dir='ltr'><strong><em>sunt</em></strong></span> <span class='ocrx_word' id='word_1_341' title='bbox 719 3730 985 3788; x_wconf 81' lang='lat' dir='ltr'><strong><em>haeretici.</em></strong></span> 
     </span>
    </p>

    <p class='ocr_par' dir='ltr' id='par_1_7' title="bbox 563 3819 2566 3986">
     <span class='ocr_line' id='line_1_40' title="bbox 632 3819 2566 3895; baseline 0.002 -24"><span class='ocrx_word' id='word_1_342' title='bbox 632 3821 686 3872; x_wconf 87' lang='lat'><strong><em>6.</em></strong></span> <span class='ocrx_word' id='word_1_343' title='bbox 726 3819 1000 3877; x_wconf 86' lang='lat' dir='ltr'><strong><em>Praeterea</em></strong></span> <span class='ocrx_word' id='word_1_344' title='bbox 1042 3819 1132 3878; x_wconf 85' lang='lat' dir='ltr'><strong><em>ille</em></strong></span> <span class='ocrx_word' id='word_1_345' title='bbox 1161 3822 1256 3893; x_wconf 87' lang='lat' dir='ltr'><strong><em>qui</em></strong></span> <span class='ocrx_word' id='word_1_346' title='bbox 1289 3837 1348 3878; x_wconf 89' lang='lat' dir='ltr'><strong><em>se</em></strong></span> <span class='ocrx_word' id='word_1_347' title='bbox 1387 3823 1609 3895; x_wconf 86' lang='lat' dir='ltr'><strong><em>exponit</em></strong></span> <span class='ocrx_word' id='word_1_348' title='bbox 1648 3821 1890 3895; x_wconf 89' lang='lat' dir='ltr'><strong><em>periculo</em></strong></span> <span class='ocrx_word' id='word_1_349' title='bbox 1924 3823 2135 3888; x_wconf 82' lang='lat' dir='ltr'><strong><em>mortiS,</em></strong></span> <span class='ocrx_word' id='word_1_350' title='bbox 2182 3829 2377 3894; x_wconf 87' lang='lat' dir='ltr'><strong><em>peccat</em></strong></span> <span class='ocrx_word' id='word_1_351' title='bbox 2412 3821 2566 3894; x_wconf 83' lang='lat' dir='ltr'><strong><em>quasi</em></strong></span> 
     </span>
     <span class='ocr_line' id='line_1_41' title="bbox 563 3910 2566 3986; baseline 0.001 -25"><span class='ocrx_word' id='word_1_352' title='bbox 563 3911 778 3964; x_wconf 88' lang='lat' dir='ltr'><strong><em>tentans</em></strong></span> <span class='ocrx_word' id='word_1_353' title='bbox 806 3911 1016 3982; x_wconf 81' lang='lat' dir='ltr'><strong><em>Deum3</em></strong></span> <span class='ocrx_word' id='word_1_354' title='bbox 1047 3911 1188 3968; x_wconf 88' lang='lat' dir='ltr'><strong><em>sicut</em></strong></span> <span class='ocrx_word' id='word_1_355' title='bbox 1209 3912 1254 3969; x_wconf 88' lang='lat' dir='ltr'><strong><em>si</em></strong></span> <span class='ocrx_word' id='word_1_356' title='bbox 1285 3913 1409 3986; x_wconf 86' lang='lat' dir='ltr'><strong><em>quis</em></strong></span> <span class='ocrx_word' id='word_1_357' title='bbox 1433 3911 1644 3972; x_wconf 81' lang='lat' dir='ltr'><strong><em>videret</em></strong></span> <span class='ocrx_word' id='word_1_358' title='bbox 1678 3929 1867 3970; x_wconf 86' lang='lat' dir='ltr'><strong><em>ursum</em></strong></span> <span class='ocrx_word' id='word_1_359' title='bbox 1894 3913 2201 3971; x_wconf 83' lang='lat' dir='ltr'><strong><em>venientem</em></strong></span> <span class='ocrx_word' id='word_1_360' title='bbox 2227 3912 2283 3968; x_wconf 91' lang='lat' dir='ltr'><strong><em>in</em></strong></span> <span class='ocrx_word' id='word_1_361' title='bbox 2316 3910 2475 3978; x_wconf 84' lang='lat' dir='ltr'><strong><em>furia,</em></strong></span> <span class='ocrx_word' id='word_1_362' title='bbox 2508 3915 2566 3964; x_wconf 88' lang='lat' dir='ltr'><strong><em>et</em></strong></span> 
     </span>
    </p>
   </div>
  </div>
 </body>
</html>
