2800 4492
724 355 732 362 '
774 354 785 367 ’
813 347 938 416 ᾖαιζ
959 386 1038 401 -
1066 344 1517 420 ouopmssawxu'
1536 364 1755 411 Nonum
2186 341 2297 407 461

284 490 516 561 scilicet,
549 494 608 547 et
639 486 880 547 humana
905 466 1095 543 {alias
1123 500 1232 541 non
1261 490 1446 559 posset
1486 482 1617 550 dici,
1655 480 1799 557 quod
1836 496 1976 537 unus
2006 486 2148 537 osset
2185 481 2301 535 Do-

283 584 468 641 minus
489 580 646 638 Jesus
667 578 917 637 Christus
939 574 1238 633 secundum
1259 572 1587 629 sententiam
1608 570 1853 644 Apostoli
1878 570 1989 627 lad
2013 570 2135 625 Cor.
2166 584 2297 624 vm.

283 672 439 733 Unde
486 674 544 729 et
597 666 888 727 Nestorius
935 662 1042 721 fuit
1083 662 1377 721 damnatus
1420 666 1643 737 propter
1686 659 1791 716 hoc
1828 658 1975 732 quod
2025 658 2297 715 Christum

285 758 636 839 praesumpsit
683 756 950 821 dividere,
999 752 1136 809 duas
1181 746 1537 809 introducens
1588 762 1870 823 personas.
1922 747 2059 804 Illud
2118 752 2299 803 autem

287 850 432 927 quod
473 856 559 907 est
585 845 887 905 subsistens
933 841 988 899 in
1015 848 1235 908 natura,
1266 844 1352 897 est
1395 837 1617 912 aliquod
1655 831 1996 893 inditionum
2026 842 2083 893 et
2110 837 2301 907 singu-

215 964 223 972 ·
290 944 401 1016 lare
443 956 457 995 t
504 938 644 995 unde
682 936 865 991 unitas
893 932 1114 999 Christi,
1157 930 1214 986 in
1252 945 1362 1002 qua
1404 928 1529 984 duae
1560 931 1775 983 naturae
1812 926 2095 991 uniuntur,
2144 926 2305 981 attri-

285 1025 506 1087 buenda
535 1032 620 1083 est
641 1022 805 1081 alicui
833 1020 1035 1078 nomini
1067 1034 1164 1093 per
1197 1017 1343 1091 quod
1367 1016 1720 1087 singularitas
1749 1015 2083 1085 designetur.
2110 1014 2305 1070 Nomi-

289 1122 421 1177 'num
465 1122 648 1173 autem
686 1128 812 1187 quae
857 1106 1294 1183 singularitatem
1331 1104 1643 1176 designant,
1691 1102 1944 1176 quaedam
1993 1103 2305 1175 significant.

289 1206 568 1282 singulare
598 1204 651 1260 in
693 1200 937 1275 quolibet
973 1212 1170 1271 genere
1197 1196 1359 1259 entis,
1393 1196 1537 1250 sicut
1575 1192 1679 1249 hoc
1710 1208 1903 1247 nomen
1934 1191 2208 1263 sinqulare
2251 1200 2305 1247 et

290 1296 625 1372 particulare
662 1298 714 1347 el
745 1288 1105 1360 individuum,
1144 1284 1272 1359 quia
1309 1284 1432 1340 haec
1469 1282 1663 1338 albedo
1686 1286 1772 1336 est
1799 1279 2076 1353 quoddam
2114 1280 2305 1351 singu-

293 1386 410 1442 lare
443 1391 500 1441 et
529 1378 858 1457 particulare
891 1386 942 1433 et
980 1371 1356 1441 individuum3
1399 1386 1525 1427 nam
1556 1368 1861 1425 universale
1892 1374 1946 1423 et
1976 1368 2304 1441 particulare

295 1476 640 1533 circumeunt
661 1484 818 1525 omne
839 1480 1028 1537 genae.
1051 1459 1314 1532 Quaedam
1339 1474 1471 1516 vero
1496 1456 1805 1531 significant
1834 1456 2105 1528 singulare
2131 1457 2304 1513 solum

295 1566 352 1621 in
383 1546 580 1636 genere
603 1553 962 1623 'substantiae3
989 1552 1134 1609 sicut
1161 1550 1266 1606 hoc
1292 1562 1489 1606 nomen
1518 1544 1828 1619 hypostasis,
1859 1544 2004 1617 quod
2034 1546 2309 1617 significat

301 1650 636 1709 individuam
683 1642 1077 1709 substantiam
1118 1644 1174 1695 et
1212 1637 1318 1695 hoc
1346 1652 1545 1693 nomen
1578 1649 1829 1709 persona,
1861 1633 2005 1706 quod
2035 1633 2307 1705 significat

299 1739 663 1799 substantiam
682 1731 1020 1790 individuam
1043 1726 1326 1785 rationalis
1353 1730 1568 1783 naturae
1592 1740 1609 1779 ε
1636 1729 1691 1780 et
1712 1721 1962 1780 similiter
1985 1721 2090 1778 hoc
2111 1738 2305 1779 nomen

301 1825 626 1904 'suppositum
653 1822 736 1881 vel
763 1837 845 1878 res
869 1826 1086 1877 naturae
1097 1832 1116 1886 3
1141 1830 1372 1890 quorum
1400 1813 1605 1870 nullum
1632 1813 1701 1869 de
1724 1812 1827 1869 hac
1851 1810 2099 1868 albedine
2130 1819 2310 1885 potest

303 1914 610 1993 praedica1·i,
639 1910 890 1989 quamvis
911 1907 1028 1965 baec
1051 1904 1244 1963 albedo
1263 1904 1336 1959 sit
1359 1901 1685 1975 singulari&
1706 1915 1773 1956 eo
1793 1898 1936 1973 quod
1960 1901 2310 1975 unumquod-

306 2026 410 2083 que
443 2020 632 2063 eorum
674 2000 946 2073 significat
989 1994 1196 2069 aliquid
1226 1999 1287 2050 ut
1327 1991 1651 2057 subsistenS,
1696 1987 2001 2047 accidentia
2032 2004 2161 2045 vero
2203 2005 2309 2045 non

305 2096 628 2155 subsistunt.
673 2092 864 2149 Partes
906 2101 1036 2143 vero
1075 2082 1507 2140 substantiarum
1546 2078 1799 2152 quamvis
1850 2077 1962 2134 sint
2005 2078 2073 2133 de
2116 2086 2308 2135 natura

232 2188 237 2192 ’
305 2181 738 2247 subsistentium,
785 2192 892 2234 non
935 2183 1120 2231 tamen
1158 2186 1258 2246 per
1296 2184 1358 2225 se
1403 2168 1729 2232 subsistunt,
1776 2165 1873 2221 sed
1910 2163 1966 2220 in
2005 2166 2115 2222 alio
2153 2173 2310 2237 sunt3

303 2277 450 2335 unde
479 2274 644 2331 etiam
673 2267 937 2345 praedicta
973 2262 1196 2319 nomina
1231 2258 1301 2317 de
1329 2256 1584 2334 partibus
1612 2254 2044 2311 substantiarum
2079 2270 2185 2311 non
2223 2256 2311 2312 di·-

249 2366 258 2372 '
307 2372 542 2433 cuntur-3
583 2376 688 2417 nou
731 2356 876 2414 enim
911 2351 1146 2409 dicimus
1191 2348 1338 2425 quod
1377 2341 1501 2403 haec
1541 2358 1737 2401 manus
1774 2344 1849 2399 sit
1886 2342 2199 2415 hypostasis
2226 2343 2312 2401 vel

307 2466 560 2530 persona,
583 2446 670 2505 vel
693 2440 1052 2519 suppositum,
1071 2436 1156 2494 vel
1182 2451 1270 2492 res
1297 2438 1545 2502 naturae3
1568 2428 1821 2505 quamvis
1848 2426 2143 2501 possitdici
2168 2432 2311 2503 quod

304 2543 381 2601 sit
405 2538 681 2617 quoddam
710 2530 1071 2595 individuum,
1101 2523 1190 2584 vel
1218 2520 1570 2597 particulare,
1606 2516 1693 2597 vel
1730 2516 2025 2589 singulare,
2058 2534 2183 2591 quae
2212 2535 2316 2574 no-

305 2632 462 2690 'mina
501 2629 571 2685 de
613 2619 989 2683 accidentibus
1027 2612 1370 2672 dicebantur.
1412 2610 1533 2667 Non
1564 2614 1747 2665 autem
1788 2610 1971 2681 potest
2012 2604 2122 2662 dici
2169 2609 2315 2679 quod

311 2722 552 2781 humana
577 2722 774 2771 natura
799 2710 856 2766 in
877 2705 1113 2771 Christo,
1143 2702 1228 2759 vel
1251 2700 1437 2773 aliqua
1474 2712 1601 2771 pars
1632 2697 1769 2769 ejuS‚
1800 2695 1873 2752 sit
1900 2708 1997 2769 per
2019 2710 2079 2751 se
2104 2694 2319 2753 subsis-

301 2806 469 2877 ‘tens3
498 2806 604 2863 hoc
639 2800 783 2859 enim
811 2789 1007 2853 unioni
1047 2795 1418 2865 repugnaret3
1450 2788 1551 2843 nisi
1579 2799 1903 2860 poneremus
1928 2784 2185 2841 unionem
2228 2802 2321 2842 se-

317 2898 556 2959 cundum
581 2890 712 2967 quid
741 2895 798 2946 et
825 2902 932 2943 non
957 2879 1308 2957 simpliciter3
1333 2878 1478 2955 sicut
1502 2876 1768 2931 uniuntur
1790 2871 1999 2946 lapides
2016 2872 2073 2931 in
2097 2890 2315 2939 acervo,

314 2990 404 3049 vel
430 2988 538 3044 duo
561 2980 810 3039 homines
831 2990 930 3050 per
955 2974 1211 3031 affectum
1237 2966 1461 3033 amoris,
1488 2964 1575 3023 vel
1604 2979 1701 3037 per
1729 2961 1970 3035 aliquam
1998 2962 2323 3019 imitationis

323 3072 764 3137 similitudinem3
809 3078 934 3139 quae
971 3060 1157 3117 omnia
1195 3057 1431 3113 dicimus
1458 3068 1578 3109 esse
1618 3066 1785 3107 unum
1826 3049 2125 3105 secundum
2167 3051 2319 3123 quid,

321 3177 378 3226 et
399 3180 507 3223 nou
529 3156 872 3232 simpliciter.
901 3148 1059 3221 Quod
1081 3146 1229 3203 enim
1249 3150 1336 3201 est
1359 3138 1681 3213 simpliciter
1707 3152 1872 3193 uuum
1898 3143 1957 3191 et
1984 3152 2081 3211 per
2104 3154 2163 3193 se
2188 3138 2325 3195 sub-

321 3254 538 3319 sistens,
565 3246 698 3305 nihil
722 3242 965 3301 continet
990 3244 1118 3294 actu
1145 3249 1243 3308 per
1265 3247 1324 3288 se
1345 3227 1669 3293 subsistens,
1700 3226 1796 3283 sed
1814 3224 1957 3283 forte
1976 3226 2033 3282 in
2058 3228 2323 3299 potentia.

313 3342 322 3415 ζ
391 3340 548 3402 Unde
594 3338 813 3393 servata
851 3328 1086 3389 veritate
1126 3320 1342 3377 unionis
1369 3322 1690 3374 naturarum
1728 3314 1797 3371 in·
1827 3314 2061 3383 Christ0,
2114 3321 2329 3389 oportet

323 3446 524 3513 ponere
549 3428 692 3483 sicut
715 3434 879 3479 unam
905 3425 1212 3491 personam,
1243 3409 1322 3465 itu
1345 3420 1509 3463 unam
1528 3402 1888 3481 hypostasim,
1916 3410 1974 3461 et
1996 3420 2165 3463 unum
2192 3420 2332 3476 sup-

330 3510 584 3601 positum,
611 3520 668 3571 et
694 3524 859 3568 unam
887 3520 1003 3562 rem
1029 3502 1262 3559 duarum
1295 3502 1619 3554 naturarum
1664 3512 1679 3552 ε
1710 3494 1807 3551 sed
1838 3495 2010 3566 ipsam
2036 3492 2330 3548 humanam

333 3618 580 3671 naturam
600 3605 655 3661 in
670 3600 885 3659 Christo
903 3591 1034 3651 nihil
1054 3588 1304 3665 prohibet
1321 3586 1507 3657 dicere
1524 3599 1646 3640 esse
1664 3582 1939 3655 quoddam
1968 3578 2328 3647 individuum,

328 3704 425 3759 aut
463 3692 756 3767 singulare,
795 3691 890 3743 aut
929 3670 1293 3757 particulare3
1335 3680 1392 3732 et
1418 3672 1669 3731 similiter
1710 3670 1984 3743 quaslibet
2016 3665 2201 3740 partes
2229 3668 2336 3725 hu-

327 3802 511 3846 manae
539 3778 772 3845 na'turae,
799 3782 863 3831 ut
901 3766 1094 3829 manus
1119 3774 1178 3824 et
1210 3764 1378 3839 pedes
1410 3767 1465 3817 et
1488 3774 1633 3825 ossa,
1672 3770 1903 3830 quorum
1930 3753 2209 3827 quodlibet
2251 3763 2337 3813 est

323 3874 613 3952 'quoddam
637 3862 1002 3933 individuum,
1043 3873 1150 3913 non
1178 3848 1532 3931 tamenquod
1555 3847 1626 3902 de
1656 3850 1771 3933 toto
1808 3844 2136 3917 praedicetur
2167 3860 2183 3900 τ
2210 3845 2341 3917 quia

333 3964 543 4027 nullum
573 3948 883 4016 eorum'est
911 3945 1252 4007 individuum
1289 3954 1387 4015 per
1418 3952 1479 3995 so
1512 3934 1835 3993 subsistens.
1865 3932 1973 3991 Sed
2000 3930 2343 3991 individuum

2762 1448 2767 1671 ---—....-.—.
2760 1300 2767 1433 ᾳᾲμ-
2762 1178 2767 1267 -ῄ
2764 1126 2767 1159 .,
2764 1024 2767 1109 ,νμᾼ
