2800 4492
795 343 908 402 111.
939 371 1020 387 -
1047 357 1469 407 documen-rum
1512 352 1797 403 oc'rAvmt
2181 344 2293 404 441

889 543 893 548 “
992 557 1447 618 ARTIGULUS
1490 558 1601 622 IX.

287 693 524 768 Utrum
551 688 864 772 suffragia
903 689 1100 768 magi-s·
1128 689 1374 766 prosint
1391 690 1652 770 pauperi
1678 692 1873 773 mayis
1899 693 2079 774 digno
2116 713 2297 775 quam

371 779 696 946 Zizitiifiro
723 797 840 860 quo
869 777 1211 858 specialiter
1235 779 1419 856 fiunt.
1450 813 1530 826 —
1560 779 1645 859 (4,
1680 781 1822 844 dist.
1860 785 1958 857 47,
1990 788 2197 864 qucest.
2230 785 2291 860 2,

321 1008 325 1012 ’
361 1001 521 1067 Circa
547 999 844 1055 secundum
869 998 948 1055 sic
972 997 1304 1071 proceditur.
1333 1001 1385 1056 4.
1408 999 1638 1056 Videtur
1658 1000 1801 1072 quod
1828 1002 2087 1074 suffragia
2116 1004 2295 1062 Eccle-

282 1091 390 1148 siae
415 1089 726 1163 specialiter
756 1089 900 1144 facta
927 1104 1022 1160 pro
1057 1087 1240 1159 aliquo
1283 1088 1474 1154 divite,
1506 1089 1794 1160 aequaliter
1823 1089 2035 1150 valeant
2068 1095 2288 1164 pauperi

284 1195 389 1252 pro
416 1194 526 1251 quo
551 1194 656 1232 non
684 1178 838 1242 fiunt,
862 1177 908 1232 si
934 1177 1005 1232 sit
1030 1177 1258 1249 aequalis
1285 1177 1490 1233 meriti.
1512 1178 1583 1232 Ut
1609 1177 1754 1233 enim
1778 1177 1913 1233 dicit
1938 1181 2288 1250 Augustinus,

285 1265 603 1340 hujusmodi
629 1265 886 1336 suffragia
913 1271 1124 1320 tanturn
1155 1265 1339 1319 valent
1368 1264 1662 1336 unicuique
1686 1270 1809 1338 post
1837 1273 2084 1332 mortem,
2114 1286 2293 1342 quan-

287 1365 410 1413 tum
434 1355 634 1410 meruit
657 1354 846 1408 vivens
873 1359 932 1406 ut
963 1352 1062 1407 sibi
1096 1353 1435 1424 prodessent.
1467 1353 1569 1408 Sed
1596 1352 1844 1424 praedicti
1870 1355 1979 1409 duo
2006 1357 2293 1427 aequaliter

286 1447 624 1500 meruerunt.
657 1441 797 1512 Ergo
824 1439 1112 1518 aequaliter
1136 1441 1216 1494 eis
1247 1439 1508 1512 praedicta
1535 1442 1793 1512 suffragia
1820 1452 2069 1514 prosunt.

357 1539 411 1590 2.
440 1534 733 1598 Praeterea,
761 1529 942 1601 passio
970 1528 1171 1584 Christi
1207 1545 1423 1598 semper
1461 1529 1580 1602 plus
1610 1530 1831 1602 prodest
1866 1531 1915 1586 ei
1946 1533 2039 1602 qui
2068 1535 2288 1606 majoris

286 1630 372 1678 est
401 1620 604 1674 meriti.
635 1619 736 1673 Sed
763 1617 946 1682 Missa,
975 1631 1100 1688 quae
1129 1625 1212 1672 est
1239 1617 1574 1688 praecipuum
1611 1618 2013 1689 suffragiorum,
2046 1627 2129 1675 est
2168 1639 2288 1678 me·-

285 1710 460 1767 moria
488 1707 754 1781 passionis
790 1705 1098 1761 dominicae.
1130 1705 1272 1776 Ergo
1315 1705 1605 1778 aequaliter
1640 1713 1869 1778 prosunt
1906 1709 1987 1764 eis
2024 1709 2118 1782 qui
2160 1720 2301 1768 sunt,

284 1798 518 1873 aequalis
540 1796 742 1852 meriti.
1262 1788 1265 1790 ’
1843 1837 1849 1843 .

355 1891 408 1942 i.
439 1888 656 1951 Contra,
687 1884 832 1938 Deus
873 1881 1074 1953 accipit
1116 1881 1425 1952 hujusmodi
1456 1883 1711 1954 suffragia
1754 1884 2051 1940 secundum
2100 1886 2283 1944 inten-

284 1977 490 2034 tionem
520 1973 787 2042 facjentis.
815 1970 919 2027 Sed
947 1969 1151 2025 iaciens
1175 1971 1409 2026 intendit
1438 1972 1583 2044 quod
1614 1971 1735 2044 plus
1763 1973 1970 2044 prosint
1998 1975 2155 2031 diviti
2186 1993 2284 2049 pro

283 2079 394 2138 quo
424 2063 575 2120 facit.
604 2062 740 2131 Ergo
771 2058 820 2114 ei
853 2059 970 2130 plus
999 2067 1244 2131 prosunt.

356 2158 410 2210 2.
459 2153 748 2214 Praeterea,
798 2163 902 2202 non
946 2154 1030 2202 est
1065 2145 1359 2202 dicendum
1391 2145 1542 2218 quod·
1584 2147 1875 2203 frustretur
1916 2149 2003 2220 pia
2054 2154 2283 2210 intentio

283 2253 475 2299 eorum
500 2239 592 2335 qui
620 2253 716 2335 pro
739 2235 854 2290 suis
893 2235 1038 2290 caris
1073 2233 1332 2306 specialia
1361 2234 1619 2305 suffragia
1648 2234 1875 2291 faciunt.
1906 2237 2285 2297 Frustraretur

283 2336 490 2390 autem,
527 2325 572 2380 si
615 2323 696 2378 eis
733 2320 1024 2394 specialius
1051 2336 1155 2376 non
1200 2321 1541 2393 prodessent.
1566 2321 1708 2392 Ergo
1740 2319 1913 2393 magis
1955 2335 2179 2396 prosunt
2202 2345 2283 2384 ets

257 2415 381 2490 'pro
417 2411 616 2487 quibus
646 2411 802 2465 fiunt.

351 2500 674 2574 Respondeo
699 2495 1010 2561 dicendum,
1029 2494 1174 2566 quod
1195 2493 1342 2550 circa
1357 2493 1461 2548 hoc
1481 2499 1565 2550 est
1594 2493 1793 2567 duplex
1819 2495 2022 2568 opinio.
2049 2501 2281 2570 Quidam

281 2592 428 2650 enim
457 2590 666 2652 dicunt,
696 2585 840 2659 quod
871 2583 1130 2654 suffragia
1153 2581 1413 2638 Ecclesiae
1439 2581 1749 2654 specialiter
1772 2600 1871 2657 pro
1900 2584 2083 2659 aliquo
2112 2590 2277 2652 sacta.

283 2681 468 2739 valent
497 2676 746 2733 omnibus
775 2673 867 2747 qui
900 2665 1026 2728 sunt
1055 2673 1110 2726 in
1141 2670 1491 2743 purgatori03
1520 2671 1809 2743 aequaliter
1832 2674 2054 2745 quidem
2079 2676 2163 2734 his
2186 2681 2280 2752 qui

285 2778 412 2828 sunt
439 2763 670 2838 aequalis
697 2761 899 2830 meriti,
924 2759 1044 2833 plus
1067 2775 1196 2816 vero
1220 2760 1305 2814 his
1333 2759 1425 2833 qui
1458 2769 1584 2815 sunt
1614 2761 1836 2832 majoris
1854 2765 2073 2832 ‚met-iti,
2102 2769 2281 2824 minus

284 2859 367 2915 his
395 2857 488 2930 qui
519 2859 648 2910 sunt
688 2849 940 2916 minoris;
981 2847 1124 2904 sicut
1152 2847 1378 2903 candela
1422 2862 1651 2904 accensa
1690 2844 1999 2924 proaliquo
2026 2854 2196 2912 divite
2226 2859 2281 2914 iu

285 2947 468 3018 aliqua
497 2942 679 3009 domu,
703 2939 797 2995 ubi
827 2943 954 2994 sunt
979 2936 1134 2993 multi
1171 2936 1282 3006 alii,
1313 2935 1601 3008 aequaliter
1630 2938 1851 3007 prodest
1890 2939 2011 2995 aliis
2036 2945 2127 3014 qui
2156 2953 2281 3000 sunt

284 3030 514 3108 aequalis
542 3029 710 3094 visus»,
739 3025 858 3099 plus
886 3041 1016 3082 vero
1046 3024 1129 3078 his
1154 3023 1247 3096 qui
1282 3031 1410 3078 sunt
1447 3025 1688 3094 majoriS,
1715 3025 1892 3080 minus
1920 3027 2003 3084 his
2028 3031 2121 3101 qui
2156 3041 2283 3089 sunt

285 3121 528 3185 minori&
551 3105 802 3190 quamvis
826 3113 898 3169 sit
918 3111 1076 3168 diviti
1100 3111 1275 3182 magis
1293 3111 1359 3167 ad
1386 3111 1678 3183 quemdam
1700 3111 1956 3168 honorem
1984 3132 2096 3187 prae
2124 3117 2277 3190 aliis;

285 3216 337 3266 et
359 3190 505 3266 sicut
533 3207 699 3262 etiam
743 3201 905 3258 lectio
949 3214 1074 3272 quae
1119 3199 1318 3268 legitur
1359 3197 1673 3268 specialiter
1714 3214 1811 3270 pro
1838 3198 2020 3274 aliquo
2059 3204 2277 3276 clericO,

283 3297 471 3356 multis
512 3292 671 3349 simul
704 3287 1071 3352 audientibu5‚
1105 3285 1392 3356 aequaliter
1440 3284 1581 3340 valet
1616 3285 1699 3341 his
1746 3287 1840 3359 qui
1887 3299 2013 3347 sunt
2052 3297 2281 3368 aequalis

282 3383 626 3459 capacitatis,
652 3379 770 3452 plus
790 3377 874 3432 his
905 3376 996 3448 qui
1027 3379 1154 3430 sunt
1174 3372 1415 3444 majoris,
1449 3373 1627 3430 minus
1649 3391 1778 3431 vero
1802 3375 1886 3433 his
1910 3381 2004 3452 qui
2034 3383 2277 3440 minoris,

283 3474 386 3531 Alii
417 3485 549 3528 vero
579 3468 787 3531 dicunt,
811 3463 957 3538 quod
983 3461 1240 3530 suffragia
1264 3459 1384 3531 plus
1408 3459 1590 3518 valent
1618 3461 1704 3518 his
1727 3480 1822 3536 pro
1842 3468 2039 3538 quibus
2066 3472 2281 3542 specia-

283 3562 408 3619 liter
435 3560 590 3614 fiunt.
620 3555 865 3626 Utraque
895 3557 1076 3608 autem
1096 3547 1277 3620 opinio
1305 3548 1605 3605 secundum
1635 3550 1839 3622 aliquid
1870 3569 1997 3616 vera
2027 3565 2129 3612 est.

357 3649 436 3706 Ad
460 3647 619 3719 cujus
639 3641 974 3698 evidentiam
997 3635 1278 3693 sciendum
1301 3644 1406 3703 est,
1430 3637 1575 3708 quod
1596 3653 1761 3708 opera
1778 3641 1939 3696 unius
1966 3657 2073 3697 non
2101 3644 2282 3704 valent

285 3737 440 3796 alteri
471 3738 741 3816 quantum
769 3728 834 3784 ad
875 3725 1161 3800 praemium
1201 3724 1511 3790 essentiale,
1540 3724 1670 3794 quia
1712 3725 1793 3780 sic
1823 3729 2193 3804 unusquisque
2216 3750 2283 3792 ex

285 3822 520 3901 propriis
549 3811 764 3877 aclibus
794 3815 1112 3888 judicatum
1152 3812 1250 3868 sed
1285 3812 1463 3867 solum
1491 3817 1756 3882 quantum
1790 3813 1858 3868 ad
1889 3815 2107 3889 aliquod
2134 3823 2289 3878 acci-

284 3913 506 3972 dentale
547 3907 829 3984 gaudium,
873 3902 957 3962 vel
997 3907 1263 3976 quantum
1305 3899 1376 3956 ad
1422 3898 1795 3957 remissionem
1837 3901 2065 3976 alicujus
2106 3924 2285 3982 poenae
