2800 4492
780 345 894 392 x11.
926 354 1004 375 -
1031 339 1461 394 ouonmenrum
1504 339 1843 412 strennuum
2192 325 2309 385 189

301 450 632 524 blicano'rum
653 458 874 525 amicus,
903 462 964 512 ut
990 455 1194 512 dieitur
1221 453 1415 512 Matth.
1442 467 1526 518 xi,
1559 453 1646 508 ⁴9.
1675 451 1829 508 Hanc
1855 467 1984 523 ergo
2014 454 2309 512 secundam

302 548 698 629 blasphemiam
725 549 860 605 dicit
888 543 1288 610 remissibilem,
1323 541 1455 614 quia
1486 536 1761 598 habebant
1799 536 2040 614 aliquam
2076 559 2311 600 excusa-

244 677 250 682 ·
307 646 512 701 tionem
551 645 774 715 propter
814 635 1191 694 infirmitatem
1228 631 1427 700 carnis,
1459 646 1624 704 quam
1666 630 1733 686 in‘
1762 628 1977 687 Christo
2016 631 2307 702 videbant3

305 733 468 792 aliam
495 745 626 787 vero
649 724 1042 800 blasphemiam
1067 722 1202 779 dicit
1235 719 1687 785 irremissibilem,
1720 720 1849 792 quia
1892 718 2097 776 nullam
2140 737 2309 778 excu-

305 821 573 880 sationem
610 815 885 874 babebant
926 812 1176 871 videntes
1207 808 1499 866 manifesta
1540 808 1743 864 indicia
1780 809 2017 880 Spiritus
2053 811 2227 866 sancti
2255 819 2309 868 et

304 907 643 967 DivinitatiS.
682 906 907 975 Propter
943 901 1068 966 hoe,
1109 896 1410 956 secundum
1452 897 1919 970 chrysostomum,
1953 913 2311 969 perseveran-

307 999 454 1056 tibus
481 1011 586 1053 non
615 993 720 1051 fuit
748 991 975 1050 remissa
1003 989 1124 1046 haec
1142 985 1478 1059 blasphemia
1502 1001 1679 1059 neque
1700 985 1753 1040 in
1781 984 1883 1042 lioc
1906 986 2107 1042 saeculo
2136 1005 2312 1061 neque

307 1090 366 1144 in
391 1086 574 1143 futuro
607 1100 620 1139 ε
649 1082 778 1157 quia
807 1081 862 1136 in
885 1080 987 1136 hoc
1015 1075 1215 1138 saeculo
1247 1075 1421 1148 puniti
1449 1083 1577 1132 sunt
1605 1089 1705 1148 pro
1732 1089 1799 1131 ea
1818 1090 1912 1148 per
1936 1076 2227 1146 Romanos,
2258 1085 2311 1136 tt

211 1212 217 1217 -
308 1179 366 1234 in
387 1175 568 1232 futuro
596 1169 985 1230 cruciabuntur
1007 1169 1062 1224 in
1090 1164 1323 1224 inferno.

376 1253 693 1322 Secundum‘
722 1257 1087 1330 Augustinum
1129 1269 1276 1320 vero,
1316 1252 1545 1326 Spiritui
1586 1257 1795 1320 saneto,
1840 1256 1936 1326 qui
1980 1264 2065 1312 est
2110 1241 2314 1318 caritas

308 1353 488 1412 Patris
511 1358 567 1408 et
609 1349 753 1416 Filii,
787 1345 1105 1404 attribuitur
1133 1342 1384 1399 remissio
1414 1349 1789 1414 peccatorum.
1818 1343 1915 1398 Ille
1958 1360 2086 1416 ergo
2122 1356 2311 1405 eontra

308 1441 572 1516 Spiritum
595 1443 848 1495 sanctum
865 1440 1075 1507 peccat,
1101 1429 1190 1489 vel
1208 1429 1573 1502 blasphemat,
1592 1429 1676 1484 vel
1706 1429 1934 1486 verbum
1960 1433 2095 1489 (licit
2123 1437 2307 1501 cordo,

311 1548 404 1588 ore
434 1535 529 1586 aut
573 1542 754 1600 opere,
787 1523 882 1598 qui
913 1523 1018 1579 hoc
1055 1520 1169 1593 agit
1212 1535 1307 1592 per
1343 1518 1802 1590 impoenitentiam
1843 1535 2014 1594 usque
2052 1523 2119 1578 ad
2152 1519 2313 1581 finem

311 1621 440 1678 vitae
468 1633 601 1686 suae,
629 1621 690 1671 ut
735 1629 844 1670 non
886 1611 980 1668 liat
1009 1611 1061 1666 ei
1083 1607 1350 1692 *remissio
1399 1613 1747 1686 peccatorum
1776 1623 1789 1660 ε
1822 1613 1878 1662 et
1916 1615 2047 1665 tune
2090 1610 2313 1683 planum

311 1717 398 1766 est
425 1707 572 1780 quod
596 1705 697 1761 hoc
716 1708 1002 1777 peecatum
1030 1699 1089 1756 in
1111 1696 1374 1770 Spiritum
1399 1701 1651 1752 sanctum
1677 1709 1783 1752 non
1809 1697 2108 1756 remittitur
2136 1717 2313 1775 neque

311 1800 369 1856 in
396 1797 500 1854 hoc
527 1792 728 1852 saeculo
752 1806 930 1864 neque
959 1789 1016 1844 in
1035 1787 1238 1844 futuro.

353 1889 645 1944 ‚Doctores
677 1895 808 1938 vero
848 1876 1095 1936 moderni
1134 1875 1408 1941 dixerunt,
1442 1871 1589 1946 quod
1626 1872 1757 1944 quia
1793 1874 1943 1931 Patri
1995 1879 2313 1938 attribuitur·

311 1974 580 2052 potentia,
619 1969 754 2027 Filio
800 1965 1086 2040 sapientia,
1117 1963 1343 2036 Spiritui
1383 1968 1576 2019 sancto
1620 1962 1867 2033 bonitas3
1916 1975 2199 2036 peccatum
2243 1987 2311 2027 ex

313 2061 630 2120 infirmitate
659 2061 744 2114 est
780 2059 1066 2127 peecatum
1094 2051 1150 2106 in
1183 2051 1419 2114 Patrem,
1452 2054 1739 2120 peccatum
1776 2066 1845 2105 ex
1883 2052 2193 2124 ignorantia
2228 2065 2313 2114 est

229 2216 234 2222 ,
313 2158 602 2226 peccatum
629 2147 686 2202 in
709 2143 927 2212 Filium,
952 2147 1242 2214 peccatum
1282 2153 1350 2194 ex
1393 2144 1545 2196 certa
1586 2137 1797 2194 malitia
1822 2146 1906 2195 est
1942 2151 2229 2215 peccatum
2261 2147 2315 2204 in

313 2241 578 2316 Spiritum
621 2240 892 2291 sanetum.
932 2230 1072 2299 Quia
1122 2243 1252 2300 ergo
1295 2227 1604 2298 ignorantia
1640 2226 1727 2283 vel
1768 2227 2056 2287 infirmitas
2092 2247 2316 2292 excusat

315 2333 601 2405 peceatum
643 2323 727 2380 vel
772 2321 828 2377 in
875 2325 990 2375 toto
1030 2315 1117 2372 vel
1159 2316 1213 2372 in
1261 2323 1436 2388 parte,
1485 2314 1694 2382 dieunt,
1741 2317 1885 2387 quod
1925 2330 2210 2390 peecatum
2258 2324 2313 2380 in

315 2422 534 2477 Patrem
556 2412 642 2470 vel
669 2413 726 2468 in
750 2410 945 2466 Filium
973 2405 1290 2471 remittitur,
1324 2403 1455 2476 quia
1480 2401 1565 2458 vel
1595 2401 1838 2459 totaliter
1858 2405 2019 2479 eulpa
2041 2421 2211 2478 caret,
2228 2414 2312 2468 vel

318 2508 476 2581 culpa
501 2500 853 2581 diminuitur3
880 2495 1090 2552 malitia
1117 2509 1248 2551 vero
1277 2507 1382 2548 non
1407 2497 1632 2548 excusat
1655 2500 1959 2562 peccatum,
1992 2499 2087 2562 sed
2112 2515 2313 2572 aggra-

316 2603 441 2666 ναις
462 2601 518 2652 et
547 2592 673 2648 ideo
699 2594 984 2663 peceatum
1008 2585 1064 2641 in
1091 2583 1352 2656 Spiritum
1375 2586 1627 2636 sanctum
1664 2595 1771 2668 non
1800 2583 2098 2643 remittitur
2142 2601 2319 2664 neque·
2374 2659 2379 2664 g

318 2688 373 2744 in
403 2692 519 2742 toto
548 2695 724 2754 neque
757 2676 810 2733 in
839 2682 1029 2749 parte;
1057 2671 1187 2746 quia
1228 2685 1336 2726 non
1364 2668 1529 2726 habet
1566 2668 1621 2724 in
1655 2685 1715 2725 se
1762 2669 2003 2744 aliquam
2048 2679 2318 2736 rationem

317 2769 514 2840 veniae,
544 2785 642 2844 per
683 2781 848 2842 quam
883 2763 1220 2820 diminuatur
1250 2759 1440 2830 eulpa3
1468 2765 1524 2814 et
1550 2759 1597 2812 si
1645 2758 1939 2832 aliquando
1980 2767 2313 2838 remittatur,

318 2865 422 2921 hoe
443 2859 620 2932 magis
646 2861 731 2914 est
767 2869 836 2911 ex
859 2850 1229 2909 misericordia
1257 2849 1357 2904 Dei
1400 2847 1751 2915 remittentis,
1784 2851 1879 2922 qui
1905 2853 2071 2912 etiam
2101 2857 2289 2916 morbo

322 2947 648 3019 incurabiles
673 2949 849 3010 curat,
873 2955 1038 3014 quam
1063 2955 1132 2996 ex
1153 2935 1583 2994 remissibi'litate
1606 2936 1838 3009 peccati.

329 3097 334 3100 ,
363 3040 458 3099 -Ει
487 3052 583 3110 per
603 3037 708 3092 boc
734 3038 888 3106 patet
915 3029 1114 3086 solutio
1143 3025 1211 3084 ad
1236 3025 1472 3098 objecta.

982 3205 1437 3270 ARTIGULUS
1488 3205 1659 3266 XVI.

337 3331 556 3421 Utrum
603 3344 1055 3424 crucesiqnatus
1097 3339 1530 3402 marmanum
1566 3343 1906 3419 susceptum
1948 3343 2087 3419 iter,
2118 3345 2329 3410 habeat

395 3439 742 3522 plena-riam
793 3429 1236 3511 induzyentiam
1281 3431 1680 3511 peccatorum.
1734 3463 1815 3474 —
1871 3431 1957 3511 (4,
2011 3433 2156 3498 dist.
2224 3437 2325 3510 20,

346 3569 354 3576 .
403 3533 616 3619 quaest.
653 3527 712 3600 1,
739 3527 860 3586 art.
889 3523 949 3596 3,
973 3521 1182 3601 quaest.
1209 3517 1272 3592 3,
1299 3515 1380 3579 ad
1406 3516 1468 3593 2,
1496 3521 1551 3580 et
1579 3520 1701 3580 art.
1736 3519 1900 3598 107).

353 3716 358 3722 .
395 3663 481 3720 Ad
523 3657 824 3718 secundum
863 3653 946 3710 sic
991 3648 1324 3724 proceditur.
1370 3649 1425 3704 l.
1456 3648 1685 3706 Videtur
1730 3651 1876 3724 quod
1919 3641 2332 3725 crucesignatus

329 3754 419 3827 qui
441 3751 672 3809 moritur
702 3753 996 3816 antequam
1030 3741 1138 3796 iter'
1179 3735 1424 3810 arripiat,
1454 3735 1654 3794 habeat
1689 3738 1903 3809 plenam
1939 3739 2331 3812 indulgentiam

331 3849 696 3914 peccatorum.
723 3834 805 3891 Ad
834 3831 938 3888 hoc
961 3828 1106 3886 enim
1131 3825 1277 3901 quod
1307 3825 1644 3897 indulgentia
1677 3825 1841 3881 alicui
1864 3826 2063 3895 valeat,
2093 3831 2331 3904 requiri*

332 3934 417 3986 t‘ur
445 3924 594 4000 quod
621 3923 705 3981 sit·
723 3935 851 3980 vere
889 3916 1161 3993 poenitens
1198 3921 1264 3970 et
1291 3911 1593 3980 confessuS,
1622 3917 1685 3968 ut
1712 3913 2023 3972 continetur
2060 3915 2119 3973 in
2148 3917 2334 3975 littera
