2800 4492
453 306 575 379 240
931 325 984 378 s.
1027 321 1262 375 ‘raomn
1301 319 1632 381 Aoumffls
1672 317 1985 375 ornacum

456 456 723 524 quantum
743 452 826 506 est
845 447 1268 505 instrumentum
1285 445 1488 504 divinae
1500 444 1750 517 Justitiae,
1772 451 1834 501 ut
1857 445 2057 504 dicitur
2076 447 2467 504 communiter.

455 536 866 596 Advertendum
883 543 1066 594 tamen
1086 543 1188 604 est,
1207 535 1351 609 quod
1377 534 1585 592 nullum
1602 534 2025 591 instrumentum
2040 535 2153 608 agit
2179 536 2233 591 in
2258 535 2471 594 virtute

456 626 752 700 superioris
776 626 990 698 agentis
1024 625 1130 681 nisi
1159 624 1463 681 exercendo
1487 623 1726 696 aliquam
1752 624 2023 680 actionem
2058 623 2160 680 sibi
2192 621 2471 683 connatu-

455 715 647 782 ralem,
693 713 932 787 alioquin
974 713 1178 771 frustra
1215 712 1566 770 adhiberetur
1612 711 1682 768 ad
1710 713 1999 782 effectum3
2032 713 2174 769 sicut
2214 729 2369 771 serra
2413 717 2469 771 in

457 812 724 878 quantum
755 812 839 860 est
866 803 1289 860 instrumentum
1331 802 1485 868 artie,
1528 799 1661 858 facit
1702 816 1884 857 arcam
1914 805 2184 872 secand03
2229 811 2285 859 et
2322 821 2469 877 aqua

457 891 799 965 baptismalis
822 891 994 948 abluit
1017 891 1256 947 animam
1289 897 1346 948 ut
1371 890 1795 946 instrumentum
1824 890 2027 946 divinae.
2052 889 2465 963 misericordiae,

456 980 811 1054 corporaliter
845 980 1131 1036 abluendo.
1161 979 1215 1036 Si
1257 995 1385 1050 ergo
1420 978 1561 1050 ignis
1588 993 1881 1050 corporeus
1916 978 2029 1050 agit
2054 979 2108 1034 iu
2140 981 2381 1036 animam
2411 989 2470 1038 ut

457 1077 544 1124 est
564 1069 982 1123 instrumentum
1010 1066 1210 1122 divinae
1233 1065 1467 1137 justitiae
1495 1064 1795 1136 punientis3
1831 1080 2054 1120 necesse
2082 1072 2165 1121 est
2190 1069 2338 1138 quod
2364 1068 2471 1124 hoc

403 1217 418 1232 ,
457 1153 554 1209 fiat
578 1170 672 1225 per
691 1153 932 1227 aliquam
953 1153 1224 1209 actionem
1249 1152 1360 1222 igni
1387 1165 1650 1223 corporeo
1670 1151 2098 1208 connaturalem.
2131 1153 2252 1208 Non
2279 1163 2468 1210 autem

457 1249 639 1317 potest
664 1242 773 1299 dici
797 1243 943 1315 quod
972 1241 1113 1313 ignis
1141 1241 1338 1296 alteret
1365 1241 1602 1296 animam
1631 1239 2107 1296 calefaciendo'vel
2137 1237 2471 1300 desiccando

459 1339 554 1388 aut
596 1330 851 1402 igniendo
887 1327 1082 1399 ipsam.
1127 1329 1280 1386 Unde
1321 1329 1649 1402 relinquitur
1688 1329 1883 1385 modus
1921 1346 2084 1402 quem
2127 1333 2471 1404 Augustinus

457 1420 611 1494 ponit
642 1420 753 1475 ide
793 1419 956 1476 Civit.
986 1418 1105 1484 Dei,
1136 1423 1193 1473 ut
1239 1417 1449 1474 scilicet
1474 1417 1655 1473 anima
1684 1425 1937 1489 separata
1968 1419 2051 1474 vel
2076 1421 2305 1492 spiritus
2347 1423 2471 1478 dae-

460 1509 637 1564 mouis
668 1508 910 1580 patiatur
939 1521 1155 1579 poenam
1183 1522 1280 1579 per
1321 1505 1691 1577 alligationem
1731 1508 2024 1578 quamdam
2068 1508 2137 1564 ab
2177 1509 2304 1580 igne
2338 1527 2471 1566 cor-

459 1612 645 1669 poreo.
673 1597 932 1653 Videmus
959 1594 1104 1650 enim
1126 1593 1380 1667 spiritum
1409 1595 1622 1667 corpori
1653 1593 1862 1666 alligari
1888 1596 2217 1672 quandoque
2242 1600 2470 1672 quidem

459 1685 800 1750 naturaliter,
865 1685 1010 1739 sicut
1061 1683 1241 1739 anima
1289 1683 1543 1754 alligatur
1594 1685 1838 1756 corpori;
1892 1685 2220 1758 quandoque
2278 1695 2468 1744 autem

460 1775 700 1846 quadam
728 1771 993 1846 superiori
1029 1772 1262 1840 virtute3
1295 1774 1437 1828 sicut
1470 1789 1566 1845 per
1594 1773 1855 1829 virtutem
1883 1774 2223 1846 superiorum
2254 1778 2468 1834 daemo-

459 1877 590 1918 num
614 1861 895 1917 inferiores
919 1861 1190 1917 daemones
1217 1859 1507 1930 alligantur
1535 1869 1653 1918 arte
1680 1863 2087 1920 necromantica
2114 1865 2464 1938 imaginibuS,

460 1951 545 2008 vel
576 1949 808 2016 annulle,
846 1949 929 2005 vel
959 1949 1080 2006 aliis
1109 1938 1416 2019 hujusmodi
1451 1949 1633 2006 rebus.
1677 1952 1844 2007 Multo
1881 1968 2011 2024 ergo
2049 1956 2223 2026 magis
2261 1959 2469 2015 virtute

461 2039 647 2096 divina
671 2038 964 2104 daemoneS‚
993 2036 1075 2093 vel
1105 2035 1272 2092 etiam
1296 2038 1513 2106 animae,
1556 2038 1765 2112 alligari
1787 2049 2014 2113 possunt
2042 2042 2156 2114 igni
2178 2059 2462 2119 corporeo,

460 2137 524 2185 ut
551 2128 622 2185 ab
645 2144 708 2184 eo
734 2134 1013 2185 assumant
1041 2142 1278 2200 poenam.

531 2217 686 2274 Unde
715 2223 866 2290 patet
892 2217 1170 2290 responsio
1195 2218 1264 2273 ad
1299 2216 1433 2273 illud
1459 2219 1605 2290 quod
1633 2217 1689 2274 in
1718 2220 2053 2278 contrarium
2080 2221 2461 2296 objiciebatur,

459 2306 607 2382 quod
634 2306 882 2381 procedit
908 2305 977 2363 de
1001 2305 1215 2363 actione
1236 2306 1376 2378 ignis
1401 2322 1527 2379 quae
1546 2313 1631 2362 est
1653 2324 1753 2381 per
1780 2308 2177 2368 alterationem.

1093 2513 1551 2603 ART1cULUs
1591 2537 1823 2604 XXIV.

472 2687 692 2758 Utrum
719 2690 994 2754 damnati
1017 2652 1324 2770 yatodeant
1352 2689 1423 2753 de
1440 2690 1641 2770 paenis
1667 2668 2077 2756 inimicorum.
2096 2729 2175 2742 —-
2200 2697 2288 2778 (4,
2316 2700 2457 2765 dist.

540 2783 641 2858 44,
665 2785 874 2862 quaest.
901 2782 963 2856 3,
989 2783 1111 2842 art.
1143 2781 1205 2856 3,
1235 2783 1446 2859 quaest.
1477 2779 1540 2856 2,
1572 2779 1652 2842 ad
1678 2782 1739 2857 5,
1771 2787 1829 2844 ec
1852 2788 2061 2862 quast.
2089 2787 2152 2862 3,
2184 2787 2268 2852 ad
2293 2781 2384 2870 9).

533 2934 617 2990 Ad
651 2933 950 2990 secundum
986 2932 1068 2988 sic
1093 2921 1427 3004 proceditur.
1456 2931 1685 2988 Videtur
1714 2932 1860 3005 quod
1888 2933 2132 2993 damnati
2163 2938 2216 2993 in
2256 2930 2491 2998 inferno'

462 3023 736 3094 gaudeant
756 3030 810 3078 et
834 3020 1180 3077 consolentur
1199 3019 1266 3075 de
1291 3019 1466 3092 poenis
1486 3020 1830 3078 inimicorum
1852 3038 2093 3093 suorum,
2121 3043 2258 3100 quos
2281 3046 2469 3088 secum

461 3111 651 3168 vident
679 3112 732 3165 in
763 3110 972 3166 inferno
1012 3108 1213 3182 puniri.
1251 3109 1406 3178 Quia·
1433 3123 1596 3180 super
1636 3109 1769 3165 illud
1810 3111 2114 3180 lsaiaex1v‚
2160 3119 2231 3172 9:
2278 3119 2470 3177 Omnes

460 3195 742 3268 Principes
769 3204 930 3253 terroe
954 3205 1311 3254 suro-emerunt
1336 3197 1398 3252 de
1415 3197 1560 3252 soliis
1582 3196 1713 3263 suis,
1743 3198 1878 3256 dici.
1900 3205 2096 3258 &rossa
2124 3202 2467 3281 Hieronymi,

464 3285 611 3359 quod
635 3285 885 3341 solatium
913 3292 990 3343 est
1009 3286 1164 3342 malis
1190 3285 1432 3342 inimicos
1454 3301 1573 3341 snos
1590 3285 1757 3342 socios
1782 3286 1973 3345 habere
1992 3281 2302 3362 poenarum.

534 3373 639 3432 Sed
668 3379 876 3440 contra,
909 3389 1068 3429 omne
1091 3375 1348 3446 gaudium
1368 3375 1625 3431 diminuit
1644 3375 1905 3446 dolorem,
1939 3385 1999 3434 ut
2026 3388 2177 3450 patet
2204 3399 2302 3454 per
2342 3384 2474 3442 Phi-

462 3463 746 3536 losophum
770 3462 828 3518 in
849 3475 934 3518 vu
965 3462 1141 3518 Ethic.
1168 3463 1273 3518 Sed
1298 3463 1453 3519 dolor
1477 3464 1859 3521 damnatorum
1888 3473 1973 3522 est
2003 3467 2251 3527 infinitus
2286 3473 2477 3530 inten-

462 3554 600 3611 sive.
629 3553 862 3608 Tantum
906 3566 1035 3622 ergo
1075 3556 1294 3623 possent
1331 3551 1684 3623 multiplicari
1712 3552 1917 3610 inimici
1963 3555 2195 3629 alicujus
2223 3542 2474 3619 damnati

460 3642 518 3698 in
544 3641 774 3705 infern0,
803 3640 947 3712 quod
971 3638 1213 3696 totaliter
1237 3638 1392 3696 dolor
1417 3641 1534 3712 ejus
1554 3640 1827 3697 deleretur
1838 3660 1860 3711 ,·
1886 3644 2033 3717 quod
2053 3654 2138 3703 est
2160 3653 2355 3706 contra
2382 3649 2477 3706 di-

458 3731 645 3787 vinam
667 3730 962 3802 justitiam.

532 3820 852 3892 Respondeo
887 3819 1200 3888 dicendum,
1231 3819 1378 3890 quod
1402 3817 1536 3874 nihil
1567 3819 1835 3892 prohibet,
1868 3822 2014 3880 idem
2042 3827 2344 3884 secundum
2384 3828 2479 3885 di-

461 3919 654 3966 versas
686 3908 926 3966 rationes
968 3923 1090 3968 esse
1127 3905 1454 3966 delectabile
1498 3913 1560 3966 et
1602 3908 1903 3984 tristabile3
1937 3919 2122 3973 tamen
2150 3915 2480 3992 simpliciter
