2800 4492
37 3833 129 3897 s,

447 239 496 280 11.
1197 234 1421 276 Em‘roa
1462 233 1715 275 LECTORI

451 369 488 412 4(
515 353 590 412 ad
616 350 1033 409 notificandum
1055 367 1162 426 per
1186 347 1416 424 aliquas
1441 346 1859 406 similitudines
1881 365 1953 406 ea
1974 365 2106 424 quae
2136 351 2275 408 sunt
2298 349 2456 422 fidei,

449 458 489 500 4(
517 440 676 500 sicut
703 438 1072 514 Augustinus
1101 437 1161 495 in
1191 436 1362 496 libris
1389 435 1460 496 de
1492 434 1803 496 Trinitato
1828 435 2017 495 utitur
2053 438 2257 497 multis
2288 438 2462 497 simi-

449 547 489 589 4(
516 528 870 587 litudinibus
899 543 973 583 ex
1013 525 1298 584 doctrinis
1329 523 1751 600 philosophicis
1782 524 2033 600 sumptis
2066 526 2140 583 ad
2172 527 2460 585 manifes-

449 605 489 678 4(
521 618 762 676 tandam
789 614 1169 688 Trinitatem.
1203 612 1433 683 Tertia,
1468 613 1539 671 ad
1566 613 1961 671 resistendum
1984 613 2076 673 his
2100 619 2461 690 quae-contra

449 721 489 763 4(
537 704 715 762 fidem
764 698 1064 773 dicuntur,
1113 703 1241 760 sive
1288 701 1649 760 ostendendo
1691 719 1821 759 esse
1864 701 2041 774 falsa,
2084 703 2213 762 sive
2256 710 2462 761 osten-

449 793 710 852 «dendo
755 810 867 849 non
912 806 1042 849 esse
1093 790 1449 848 necessaria.
1501 806 1538 846 >›
1566 789 1909 864 Theologiae
1946 807 2016 848 ac
2072 790 2461 866 philosophiae

451 880 797 938 christianae
827 878 1244 936 commercium
1276 878 1519 936 brevius
1558 877 2041 954 diligentiorique
2070 879 2231 954 stylo
2258 880 2463 938 deter-

452 968 684 1026 minare
715 968 817 1025 vix
847 966 1127 1042 possibile
1157 973 1454 1042 putamus.
1491 965 1569 1023 Et
1596 965 1646 1024 si
1678 965 1927 1041 singulae
1957 984 2132 1024 voces
2161 967 2237 1026 ab
2264 969 2463 1043 Ange·

449 1055 566 1116 lico
596 1056 878 1114 adhibitae
908 1058 1136 1112 attente
1164 1055 1589 1129 ponderentur,
1622 1053 1814 1130 tnagis
1843 1055 2152 1130 magisque
2188 1055 2463 1114 conside-

450 1147 606 1203 ratae
655 1143 1174 1219 deprehendentur
1211 1159 1279 1201 ac
1321 1140 1605 1218 propriae.
1645 1141 1711 1198 In
1751 1142 1956 1200 eodem
1988 1147 2133 1216 art.,
2166 1161 2349 1218 agens
2392 1146 2464 1202 de

452 1231 798 1290 virationis
839 1232 1114 1289 humanae
1155 1229 1229 1287 ad
1273 1229 1630 1288 refellendos
1672 1229 1807 1287 fidei
1848 1230 2072 1303 hostes,
2120 1231 2250 1290 haec
2285 1231 2467 1290 habet

451 1327 692 1378 sanctus
723 1320 940 1378 Doctor
966 1335 980 1376 :
1005 1338 1041 1377 4(
1071 1317 1444 1394 Impossibile
1476 1321 1569 1376 est
1593 1318 1747 1393 quod
1776 1335 1847 1376 ea
1872 1336 2003 1393 quae
2032 1323 2173 1394 sunt
2197 1319 2465 1395 philoso-

452 1427 492 1469 4(
521 1408 678 1484 phiae
707 1407 827 1466 sint
852 1406 1152 1466 contraria
1182 1407 1256 1464 iis
1289 1423 1415 1482 quae
1444 1411 1582 1464 sunt
1608 1405 1770 1479 fidei,
1799 1407 1901 1464 sed
1932 1405 2211 1465 deficiunt
2239 1408 2312 1466 ab
2342 1407 2461 1480 eis;

453 1515 493 1557 4(
522 1495 826 1556 continent
856 1501 1053 1554 tamen
1093 1495 1377 1569 quasdam
1410 1493 1828 1552 similitudines
1868 1512 2071 1564 eorum
2103 1501 2165 1554 et
2192 1497 2465 1570 quaedam

459 1600 498 1642 4(
526 1584 600 1644 a'd
627 1603 696 1642 ea
730 1584 1113 1660 praeambula,
1148 1583 1302 1640 sicut
1327 1586 1539 1640 natura
1569 1582 1937 1660 praeambula
1961 1586 2055 1642 est
2082 1584 2156 1642 ad
2180 1583 2461 1659 gratiam.

459 1690 497 1731 4(
527 1673 592 1730 Si
623 1672 762 1746 quid
805 1679 1004 1728 autem
1035 1671 1095 1728 in
1133 1669 1308 1729 dictis
1339 1669 1821 1746 philosophorum
1846 1669 2188 1728 inveniatur
2222 1676 2468 1732 contra-

455 1777 496 1818 4(
522 1758 680 1817 rium
725 1757 886 1831 fidei,
919 1759 1030 1816 hoc
1069 1776 1182 1816 non
1231 1760 1324 1815 est
1365 1756 1773 1833 philosophiae,
1824 1758 1928 1816 sed
1974 1757 2169 1833 magis
2198 1757 2468 1834 philoso-

456 1865 496 1907 4(
525 1847 681 1923 phiae
724 1847 942 1905 abusus
989 1863 1064 1903 ex
1094 1845 1325 1912 defectu
1371 1845 1622 1904 rationis
1654 1862 1668 1904 :
1704 1850 1767 1905 et
1793 1844 1925 1903 ideo
1966 1845 2244 1922 possibile
2270 1852 2367 1908 est
2393 1865 2468 1906 ex

458 1954 496 1994 «
525 1935 836 2012 principiis
896 1932 1284 2012 philcsophiae
1325 1934 1682 2010 hujusmodi,
1715 1951 1979 1992 errorem
2016 1933 2325 2008 refellere,
2369 1925 2469 1994 vel

461 2041 500 2081 4(
529 2021 642 2101 (Ν.
673 2021 787 2100 Β.)
818 2023 1177 2081 ostendendo
1201 2021 1436 2082 omnino
1465 2039 1583 2082 esse
1610 2020 2054 2098 impossibilem,
2084 2022 2181 2081 vel
2205 2039 2325 2082 non
2350 2037 2472 2084 esse

461 2129 498 2169 4(
525 2109 943 2171 necessarium.
975 2129 1012 2168 »
1042 2112 1238 2186 Atque
1277 2111 1525 2186 hujusce
1571 2109 1966 2172 distinctionis
2000 2111 2291 2170 rationem
2334 2111 2461 2170 ido-

466 2217 636 2257 neam
667 2198 874 2256 statim
902 2197 1078 2256 affert
1111 2216 1124 2256 :
1156 2215 1192 2257 4(
1221 2199 1389 2257 Sicut
1420 2199 1573 2266 enim
1605 2217 1673 2256 ea
1703 2217 1835 2274 quae
1864 2199 2000 2256 fidei
2031 2203 2171 2258 sunt
2198 2218 2311 2258 non
2336 2217 2473 2276 pos-

464 2305 501 2348 «
531 2293 672 2346 sunt
697 2285 1167 2345 demonstrative
1197 2287 1458 2361 probari,
1488 2287 1575 2346 ita
1602 2287 1870 2362 quaedam
1896 2288 2197 2346 contraria
2230 2286 2323 2344 his
2353 2305 2470 2344 non·

463 2392 503 2434 4(
529 2384 776 2451 possunt
814 2374 1282 2434 demonstrative
1319 2376 1548 2434 ostendi
1581 2392 1711 2433 esse
1755 2373 1934 2456 falsa,
1961 2375 2063 2433 sed
2114 2377 2333 2450 potest,
2366 2384 2469 2433 οε·-

463 2481 503 2523 4(
530 2463 692 2522 tendi
723 2481 794 2525 ea
823 2482 934 2522 non
961 2481 1093 2523 esse
1120 2463 1529 2523 necessaria.»
1547 2462 1658 2520 His
1680 2460 1987 2538 principiis
2016 2462 2346 2534 attendant,
2367 2463 2473 2538 qui

462 2553 822 2628 theologiam
855 2552 1200 2628 polemicam
1236 2552 1533 2611 excolunt.
1571 2585 1652 2594 -—
1683 2551 1776 2610 Ex
1802 2551 2004 2609 eodem
2036 2550 2314 2626 opusculo
2337 2553 2467 2610 ter-

461 2639 612 2698 tium
633 2641 823 2697 locum
847 2639 1188 2707 afferemus,
1209 2657 1324 2713 quo
1345 2637 1530 2696 nitide
1546 2640 1731 2696 tradit
1754 2639 2075 2712 Angelicus
2093 2639 2381 2697 rationem
2401 2656 2475 2698 ac

462 2728 699 2787 modum
729 2727 992 2790 scientiae
1007 2727 1378 2800 theologicae,
1395 2725 1827 2798 discrimenque
1844 2724 2109 2798 assignat
2130 2744 2245 2801 quo
2263 2726 2467 2786 eadem

465 2813 856 2890 distinguitur
882 2818 1009 2872 tum
1034 2831 1069 2872 a
1092 2813 1207 2871 fide
1236 2812 1475 2889 proprie
1506 2813 1683 2884 dicta,
1713 2816 1838 2869 tum
1868 2829 1904 2869 a
1928 2812 2157 2870 ratione
2186 2813 2461 2873 humana.

463 2904 560 2962 Ex
587 2901 680 2961 his
712 2901 908 2960 verbis
938 2901 1192 2976 intelligi
1219 2900 1421 2958 licebit
1450 2905 1733 2974 quantum
1780 2898 1975 2958 aliena
2006 2899 2088 2958 sit
2110 2917 2147 2957 a
2169 2901 2467 2961 recentio-

471 3009 603 3051 rum
645 2989 1138 3065 ontologistarum
1173 2988 1547 3064 dogmatibus
1577 2989 1641 3046 S.
1676 2988 1919 3048 'rhomae
1954 2989 2241 3052 doctrina.
2269 2991 2475 3050 Verba

430 3153 437 3159 ‚
471 3079 906 3154 desumpsimus
931 3097 964 3136 e
993 3081 1205 3154 quaest.
1236 3095 1306 3150 11,
1337 3081 1456 3136 art.
1488 3076 1529 3134 2
1560 3093 1574 3136 :
1610 3095 1647 3136 4(
1674 3075 1819 3136 Cum
1852 3077 2118 3137 scientiae
2146 3079 2301 3137 ratio
2321 3097 2475 3146 con-

467 3184 506 3226 4(
535 3168 712 3226 sistat.
735 3169 792 3225 in
827 3169 934 3226 hoc
965 3169 1118 3242 quod
1142 3185 1216 3225 ex
1243 3165 1537 3240 aliquibus
1566 3165 1724 3224 notis
1758 3163 1877 3223 alia
1906 3167 2203 3242 ignotiora
2224 3185 2468 3241 cognos-

474 3273 510 3315 4(
537 3256 912 3326 camut-‚hoc
957 3263 1156 3324 autem
1204 3255 1261 3313 in
1311 3253 1529 3314 divinis
1560 3253 1889 3328 contingat,
1936 3260 2171 3315 constat
2215 3255 2369 3330 quod
2396 3256 2475 3313 de

469 3362 506 3403 4(
534 3344 754 3402 divinis
801 3347 1154 3419 potestesse
1193 3342 1462 3402 scientia.
1502 3343 1619 3400 Sed
1656 3341 1994 3400 divinorum
2026 3342 2240 3402 notitia
2282 3341 2475 3418 dupli·

466 3449 505 3491 4(
532 3433 684 3490 citer
715 3435 909 3508 potest
946 3431 1232 3491 aestimari
1273 3447 1286 3490 :
1319 3447 1438 3491 uno
1478 3430 1649 3490 modo
1695 3447 1779 3508 ex⁴
1813 3436 1984 3507 parte
2026 3437 2252 3502 nostra,
2296 3435 2359 3488 et
2384 3428 2477 3488 sic.

464 3538 506 3576 «
535 3519 955 3595 cognoscibilia
984 3536 1095 3577 non
1140 3523 1278 3578 sunt
1302 3518 1417 3578 nisi
1456 3537 1529 3576 ex
1566 3519 1892 3582 creaturis,
1914 3536 2163 3594 quarum
2195 3513 2494 3575 notitiam'

467 3627 506 3668 4(
534 3627 571 3666 a
600 3626 773 3667 sensu
799 3606 1152 3682 accipimus3
1183 3641 1263 3652 -
1286 3607 1412 3668 alio
1440 3607 1608 3666 modo
1634 3624 1709 3665 ex
1735 3611 1945 3665 natura
1974 3606 2261 3682 ipsorum,
2296 3610 2359 3664 et
2386 3605 2471 3664 sic

467 3712 507 3754 4(
536 3697 667 3772 ipsa
694 3703 932 3756 sunt‘ex
961 3715 1024 3756 se
1048 3696 1194 3774 ipsis
1213 3698 1472 3756 maxime
1500 3694 1955 3770 cognoscibilia3
1988 3699 2049 3752 et
2072 3693 2344 3768 quamvis
2372 3711 2471 3751 se-

151 3779 576 3810 „W

473 3802 512 3845 <
539 3785 792 3845 cisndum
829 3787 1071 3846 modum
1099 3804 1269 3846 suum
1300 3804 1415 3844 non
1455 3787 1887 3860 cognoscantur
1923 3800 1960 3842 a
1988 3782 2179 3854 nobis,
2209 3788 2408 3841 tamen
2437 3798 2485 3842 a
