2800 4492
808 375 919 427 111.
951 397 1031 413 -
1059 379 1485 432 ouonmun‘ruu
1536 367 1811 430 ovim-um
2197 367 2315 427 333
2341 349 2348 357 ⁴

311 499 491 556 Bedae.
517 499 576 556 Si
601 487 784 556 autem
813 497 1100 570 loquamur
1129 497 1197 552 de
1220 495 1554 569 perfectione
1574 481 1915 568 evangelica,
1948 496 2028 554 sic
2058 498 2315 556 manifes-

312 597 429 646 tum
459 594 542 644 est
585 587 733 660 quod
773 588 962 643 statim
990 602 1021 642 a
1052 585 1317 659 principio
1343 591 1593 641 ·vocatus
1632 594 1715 642 est
1757 585 1825 641 ad
1860 591 2068 643 statum
2102 587 2318 660 perfec-

314 675 479 734 tionis
506 694 518 731 :
551 676 756 732 dicitur
785 676 929 732 enim
969 676 1133 732 [ηοω
1161 691 1217 742 v,
1249 679 1337 742 28,
1371 674 1517 747 quod
1546 690 1787 746 surgens,
1814 675 2015 732 relictis
2055 675 2316 742 omnibus,

311 774 518 823 secutus
545 772 620 822 est
649 781 764 820 eum
791 783 809 822 .·
837 765 981 838 quod
1008 765 1175 821 etiam
1218 764 1284 819 ad
1325 761 1711 835 discipulatum
1742 762 1942 819 Christi
1985 765 2315 837 pertinebat,

314 855 613 912 secundum
643 853 774 909 illud
815 853 960 927 quod
1003 852 1206 908 dicitur
1235 853 1397 908 [ηοω
1422 867 1543 916 xiv,
1573 855 1639 906 33
1672 869 1683 904 ε
1716 851 1842 908 Nisi
1882 852 2001 924 quis
2030 851 2320 910 renuntia-

313 945 454 1002 verit
479 943 717 1000 omm'bus
737 942 821 997 his
845 958 961 1013 quw
988 940 1232 1012 possidet,
1259 957 1364 995 non
1385 946 1559 1012 potest
1584 955 1687 994 esse
1712 939 1998 1012 discipulus
2026 940 2192 997 inens.

383 1034 466 1089 Ad
509 1034 744 1105 primum
793 1047 922 1102 ergo
967 1029 1276 1094 dicendum,
1306 1028 1453 1100 quod
1500 1043 1773 1083 summum
1817 1029 1871 1083 in
1915 1029 2027 1084 vita
2081 1029 2314 1087 humana

315 1125 494 1194 potest
520 1117 694 1188 accipi
721 1116 1029 1190 dupliciter.
1057 1117 1175 1172 Uno
1205 1115 1365 1171 modo
1395 1114 1693 1170 secundum
1716 1116 2179 1187 comparationem
2200 1125 2314 1172 sta-
2337 1116 2354 1152 '-

317 1216 405 1264 tus
433 1207 500 1263 ad
538 1212 763 1271 statum,
791 1191 1278 1277 secundum'quod
1325 1203 1379 1258 in
1430 1203 1663 1258 humana
1708 1202 1823 1258 vita
1860 1219 2005 1258 »unus
2033 1211 2212 1261 status
2236 1213 2317 1262 est

315 1299 488 1370 major
507 1296 632 1363 aii0,
657 1302 712 1350 et
751 1295 950 1367 aliquis
977 1303 1061 1351 est
1099 1308 1372 1360 summus;
1401 1293 1563 1347 etsie
1606 1291 1739 1346 nihil
1784 1291 2033 1364 prohibet
2080 1294 2317 1368 aliquem

317 1387 431 1442 fieri
477 1391 698 1456 repente
742 1399 1036 1449 summum,
1071 1382 1213 1438 idest
1261 1381 1531 1452 attingere
1574 1381 1643 1436 ad
1676 1387 1880 1436 statum
1926 1398 2217 1438 summum.
2251 1382 2317 1440 Et

316 1475 419 1530 hoc
446 1479 670 1547 apparet
703 1481 813 1529 tam
844 1473 897 1527 in
924 1471 1193 1544 spirituali
1226 1486 1391 1542 quam
1421 1473 1475 1524 in
1502 1469 1769 1526 saeculari.
1797 1468 2150 1526 Inveniuntur
2174 1474 2317 1528 enim

317 1556 485 1636 aliqui
515 1561 700 1617 statim
732 1578 763 1616 a
789 1559 1023 1633 pueritia
1053 1559 1121 1614 ad
1165 1565 1372 1614 statum
1413 1558 1705 1629 religionis,
1731 1557 1825 1630 qui
1854 1566 1937 1614 est
1984 1559 2318 1630 perfectissi-

317 1668 457 1716 muS,
492 1650 830 1715 convolasse,
863 1647 946 1704 vel
984 1648 1200 1720 proprio
1227 1647 1475 1712 arbitri0,
1502 1647 1647 1702 sicut
1672 1647 1872 1702 Beatus
1903 1645 2136 1703 loannes
2174 1650 2317 1721 Bap-

321 1743 449 1797 tista
477 1749 531 1794 et
557 1741 755 1794 Beatus
783 1735 1146 1804 Benedictus·;
1177 1735 1262 1793 vel
1301 1736 1468 1791 etiam
1510 1727 1817 1810 devotione
1838 1741 2141 1807 parentum,
2175 1737 2318 1793 sicut

318 1828 395 1883 illi
421 1829 512 1901 qui
542 1826 887 1883 monasteriis
912 1824 1200 1881 traduntur
1229 1839 1258 1879 a
1285 1823 1622 1902 parentibus.
1640 1824 1730 1880 Sic
1756 1839 1862 1878 non
1887 1831 2101 1896 oportet
2126 1831 2185 1879 ut
2214 1825 2318 1880 ali-

319 1920 441 1992 quis
471 1919 524 1972 in
553 1916 802 1974 saeculari
847 1905 1318 1971 vita'eierceatur
1361 1922 1656 1985 antequam
1703 1912 1771 1968 ad
1815 1913 2131 1984 religionem
2165 1920 2317 1971 tran-

320 2010 454 2074 seat',
481 2007 622 2063 sicut
663 2022 769 2061 non
811 2011 1026 2077 oportet
1069 2003 1214 2082 quod
1263 1993 1462 2075 aliquis
1514 2009 1833 2058 exerceatur
1878 2004 1929 2057 in
1978 2003 2155 2059 laicali
2209 2007 2318 2061 vita

319 2103 609 2169 antequam
639 2095 868 2150 clericus
895 2093 1006 2148 liat.
1035 2091 1298 2148 Similiter
1326 2091 1493 2146 etiam
1525 2091 1691 2162 aliqui
1726 2097 1943 2162 repente
1970 2102 2320 2149 assumuntur

319 2185 388 2241 ad
427 2201 651 2256 regnum
688 2182 772 2237 vel
817 2181 886 2236 ab
925 2181 1040 2252 ipsa
1088 2179 1340 2252 pueritia,
1368 2179 1512 2234 sicut
1554 2179 1807 2235 Salomon
1843 2175 1898 2234 et
1942 2180 2118 2236 sosias
2165 2198 2322 2254 reges
2341 2191 2348 2201 ”

229 2348 235 2353 Ι
318 2275 454 2330 Juda
485 2273 568 2328 vel
599 2273 765 2328 etiam
799 2271 850 2324 in
883 2267 1072 2324 ultimo
1098 2273 1265 2334 statu,
1300 2267 1444 2322 sic’ut
1471 2267 1597 2322 Saul
1628 2285 1639 2321 ε
1670 2273 1725 2322 et
1753 2267 1960 2333 Eccles.
2003 2283 2080 2332 ιν,
2116 2271 2201 2335 44,
2232 2271 2324 2325 di-

320 2363 480 2427 citur,
513 2361 658 2434 quod
697 2361 760 2415 de
799 2374 1010 2413 earcere
1052 2357 1348 2428 catenisque
1386 2354 1657 2409 interdum
1687 2351 1805 2426 quis
1847 2354 1917 2408 acl
1945 2371 2164 2427 reynum
2190 2375 2323 2430 pro·

318 2450 585 2525 proditur.
613 2450 732 2506 Alio
767 2444 927 2502 modo
968 2453 1147 2518 potest
1190 2444 1362 2515 accipi
1412 2458 1683 2497 summum
1722 2460 1816 2515 per
1863 2445 2323 2516 comparationem

321 2541 590 2612 graduum
615 2538 854 2609 quisunt
878 2534 1141 2608 perfectio
1177 2532 1337 2587 unius
1359 2530 1631 2598 hominis3
1662 2539 1717 2586 et
1760 2530 1841 2587 sic
1888 2532 2141 2603 intelligit
2178 2535 2321 2590 Gre-

322 2629 507 2701 gorius
549 2626 695 2698 quod
740 2639 895 2679 nemo
931 2623 1153 2695 repente
1192 2621 1254 2676 fit
1296 2634 1561 2676 summus.
1608 2620 1753 2674 Dicit
1796 2621 1940 2675 enim
1987 2623 2322 2692 Augustinus

323 2733 486 2790 super
513 2715 840 2772 Canonicam
881 2712 1036 2767 Joan.
1069 2710 1213 2781 quod
1257 2709 1460 2764 caritas
1506 2725 1612 2762 non
1649 2702 1772 2764 mossv
1812 2715 1873 2764 ut
1902 2709 2164 2775 nascitur,
2188 2728 2320 2784 per-

322 2806 460 2878 fecta
488 2811 558 2860 est
571 2822 590 2872 ‚·
623 2819 745 2858 nam
768 2807 826 2856 ut
851 2799 1192 2872 perficiatur,
1213 2797 1499 2870 ‘na-scitum
1526 2813 1640 2852 cum
1663 2795 1835 2868 suerit
1859 2805 2011 2862 nata,
2037 2799 2319 2868 nutritur,-
2344 2811 2351 2819 ·

317 2913 438 2962 ‚cum
480 2893 650 2966 suerit
694 2892 928 2955 nutrita,
961 2887 1282 2955 roboratum·
1327 2903 1444 2941 cnm
1484 2885 1657 2958 suerit
1703 2885 1973 2962 roborata,
2010 2888 2318 2959 perficitur.

325 2973 601 3054 Contingit
639 2977 819 3037 tamen
848 2979 1194 3052 quandoque,
1229 2975 1375 3048 quod
1408 2991 1543 3030 unus
1584 2975 1747 3030 homo
1787 2967 2010 3047 repente
2042 2977 2231 3049 incipit
2258 2979 2325 3034 ab

240 3088 244 3091 ·
327 3072 506 3127 altiori
532 3071 703 3141 gradu
727 3066 1035 3124 sanctitatis
1065 3081 1226 3137 quam
1257 3065 1330 3120 sit
1353 3079 1626 3118 summum
1648 3062 1716 3118 ad
1742 3064 1886 3136 quod
1914 3064 2175 3136 pertingit
2200 3083 2326 3137 per·

328 3159 490 3216 sectio
525 3143 756 3222 ⁴alterius
801 3151 1064 3222 homini's;
1101 3163 1158 3208 ut
1189 3155 1349 3226 patet
1385 3151 1455 3207 de
1493 3153 1551 3206 B.
1586 3151 1898 3218 Benedicto‚
1928 3151 1995 3207 de
2031 3168 2139 3224 quo
2181 3154 2355 3210 Gre-‘

327 3249 512 3322 gorius
549 3246 683 3302 dicit
725 3243 779 3298 in
807 3243 850 3299 i1
879 3241 1092 3312 Dialog.
1109 3241 1253 3314 quod
1274 3247 1561 3311 proesentes
1588 3247 1639 3296 et
1666 3239 1903 3296 secuturi
1928 3255 2099 3296 omnes
2132 3259 2354 3314 cynos-,1

328 3345 470 3403 cant,
523 3333 866 3392 Benedictum
911 3345 1142 3404 puerum
1192 3327 1609 3384 conversationis
1653 3327 1889 3400 qratiam
1927 3345 1961 3386 a
2003 3329 2359 3404 perfectione

329 3427 554 3500 coepisse.

982 3545 1435 3608 ARTIGULUS
1479 3545 1681 3604 XXII.

346 3669 558 3730 Utrum
591 3666 802 3729 melius
842 3662 1038 3742 faciat
1082 3662 1192 3742 qui
1219 3661 1510 3723 consentit
1537 3660 1810 3723 electioni
1837 3660 2132 3721 canonica}
2182 3659 2253 3720 de
2276 3675 2337 3720 se

407 3758 608 3832 factae,
639 3772 820 3834 quam
845 3753 953 3832 qui
979 3768 1104 3814 eam
1131 3754 1388 3812 recusat
1423 3749 1663 3827 --·(1-2
1622 3789 1683 3821 ,
1711 3747 1921 3826 quaes't.
1956 3748 2092 3822 185,
2120 3752 2244 3810 (ιφ-,ι
2275 3749 2332 3823 l,

415 3843 582 3916 adl,
614 3845 674 3917 3,
706 3848 760 3905 ec
786 3846 905 3903 art.
940 3841 1011 3916 23
1045 3844 1188 3913 etat,
1223 3839 1396 3914 dist,
1423 3837 1525 3912 29,
1559 3840 1681 3897 art.
1714 3841 1772 3910 4,
1802 3835 1991 3913 ad4).

407 3959 520 4016 Ad
533 3955 831 4015 secundum
871 3957 952 4014 sic
991 3951 1324 4028 proceditur.
1367 3946 1605 4010 Videtur
1636 3949 1779 4025 quod
1828 3935 2021 4009 melius
2050 3949 2215 4010 saciat
2245 3953 2357 4025 qui
