2800 4492
536 341 675 407 ..164
1031 359 1090 433 s.
1132 357 1367 461 'ruoitla
1409 356 1736 455 ,summme
1771 358 2088 445 eruscos».

1194 549 1726 629 ARTICULUS
1755 564 1865 627 ΙΙΙ.

568 705 789 771 Utrum
812 702 1085 784 Anqezus
1109 706 1502 780 componatur
1528 716 1598 761 σω
1624 699 1878 761 essentia
1903 702 1960 763 et
1994 714 2132 761 esse.
2163 729 2245 745 —--
2267 698 2326 777 (1
2361 714 2482 779 par
2485 701 2563 771 t„

637 799 856 957 Ξξιῖξὲ.
879 794 980 945 {a
997 796 1219 961 ἑιςιη
1157 791 1219 867 2,
1246 790 1327 852 ad
1347 791 1420 863 3;
1445 791 1656 867 quaeat.
1679 788 1780 865 75,
1803 791 1927 851 art.
1953 788 2016 862 5,
2043 787 2126 849 ad
2145 792 2204 862 4,
2229 785 2437 868 q'uoesc.
2457 787 2564 861 88,

626 1016 708 1072 Ad
740 1015 975 1088 primum
1008 1012 1088 1068 sic
1128 1010 1462 1083 proceditur.
1499 1010 1566 1065 4.
1591 1007 1821 1065 Videtur
1849 1008 1996 1082 quod
2039 1008 2278 1080 Angelus
2305 1008 2569 1067 substan-

556 1104 761 1162 tialiter
789 1118 894 1158 non
922 1106 1278 1174 componatur
1306 1116 1374 1155 ex
1402 1096 1640 1155 essentia·
1669 1106 1724 1153 et
1753 1112 1891 1153 esse.
1923 1098 2172 1154 Essentia
2200 1099 2344 1155 enim
2375 1098 2569 1169 Angeli

555 1200 640 1249 est
667 1194 783 1266 ipse
824 1190 1079 1263 Angelus,
1113 1188 1244 1261 quia
1268 1187 1550 1262 quidditas
1592 1183 1856 1260 simplicis
1893 1193 1976 1242 est
2013 1187 2189 1261 ipsum
2229 1186 2480 1261 simplex.
2511 1188 2569 1245 Si

556 1296 686 1353 ergo
712 1280 949 1351 Angelus
980 1283 1416 1353 componeretur
1428 1292 1494 1331 ex
1522 1276 1759 1332 essentia
1789 1283 1844 1332 et
1873 1291 2011 1342 esse,
2053 1285 2473 1349 componeretur
2501 1292 2570 1332 ex

554 1388 615 1427 ae
644 1372 761 1443 ipso
785 1376 842 1425 et
868 1367 993 1425 alic.
1026 1368 1140 1424 Hoc
1170 1374 1352 1423 autem
1379 1372 1464 1421 est
1489 1364 1894 1439 inconveniens.
1925 1364 2046 1421 Non
2067 1381 2194 1437 ergo
2227 1364 2572 1429 substantia·

554 1460 682 1516 liter
711 1458 1055 1532 componitur
1078 1473 1147 1512 ex
1172 1456 1410 1511 essentia
1436 1460 1491 1509 et
1522 1454 1665 1509 esse.

626 1554 680 1606 2.
712 1550 1003 1612 Praeterea,
1038 1545 1244 1601 nullum
1284 1542 1540 1599 accidens
1570 1542 1728 1617 cadit·
1756 1540 1810 1598 in
1840 1540 2254 1608 substantialem
2291 1544 2573 1617 composi-

556 1622 760 1695 tionem
796 1636 1139 1693 substantiae.
1184 1634 1289 1689 Sed
1320 1648 1440 1688 esse
1474 1631 1666 1703 Angeli
1711 1636 1796 1687 est
1832 1632 2117 1702 accidens3
2159 1633 2376 1705 proprie
2424 1635 2574 1689 enim

556 1724 672 1781 Deo
702 1724 953 1781 attribuit
982 1720 1257 1777 Hilarius
1244 1736 1299 1775 m
1324 1719 1422 1774 lib.
1448 1720 1516 1775 de
1549 1718 1836 1786 Trinitate,
1871 1720 2016 1792 quod
2040 1737 2160 1777 esse
2189 1738 2294 1777 non
2319 1722 2392 1779 sit
2419 1723 2576 1781 acci-

556 1814 691 1869 dens
720 1813 789 1878 ei,
822 1811 917 1867 sed
943 1810 1246 1867 subsistens
1270 1808 1495 1865 veritaS.
1527 1807 1670 1879 Ergo
1695 1807 1933 1921 Angelus
1958 1824 2064 1866 non
2092 1815 2177 1866 est
2205 1811 2575 1869 essentialiter

556 1898 895 1973 compositus
919 1914 986 1953 ex
1015 1897 1251 1953 essentia
1272 1903 1328 1952 et
1352 1911 1493 1951 esse.

626 1989 731 2045 Sed
763 1994 956 2044 contra
984 1994 1066 2042 est
1096 1984 1246 2057 quod
1270 1984 1514 2041 dicitur
1503 2001 1556 2038 in
1587 1985 1902 2042 commento
1931 1985 2054 2061 libri
2088 1989 2156 2045 de
2181 1988 2390 2057 Causis,
2425 1990 2572 2063 quod

559 2075 912 2148 intelliqentia
934 2091 1091 2148 quam
1117 2073 1341 2132 dicimus
1368 2072 1649 2145 Anyelum,
1681 2074 1829 2131 habet
1859 2077 2135 2133 essentiam
2164 2085 2213 2135 et
2237 2095 2362 2137 esse.

626 2162 948 2236 Respondeo
978 2148 1291 2231 dicendum,
1338 2160 1482 2232 quod
1515 2151 1808 2231 dupliciter
1845 2161 2053 2235 aliquid
2095 2164 2164 2220 de
2211 2163 2395 2236 aliquo
2426 2181 2578 2237 praev

556 2253 814 2309 dicatur:
842 2266 950 2307 uno
976 2250 1137 2307 modo
1177 2248 1561 2315 essentialiter,
1593 2249 1700 2306 alio
1731 2251 1892 2307 modo
1915 2268 2011 2324 per
2042 2247 2571 2325 participationem.

556 2343 649 2398 lux
678 2343 821 2399 enim
864 2340 1195 2414 praedicatur
1224 2340 1293 2395 de
1338 2353 1568 2412 corpore
1599 2338 1906 2397 illuminato
1936 2342 2350 2415 participative3
2378 2344 2500 2399 «sed
2526 2344 2575 2399 si

556 2439 702 2489 esset
745 2430 929 2503 aliqua
969 2429 1059 2484 lux
1100 2434 1375 2501 separata,
1418 2426 1812 2499 praedicaretur
1853 2428 1922 2485 de
1949 2445 2014 2485 ea
2043 2429 2430 2487 essentialiter.
2469 2433 2577 2489 Se·-

555 2520 791 2577 cundum
818 2534 946 2590 ergo
978 2518 1081 2573 hoc
1104 2516 1397 2574 dicendum
1421 2524 1525 2585 est,
1559 2516 1705 2589 quod
1735 2532 1832 2573 ens
1854 2516 2187 2605 praedicatur
2211 2520 2280 2574 de
2301 2520 2422 2575 solo
2439 2520 2576 2577 -Deo

556 2608 943 2673 essentialiter,
974 2622 1039 2663 eo
1076 2606 1223 2678 quod
1260 2620 1380 2661 esse
1426 2606 1672 2661 divinum
1695 2611 1779 2661 est
1821 2622 1939 2662 esse
1980 2608 2282 2664 subsistens
2317 2616 2377 2665 et
2404 2608 2578 2665 abso-

557 2680 767 2763 lutum3
808 2695 875 2749 de
914 2692 1159 2766 qualibet
1189 2698 1373 2748 autem
1411 2700 1664 2750 creatura
1701 2694 2030 2765 praedicatur
2060 2712 2155 2769 per
2189 2697 2579 2769 participatio-

445 2798 454 2806 ·
559 2800 685 2839 nem
712 2800 725 2837 z
762 2782 904 2837 nulla
934 2782 1078 2836 enim
1104 2786 1357 2837 creatura
1386 2787 1471 2837 est
1499 2798 1657 2838 suum
1681 2796 1819 2850 esse,
1847 2784 1944 2839 sed
1969 2791 2053 2841 est
2079 2783 2286 2841 habens
2314 2801 2454 2842 esse.
2483 2788 2580 2843 Sic

558 2858 616 2928 et
646 2873 791 2925 Deus
824 2868 1024 2925 dicitur
1064 2868 1236 2924 bonus
1264 2869 1645 2937 essentialiter,
1680 2869 1809 2943 quia
1838 2879 1921 2934 est
1949 2872 2068 2945 ipsa
2115 2871 2366 2943 bonitas3
2409 2890 2578 2932 crea-

560 2950 701 3015 turae
730 2963 912 3015 autem
948 2956 1205 3013 dicuntur
1234 2956 1390 3013 bonae
1427 2973 1520 3028 per
1549 2958 2040 3031 participationem,
2075 2962 2205 3033 quia
2241 2960 2445 3018 habent
2471 2964 2580 3019 bo-

560 3048 791 3105 nitatem
822 3063 835 3102 :
866 3045 1291 3119 unumquodque
1316 3048 1480 3111 euim,
1509 3047 1562 3101 in
1590 3058 1853 3119 quantum
1880 3055 1982 3116 est,
2010 3049 2211 3105 bonum
2241 3058 2344 3118 est,
2371 3066 2581 3109 secun-

561 3134 691 3193 dum
717 3135 848 3191 illud
874 3134 1163 3207 Augustini
1193 3135 1247 3189 in
1272 3135 1295 3188 4
1332 3134 1401 3190 de
1422 3134 1682 3191 Doctrina
1705 3136 2022 3204 christiana,
2051 3137 2197 3211 quod
2225 3137 2277 3193 in
2305 3146 2578 3211 quantum

562 3236 768 3291 sumus,
800 3223 927 3279 boni
952 3238 1159 3278 sumus,
1192 3222 1658 3295 Quandocumque
1690 3232 1874 3280 autem
1903 3224 2110 3299 aliquid
2140 3227 2478 3299 praedicatur
2508 3229 2582 3284 de

562 3310 735 3367 altero
760 3326 856 3383 per
879 3310 1372 3383 participationem,
1400 3318 1618 3383 oportet
1642 3310 1718 3367 ibi
1743 3311 1951 3385 aliquid
1976 3330 2094 3371 esse
2117 3325 2317 3387 praeter
2343 3316 2398 3371 id
2423 3317 2580 3388 quod

561 3398 959 3473 participatur,
944 3414 957 3427 ·
990 3403 1044 3453 et
1072 3397 1197 3453 ideo
1235 3398 1287 3453 in
1319 3398 1564 3471 qualibet
1595 3406 1849 3458 creatura
1877 3407 1961 3458 est
1990 3402 2139 3460 aliud
2168 3405 2289 3477 ipsa
2316 3411 2581 3463 creatura

563 3502 690 3562 quae
713 3486 877 3542 habet
904 3500 1043 3551 osse,
1075 3492 1129 3541 et
1159 3486 1338 3557 ipsum
1363 3502 1486 3543 esse
1512 3489 1671 3560 ejus:
1703 3495 1760 3545 et
1781 3487 1886 3545 hoc
1913 3491 2168 3563 estquod
2191 3493 2414 3549 Boetius
2435 3494 2582 3551 dicit

561 3577 642 3631 in
638 3575 747 3631 lib.
782 3573 851 3630 de
894 3572 1256 3640 Hebdomad„
1286 3575 1442 3649 quod
1472 3574 1534 3631 in
1559 3576 1706 3633 omni
1746 3593 1803 3632 eo
1843 3578 1982 3650 quod
2025 3586 2102 3639 est
2127 3579 2270 3637 citra
2311 3582 2581 3653 primum,

561 3664 715 3723 aliud
736 3669 811 3720 ert
840 3679 943 3719 esse
967 3668 1019 3719 et
1045 3662 1181 3734 quod
1202 3670 1296 3718 est.
1448 3716 1452 3719 ,

633 3753 740 3811 Sed
781 3751 1064 3808 sciendum
1101 3758 1205 3819 est,
1250 3753 1397 3825 quod
1445 3753 1649 3826 aliquid
1690 3756 2050 3829 participatur
2091 3758 2403 3831 dupliciter.
2453 3762 2583 3820 Uno

565 3842 726 3898 modo
754 3841 911 3914 quasi
937 3838 1176 3925 existens
1203 3842 1272 3897 de
1302 3842 1609 3899 substantia
1641 3846 2034 3918 participantiS,
2068 3846 2212 3902 sicut
2239 3864 2411 3919 genus
2440 3867 2586 3921 par-

564 3931 825 4001 ticipatur
854 3946 883 3986 a
910 3930 1110 4003 specie.
1146 3931 1263 3986 Hoc
1286 3938 1472 3987 autem
1501 3930 1659 4003 modo
1687 3948 1806 3991 esse
1830 3950 1938 3991 non
1961 3936 2326 4008 participatur
2355 3953 2388 3995 a
2412 3954 2586 3999 crea-
