2800 4492
755 328 880 384 tm.
909 351 992 368 —
1018 331 1445 388 ouonnmnrtnu
1486 334 1795 380 summum
1994 379 1998 382 ,
2165 318 2283 381 397

271 470 424 515 unus
462 453 536 512 ab
575 450 682 510 alio
709 465 816 508 non
853 448 1118 523 procedit,
1158 447 1292 504 facit
1324 447 1791 520 multiplicitatem
1832 447 2149 518 locutionis3
2192 449 2287 505 sed

273 561 476 606 sensus
517 540 818 617 spiritualis
857 555 1073 610 semper
1109 537 1368 594 fundatur
1406 551 1570 609 super
1598 535 1906 604 litteralem,
1947 545 2003 592 et
2042 538 2289 610 procedit

275 655 347 696 ex
373 651 470 704 eo;
501 632 648 690 unde
675 647 742 688 ex
776 629 882 686 hoc
910 627 1057 702 quod
1090 642 1244 684 sacra
1273 625 1557 699 Scriptura
1584 627 1872 700 exponitur
1896 625 2206 683 litteraliter
2233 634 2289 682 et

276 723 662 802 spiritualiter,
695 736 802 778 non
832 727 916 776 est
946 720 1004 774 in
1031 719 1150 791 ipsa
1173 716 1358 790 aliqua
1383 715 1783 788 multiplicitas.

349 817 438 874 Ad
467 812 768 891 secundum
795 808 1107 878 dicendum,
1138 807 1282 880 quod
1309 806 1606 862 secundum
1632 806 1777 878 quod
1802 806 2138 878 Augustinus
2158 805 2292 862 dicit

281 905 338 964 in
363 903 460 963 lib.
488 905 549 960 de
578 900 826 959 Doctrin.
851 899 1078 964 Christ„
1099 897 1305 953 utiliter
1333 903 1417 952 est
1442 912 1473 952 a
1502 897 1615 952 Deo
1644 895 1969 968 dispositum
1998 907 2059 954 ut
2087 898 2291 954 veritas
2352 894 2357 896 ’

282 998 340 1052 in
370 1010 528 1052 sacra
556 992 838 1062 Scriptura
865 1003 990 1044 cum
1019 987 1202 1059 aliqua
1231 984 1553 1042 difficultate
1580 984 1961 1041 manifestetur
1994 1003 2007 1040 ε
2035 992 2118 1042 est
2148 986 2291 1041 enim

284 1087 390 1142 hoc
419 1081 552 1141 utile
576 1081 644 1138 ad
689 1078 987 1136 tollendum
1017 1075 1326 1144 fastidium3
1358 1075 1488 1148 quia
1520 1075 1589 1131 ad
1619 1090 1683 1130 ea
1722 1089 1847 1146 quae
1874 1081 2001 1130 sunt
2026 1075 2287 1141 difficilia,

284 1175 462 1247 major
489 1169 664 1242 surgit
700 1167 950 1234 attentio,
978 1181 1102 1239 quae
1131 1165 1357 1222 taedium
1386 1163 1529 1219 tollit
1556 1181 1569 1217 ε
1603 1162 1856 1218 similiter
1894 1180 1959 1218 ex
1992 1163 2109 1229 hoc,
2146 1163 2295 1219 tolli·

288 1273 377 1330 tur
420 1256 770 1334 superbiendi
811 1256 1045 1338 occasi0,
1086 1255 1215 1311 dum
1245 1254 1404 1310 homo
1448 1251 1739 1308 difficulter
1781 1267 1953 1308 sacrae
1998 1252 2293 1324 Scripturae

287 1353 581 1410 veritatem
623 1362 818 1420 capere
854 1351 1036 1418 potest
1073 1359 1086 1398 ε
1125 1342 1375 1398 similiter
1400 1357 1499 1414 per
1533 1340 1637 1396 hoc
1662 1341 1869 1398 veritas
1897 1339 2021 1396 fidei
2053 1341 2122 1396 ab
2165 1340 2293 1395 irri-

287 1443 442 1498 sione
469 1437 767 1494 infidelium
796 1433 1134 1500 defenditur3
1167 1432 1310 1486 unde
1337 1429 1601 1485 Dominus
1624 1428 1815 1484 Matth.
1861 1445 1964 1494 vir,
2005 1433 2036 1484 6
2070 1445 2083 1482 :
2112 1429 2293 1486 Nolite

261 1531 488 1605 inquit,
519 1533 759 1584 sanctum
798 1524 930 1580 darc
957 1521 1201 1588 canibu33
1229 1525 1285 1576 et
1321 1518 1616 1591 Dionysius
1658 1517 2001 1572 Timotheum
2040 1517 2295 1573 monebat

286 1631 350 1679 ut
387 1635 546 1677 sacra
579 1617 648 1673 ab
675 1613 968 1670 immundis
995 1609 1425 1668 incontaminata
1452 1614 1717 1663 servaret.
1748 1607 1816 1662 Et
1844 1607 1923 1662 ita
1965 1611 2116 1678 patet
2150 1608 2293 1678 quod

276 1709 512 1784 'expedit
538 1705 828 1764 veritatem
868 1700 994 1758 fidei
1034 1699 1135 1756 sub
1181 1697 1413 1755 diversis
1452 1695 1699 1752 sensibus
1742 1695 1795 1750 in
1831 1709 1987 1750 sacra
2016 1695 2295 1767 Scriptura

293 1799 459 1859 tradi.
1297 1825 1302 1828 -
2140 1827 2143 1830 .

360 1886 447 1947 Ad
489 1879 1063 1946 tertiumdicendum‚
1095 1875 1264 1951 quod,
1301 1875 1444 1932 sicut
1472 1873 1606 1941 dicit
1648 1873 1985 1946 Augustinus
2014 1872 2078 1929 in,
2112 1873 2204 1930 lib.
2236 1873 2297 1928 de

269 1973 560 2036 Doctrina
579 1970 806 2035 Christ„
823 1966 956 2023 nihil
979 1971 1062 2022 est
1086 1964 1227 2037 quod
1250 1963 1463 2020 occulte
1484 1961 1537 2016 in
1564 1961 1746 2035 aliquo
1772 1961 1889 2017 loco
1915 1977 2088 2018 sacrae
2110 1961 2297 2034 Scrip-

297 2079 434 2125 turae
462 2064 711 2129 tradatur
734 2058 878 2132 quod
909 2069 1014 2112 non
1043 2053 1168 2110 alibi
1199 2051 1485 2108 manifeste
1510 2057 1839 2124 exponatur3
1868 2051 2009 2105 unde
2034 2051 2299 2122 spiritua-

298 2159 363 2214 lis
393 2153 659 2228 expositio
695 2162 911 2220 semper
933 2145 1094 2200 debet
1121 2141 1322 2197 habere
1355 2140 1729 2194 fulcimentum
1766 2138 1835 2194 ab
1864 2138 2047 2211 aliqua
2079 2137 2299 2195 litterali

295 2243 633 2319 expositione
665 2251 836 2294 sacrae
865 2233 1190 2306 Scripturae3
1219 2238 1274 2286 et
1299 2229 1376 2284 ita
1403 2228 1611 2284 vitatur
1635 2227 1811 2282 omnis
1834 2228 2034 2283 erroris
2063 2229 2297 2284 occasio·

366 2335 451 2392 Ad
476 2335 734 2406 quartum
761 2323 1070 2388 dicendum,
1100 2319 1244 2392 quod
1271 2333 1376 2374 non
1402 2322 1487 2378 est
1510 2323 1731 2388 propter
1754 2313 2029 2372 defectum
2058 2319 2302 2373 auctori-

299 2425 430 2482 tatis
454 2420 600 2496 quod
645 2431 712 2474 ex
746 2429 908 2471 sensu
951 2407 1218 2482 spirituali
1247 2421 1364 2485 *non
1394 2411 1575 2478 potest
1608 2404 1747 2460 trahi
1788 2405 1981 2460 efficax
2010 2421 2303 2476 argumen-

302 2521 446 2582 tum3
473 2511 570 2567 sed
595 2523 660 2564 ex
684 2506 804 2578 ipsa
843 2506 1040 2558 natura
1069 2492 1460 2561 similitudiniS,
1504 2493 1557 2548 in
1587 2507 1695 2566 qua
1727 2493 1983 2548 fundatur
2006 2494 2305 2568 spiritualis

301 2617 511 2662 sensus.
535 2599 657 2656 Una
681 2593 824 2652 enim
844 2605 932 2647 res
955 2586 1198 2662 pluribus
1225 2582 1422 2640 similis
1445 2597 1565 2638 esse
1590 2587 1799 2653 potest3
1828 2579 1970 2636 unde
1994 2596 2101 2637 non
2126 2591 2306 2655 potest

304 2695 372 2753 ab
397 2691 514 2758 illa,
543 2683 761 2762 quando
783 2681 840 2736 in
863 2679 1144 2749 Scriptura
1172 2687 1326 2729 sacra
1352 2669 1689 2744 proponitur,
1716 2668 1939 2741 procedi
1967 2669 2035 2726 ad
2067 2669 2304 2745 aliquam

303 2783 520 2840 illarum
544 2772 938 2836 determinate3
974 2763 1068 2820 sed
1103 2767 1186 2818 est
1213 2759 1429 2818 fallacia
1457 2758 1843 2831 consequentis
1872 2775 1886 2813 ε
1918 2759 2069 2814 verbi
2107 2761 2303 2832 gratia,

305 2871 387 2927 leo
417 2871 640 2941 propter
677 2859 914 2930 aliquam
948 2848 1362 2907 similitudinem
1398 2845 1671 2917 significat
1712 2842 1985 2902 Christum
2030 2849 2085 2901 et
2112 2845 2308 2902 diabo-

305 2959 418 3014 lum
450 2973 464 3011 z
497 2951 639 3010 unde
663 2963 760 3022 per
783 2945 886 3000 hoc
919 2940 1063 3014 quod
1095 2935 1299 3012 aliquid
1331 2935 1397 2991 de
1426 2935 1579 2990 leone
1618 2933 1819 2990 dicitur
1852 2934 1904 2988 in
1932 2949 2086 2990 sacra
2123 2934 2309 3009 Scrip-

307 3056 452 3114 tura,
481 3043 550 3102 ad
575 3044 828 3097 neutrum
863 3034 1045 3107 potest
1077 3028 1194 3085 fieri
1219 3041 1525 3101 processuS,
1558 3024 1613 3078 in
1646 3039 1801 3078 sacra
1836 3021 2117 3095 Scriptura
2144 3039 2309 3096 argu-

307 3130 626 3194 mentando,

377 3225 462 3282 Ad
487 3220 738 3296 quintum
757 3210 1066 3276 dicendum,
1099 3203 1244 3279 quod
1269 3205 1459 3260 auctor
1478 3197 1793 3274 principalis
1818 3213 1991 3256 sacrae
2016 3195 2311 3274 Scripturae

307 3321 392 3374 est
421 3310 658 3386 Spiritus
684 3308 925 3366 sanctus,
958 3296 1050 3370 qui
1081 3295 1136 3350 in
1171 3307 1276 3348 uno
1299 3289 1467 3348 verbo
1504 3303 1677 3345 sacrae
1717 3287 2012 3360 Scripturae
2048 3288 2313 3344 intellexit

309 3403 481 3462 multo
512 3399 672 3473 plura
699 3405 865 3466 quam
899 3401 996 3460 per
1040 3379 1376 3454 expositores
1418 3393 1591 3454 sacrae
1624 3377 1920 3449 Scripturae
1954 3383 2309 3449 exponantur,

309 3491 397 3552 vel
440 3488 819 3546 discernantur
857 3493 872 3534 ι
918 3489 1022 3531 nec
1057 3476 1140 3528 est
1187 3467 1351 3525 etiam
1381 3465 1765 3524 inconveniens
1808 3465 1953 3539 quod
1995 3465 2174 3532 homo,
2220 3467 2313 3538 qui

311 3583 415 3639 suit
452 3585 606 3648 actor
653 3562 1084 3630 instrumentalis
1133 3573 1305 3616 sacrae
1339 3557 1657 3631 Scripturae,
1708 3554 1761 3611 in
1804 3571 1911 3610 uno
1947 3554 2114 3611 verbo
2160 3553 2314 3625 plura

312 3668 642 3739 intelligeret
671 3679 685 3716 ε
721 3657 850 3734 quia
878 3651 1179 3725 Prophetae,
1213 3655 1273 3703 ut
1302 3645 1667 3718 Hieronymus
1694 3643 1829 3699 dicit
1858 3657 2019 3714 super
2048 3641 2206 3710 Osee,
2239 3641 2313 3696 ita

312 3755 680 3830 loquebantur
707 3749 776 3805 de
803 3742 963 3801 factis
993 3735 1370 3814 praesentibuS,
1399 3723 1544 3806 quod
1569 3731 1736 3788 etiam
1760 3728 2108 3784 intenderunt
2133 3725 2317 3784 futura

313 3845 627 3920 significare
660 3855 674 3894 z
719 3833 862 3892 unde
899 3835 1123 3891 nonest
1151 3820 1485 3897 impossibile
1524 3816 1686 3876 simul
1713 3816 1871 3892 plura
1896 3814 2218 3890 intelligere,
2262 3816 2320 3874 in

317 3940 589 4016 quantum
607 3941 775 3986 unum
803 3927 888 3981 est
910 3919 1084 3994 figura
1113 3911 1359 3974 alterius·

2362 3964 2404 4087 χ,
