2800 4492
763 311 852 355 11.
878 326 958 339 —
983 311 1052 354 m
1100 311 1372 354 eom-nm
1414 310 1493 354 nn
1531 309 1859 354 'rmm'rA-rn
2236 291 2317 352 39

289 425 602 498 proposit0,
635 425 712 482 ibi
746 442 760 483 ε
789 447 814 478 «
847 427 1016 499 Cujus
1050 424 1170 483 baec
1198 426 1266 482 de
1297 425 1585 483 Trinitate.
1624 445 1649 478 n
1676 425 1950 483 Describit
1980 433 2165 484 autem
2196 442 2318 483 eam

291 514 613 586 dupliciter,
646 513 860 571 scilieet
899 531 966 571 ex
1011 516 1421 588 comparatione
1462 515 1731 573 haeresum
1767 515 1967 589 quibus
2009 515 2313 589 praepollet,

297 609 361 658 et
393 603 616 677 proprio
650 603 886 671 nornine,
921 603 1051 676 quia
1095 603 1384 670 catholica,
1415 604 1501 660 vel
1532 604 1854 662 universalis
1878 591 2130 664 vocatur.
2170 604 2317 660 Dicit

297 707 434 762 ergo
474 693 681 764 plume,
714 692 768 748 id
798 699 883 748 est
917 692 1258 749 diversarum
1299 693 1569 751 haeresum
1608 697 1777 751 seciae
1808 699 2095 766 usurpant,
2136 693 2192 748 id
2231 699 2321 748 est

295 779 546 836 indebite
579 781 683 836 sibi
713 781 1021 837 attribuunt
1060 782 1423 839 reverentiam
1457 781 1771 839 christianae
1813 781 2108 854 religioniS,
2148 781 2203 836 id
2232 785 2318 836 est

295 883 432 940 quae
459 868 774 926 christianae
804 869 1052 940 religioni
1081 869 1330 936 debetur,
1364 877 1425 926 ut
1458 869 1667 926 scilicet
1694 871 1746 926 ei
1774 886 1959 926 omnes
1986 870 2314 926 subdantur.

295 957 322 1012 1
351 957 578 1012 Joannis
605 973 643 1012 v
677 973 692 1012 ε
739 955 866 1012 Hoec
902 963 977 1014 est
1004 956 1234 1013 victoria
1267 974 1382 1028 quoe
1412 956 1580 1015 vincit
1620 958 1897 1025 mundum,
1939 959 2073 1030 fides
2102 959 2340 1014 ‘nostum'

293 1043 400 1100 Vel
439 1045 802 1101 reverentiam
848 1061 1014 1118 quam
1058 1045 1366 1103 Christiana
1404 1046 1597 1119 religio
1630 1048 1746 1104 Deo
1784 1047 2004 1103 exhibet
2042 1045 2315 1102 credendo

293 1131 388 1190 his
409 1148 539 1206 quae
563 1133 824 1190 divinitus
858 1139 984 1190 sunt
1013 1134 1330 1207 praedicata,
1363 1153 1392 1186 α
1426 1135 1521 1193 sed
1550 1151 1617 1192 ea
1641 1136 1777 1192 fides
1803 1135 1970 1209 pollet
1993 1135 2231 1192 maxime
2258 1142 2316 1190 et

295 1221 571 1280 solitarie.
596 1241 624 1274 n
665 1224 796 1280 Haec
827 1223 937 1280 duo
976 1223 1244 1296 adjungit,
1291 1231 1352 1280 ut
1382 1225 1779 1282 deseretionem
1817 1225 1984 1282 saciat
2018 1227 2135 1297 ejus
2164 1223 2316 1297 quod

293 1317 385 1366 est
415 1310 720 1367 secundum
744 1312 1051 1380 veritatem,
1087 1317 1144 1367 et
1171 1313 1289 1385 ejus
1316 1313 1465 1386 quod
1494 1319 1578 1369 est
1620 1314 1919 1370 secundum
1952 1313 2263 1386 opinionem
2294 1328 2311 1366 z

297 1399 604 1455 secundum
635 1400 779 1456 enim
807 1398 883 1456 r'ei
913 1401 1202 1458 veritatem
1239 1401 1484 1458 haeretici
1510 1400 1790 1458 christiani
1821 1418 1929 1458 non
1949 1407 2095 1468 sunt,
2126 1415 2253 1456 cum
2280 1414 2315 1456 a

297 1489 558 1545 doctrina
583 1489 781 1546 Christi
817 1490 1094 1558 recedant,
1128 1497 1184 1546 et
1213 1495 1480 1563 quantum
1510 1490 1579 1546 ad
1617 1490 1718 1546 boc
1745 1489 2015 1546 catholica
2044 1488 2179 1545 fides
2217 1504 2315 1544 eo·-

299 1579 485 1635 litaria
513 1578 683 1652 pollet
715 1596 729 1635 z
759 1578 857 1634 sed
887 1579 1188 1635 secundum
1211 1579 1589 1652 apparentiam
1619 1585 1673 1635 et
1698 1578 1976 1634 hominum
2004 1576 2314 1650 opinionem

293 1667 548 1725 haeretici
574 1667 860 1724 christiani
886 1667 1158 1734 dicuntur,
1193 1668 1321 1741 quia
1345 1667 1540 1724 saltem
1567 1681 1700 1724 voce
1728 1683 1925 1723 nomen
1954 1664 2152 1722 Christi
2178 1681 2313 1721 con-

293 1757 550 1826 fitentur,
577 1765 636 1812 et
673 1762 935 1829 quantum
967 1757 1035 1813 ad
1071 1757 1175 1812 hoc
1212 1755 1349 1812 fides
1391 1755 1663 1813 catholica
1704 1771 1811 1813 non
1844 1755 1979 1823 sola,
2013 1755 2105 1812 sed
2136 1753 2314 1825 magis

292 1843 489 1918 pollet.
522 1845 641 1916 {psa
664 1845 807 1899 enim
827 1844 1169 1899 communius
1194 1850 1248 1900 et
1272 1844 1523 1900 diffusius
1546 1849 1632 1900 est
1657 1849 1896 1917 recepta,
1922 1843 2067 1901 unde
2086 1841 2308 1898 subdit:

239 1990 252 2002 ,
293 1954 321 1985 α
357 1933 500 2004 Quae
549 1939 777 1989 vocatur
815 1932 1084 1988 catholica
1125 1933 1179 1988 in
1222 1947 1423 2004 graeco,
1458 1932 1547 1988 vel
1588 1931 1911 1988 universalis
1956 1932 2012 1987 in
2055 1929 2244 1996 latin0,
2282 1947 2309 1981 ιο

289 2021 449 2095 quod
475 2021 622 2076 idem
653 2027 735 2077 est
761 2035 775 2076 t
808 2020 1138 2078 catholicum
1165 2021 1312 2076 enim
1339 2035 1536 2092 graece,
1564 2021 1731 2077 latine
1751 2019 2057 2078 universale
2086 2018 2308 2085 dicitur,

291 2111 382 2182 cuj
393 2125 459 2165 us
485 2109 721 2165 nominis
746 2109 989 2181 assignat
1015 2108 1152 2166 duas
1176 2109 1419 2165 rationes
1440 2110 1628 2165 dicens
1656 2125 1670 2164 ι
1701 2129 1727 2164 α
1759 2108 1897 2165 Tum
1921 2112 2142 2181 propter
2165 2121 2314 2180 prae-

287 2203 458 2272 cepta
483 2197 872 2254 universalium
902 2197 1233 2268 regularum.
1271 2216 1296 2249 »
1327 2199 1609 2272 Praecepta
1632 2197 1775 2253 enim
1801 2213 1925 2271 quae
1953 2195 2088 2252 fides
2115 2195 2311 2252 catho-

290 2287 404 2344 lica
448 2287 723 2359 proponit,
772 2302 881 2342 non
921 2286 1016 2342 uni
1057 2291 1267 2342 tantum
1313 2285 1464 2358 genti
1510 2286 1868 2350 observanda,
1918 2285 2015 2340 sed
2060 2284 2313 2343 omnibus

286 2377 554 2451 proponit
585 2393 599 2431 τ
632 2377 686 2431 in
712 2383 820 2448 quo
847 2360 1121 2449 praecipue
1147 2375 1330 2430 differt
1361 2390 1394 2430 a
1424 2374 1541 2446 lege
1568 2374 1760 2446 Moysi,
1790 2389 1912 2447 quae
1949 2375 2040 2429 uni
2072 2379 2307 2439 tantum,

294 2465 498 2538 populo
551 2472 826 2537 praecepta
872 2463 1229 2536 proponebat.
1289 2461 1551 2518 Similiter
1598 2463 1762 2517 etiam
1806 2461 2033 2532 singulae
2077 2461 2311 2517 haereses

293 2555 413 2611 suis
440 2558 657 2609 tantum
683 2551 1046 2609 sectatoribus
1070 2554 1346 2625 praecepta
1377 2549 1730 2607 accommoda
1756 2549 1981 2605 tradunt
2012 2563 2025 2604 ε
2054 2549 2149 2604 sed
2175 2547 2313 2604 fides

291 2643 571 2704 catholica
607 2643 676 2698 de
705 2643 954 2698 omnibus
997 2657 1186 2698 curam
1221 2655 1435 2713 gerenS,
1480 2639 1733 2696 omnibus
1775 2643 2048 2710 praecepta
2090 2652 2314 2694 accom-

295 2733 460 2787 moda
509 2731 702 2787 tribuit
742 2743 852 2786 non
879 2730 1055 2788 solum
1097 2729 1521 2796 continentibus,
1568 2733 1630 2784 ut
1669 2725 1973 2794 Maniehaei,
2016 2727 2115 2783 sed
2142 2726 2312 2783 etiam

291 2819 607 2892 conjugatis
639 2837 654 2875 τ
684 2827 740 2874 et
779 2835 882 2874 non
930 2818 1105 2874 solum
1144 2818 1543 2885 innocentibuS,
1576 2822 1636 2876 ut
1674 2815 1985 2882 Novatiani,
2018 2816 2112 2872 sed
2143 2816 2311 2872 etiam

293 2907 710 2983 poenitentibus,
743 2907 941 2980 quibus
967 2906 1046 2962 illi
1081 2907 1316 2963 salutem
1342 2907 1634 2978 denegant.
1665 2906 1820 2963 Unde
1848 2905 2031 2961 subdit
2059 2922 2073 2959 ε
2108 2925 2135 2958 «
2174 2904 2313 2974 Qui-

291 2999 418 3064 buS,
449 2996 664 3053 scilicet
692 2995 1090 3052 universalibus
1122 2994 1342 3066 regulis,
1371 2994 1693 3066 intelligitur
1728 2995 2027 3050 auctoritas
2064 2994 2310 3064 ejusdem

287 3085 597 3158 religionis,
642 3105 669 3138 »
703 3102 798 3158 per
831 3101 970 3159 quas
996 3100 1185 3141 omnes
1211 3085 1262 3140 ei
1288 3084 1493 3140 subditi
1526 3099 1647 3140 esse
1678 3083 1896 3140 debent.
1927 3082 2026 3140 Vel
2054 3081 2312 3138 dicuntur

293 3174 636 3232 universales
660 3173 882 3246 regulae,
913 3174 1042 3248 quia
1065 3173 1199 3229 nibil
1224 3171 1303 3230 eis
1329 3173 1605 3239 falsitatiS,
1641 3179 1735 3230 aut
1762 3171 2073 3245 iniquitatis
2102 3171 2311 3228 admis-

291 3269 451 3319 cetur
488 3262 544 3317 in
585 3276 931 3334 quocumque
973 3260 1222 3328 articulo,
1265 3260 1380 3316 sive
1422 3260 1477 3315 in
1522 3265 1866 3333 quocumque
1910 3273 2061 3315 casu.
2101 3258 2311 3313 Deinde

289 3351 580 3422 subiungit
605 3350 771 3406 aliam
791 3365 1018 3406 causam
1037 3348 1223 3406 dicens
1247 3367 1260 3405 ε
1291 3369 1317 3402 α
1343 3349 1482 3404 Tum
1504 3354 1811 3421 propterea,
1837 3347 1966 3420 quia
1990 3349 2107 3419 ejus
2130 3347 2312 3402 cultus

281 3456 392 3514 -per
420 3453 614 3494 omnes
639 3437 754 3494 fere
783 3438 970 3494 mundi
999 3439 1262 3494 terminos
1302 3438 1577 3495 emanavit
1616 3456 1641 3490 n
1678 3437 1827 3510 quod
1852 3436 2073 3510 planum
2108 3442 2191 3492 est
2218 3451 2311 3490 se·-

277 3528 538 3586 ·cundum
555 3526 687 3583 illud
711 3526 1053 3584 Psal.xv111:
1075 3526 1141 3583 In
1160 3543 1365 3582 omnem
1383 3534 1588 3584 terram
1612 3526 1777 3582 exivit
1802 3541 1959 3582 sonus
1977 3541 2180 3590 eorum,
2198 3532 2308 3579 etc.

299 3639 326 3671 α
358 3617 529 3688 Cujus
555 3613 647 3672 hic
676 3616 744 3671 de
771 3613 1060 3672 Trinitate.
1097 3635 1122 3668 n
1161 3617 1264 3672 Hic
1302 3616 1522 3689 ponitur
1547 3623 1853 3688 praenolare
1880 3615 2003 3671 fidei
2038 3613 2311 3686 sententia

299 3709 368 3764 de
408 3705 691 3780 proposita
720 3706 1042 3778 quaestione.
1075 3705 1142 3762 Et
1169 3706 1316 3761 circa
1353 3705 1455 3761 hoc
1492 3705 1595 3761 tria
1640 3705 1788 3761 facit.
1818 3704 2015 3768 Primo,
2054 3700 2307 3773 proponit

296 3795 588 3854 catholicae
614 3794 741 3851 fidei
765 3795 1099 3852 sententiam
1126 3795 1194 3852 de
1224 3795 1433 3851 unitate
1462 3793 1765 3850 Trinitatis.
1793 3789 2041 3849 Secundo
2066 3788 2310 3860 ejusdem

301 3884 594 3948 sententiae
619 3883 910 3954 rationem,
941 3883 1017 3942 ibi
1045 3902 1058 3941 ε
1095 3904 1120 3940 α
1153 3885 1320 3961 Cujus
1351 3883 1771 3958 conjunctionis,
1813 3898 1839 3932 n
1874 3875 2059 3940 Tertio
2087 3877 2311 3938 offendit
