2800 4492
536 387 656 448 336
971 447 976 462 ‚
1014 403 1065 449 s.
1110 400 1342 446 1·quAE
1384 376 1713 450 acuimus
1754 368 2065 446 opuscumi

1249 652 1647 762 QUAEsrlo
1686 652 1838 760 ΧΠ.
1932 611 1935 618 ’

609 815 816 872 Deinde
849 815 996 872 circa
1038 814 1292 870 doctores
1333 812 1566 886 quaesita
1596 818 1722 867 sunt
1752 811 1893 880 duo;
1921 813 1981 866 4ο
2016 812 2062 868 si
2102 813 2295 870 doctor
2330 831 2541 889 semper

540 904 860 978 praedicavit
884 909 979 962 aut
1002 901 1188 960 docuit
1213 900 1584 974 principaliter
1608 911 1828 974 propter
1850 901 2065 958 inanem
2086 902 2333 974 gloriam,
2364 913 2541 960 utrum

536 994 700 1050 habet
748 992 1042 1058 aureolam,
1075 991 1123 1046 si
1168 991 1221 1046 in
1254 998 1429 1045 morte
1467 991 1765 1061 poeniteat;
1797 994 1857 1048 2⁰
1901 999 2083 1048 ulrum
2112 991 2156 1047 si
2199 1009 2268 1048 ex
2298 993 2543 1051 doctrina

538 1082 769 1154 alicujus
792 1067 1031 1138 doctoris
1051 1079 1223 1152 aliqui
1249 1077 1573 1134 revocentur
1598 1094 1629 1134 a
1655 1078 1864 1135 meliori
1893 1079 2052 1149 bono,
2086 1087 2269 1142 utrum
2299 1081 2387 1139 ille
2410 1083 2545 1140 doc-

539 1164 627 1252 t'or
654 1180 902 1228 teneatur
931 1169 1080 1226 illam
1108 1168 1414 1224 doctrinam
1451 1182 1731 1225 revocare.
1806 1236 1811 1242 .
2448 1155 2459 1159 “

1173 1342 1631 1435 mucuns
1673 1373 1903 1435 XXIV.

473 1595 482 1602 ,
553 1529 770 1596 Utrum
793 1529 900 1591 illo
943 1528 1052 1608 qui
1095 1541 1318 1609 semper
1351 1529 1617 1606 propter
1644 1526 1881 1586 inanem
1903 1525 2185 1606 yloriam
2211 1527 2415 1592 docuit
2433 1546 2547 1608 per

617 1618 1035 1702 paenitentiam
1055 1615 1396 1680 auo-eoleam
1428 1603 1745 1692 oUecoecpeoe't'.
1779 1648 1859 1659 —
1892 1615 1980 1704 (4,
2013 1616 2157 1678 dist.
2190 1617 2292 1704 33,
2333 1624 2543 1700 quaest.

625 1709 687 1782 3,
721 1711 842 1769 art.
875 1707 936 1780 3,
949 1703 1048 1765 ad
1076 1704 1146 1778 3·
1173 1707 1230 1766 et
1259 1703 1404 1764 disc.
1430 1705 1538 1776 44,
1570 1705 1779 1782 quaest.
1813 1702 1947 1781 5).-

613 1858 696 1916 Ad
728 1856 960 1930 primum
1003 1854 1083 1909 sic
1118 1811 1536 1926 procedebatur.
1569 1855 1621 1908 4.
1664 1824 1892 1908 Videtur
1921 1854 2066 1926 quod
2096 1854 2187 1913 ille
2198 1855 2319 1930 qui
2336 1871 2551 1929 semper

517 1954 762 2022 propter
803 1945 1020 2000 inanem
1049 1941 1277 2018 gloriam
1304 1940 1523 2017 docuit,
1553 1957 1648 2013 per
1678 1939 2056 2012 poenitentiam
2086 1943 2361 1998 aureolam
2390 1960 2553 2000 recu-

545 2042 716 2110 peret
750 2017 982 2088 Aureola
1012 2031 1155 2092 enim
1181 2027 1446 2085 doctrinae
1471 2028 1699 2086 debetur
1724 2029 1943 2096 fructui,
1974 2031 2192 2112 scilicet
2208 2022 2580 2088 conversioni'

544 2123 806 2188 fidelium,
833 2103 1132 2202 secundum
1157 2102 1290 2174 iliud
1319 2117 1386 2177 ad
1416 2117 1551 2174 Phil.
1584 2134 1660 2185 ιν,
1688 2120 1762 2173 4;
1793 2118 2057 2174 Gaudium
2082 2136 2251 2174 meum
2274 2127 2326 2177 et
2357 2137 2556 2176 corona

485 2217 492 2224 '
543 2225 678 2268 tneo.
710 2210 812 2267 Sed
844 2208 1020 2282 potuit
1041 2193 1357 2278 contingere
1379 2207 1525 2280 quod
1556 2223 1621 2262 ex
1652 2187 2041 2279 piaedicatione
2066 2209 2183 2281 ejus
2208 2209 2301 2281 qui
2330 2216 2556 2282 propter

541 2301 758 2380 inanem
787 2299 1014 2370 gloriam
1043 2295 1416 2374 prIncipaliter
1444 2295 1785 2369 praedicavit,
1817 2303 2038 2351 secutus
2066 2305 2149 2354 est
2178 2297 2389 2354 tructus
2415 2314 2556 2394 cou-

545 2387 810 2460 versionis
840 2386 1101 2446 fidelium.
1117 2385 1269 2457 Ergo
1299 2385 1343 2441 si
1379 2385 1577 2457 poenite
1584 2391 1659 2450 at,
1688 2384 1916 2439 debetur
1947 2383 1996 2439 ei
2026 2385 2270 2443 aureola.
2573 2380 2577 2384 ’

614 2479 988 2545 2-P1aeterea‚
1022 2475 1164 2532 sicut
1192 2473 1495 2546 virginitati
1532 2472 1760 2532 debetur
1790 2473 2029 2539 aureola,
2064 2473 2141 2530 ita
2180 2483 2245 2531 et
2265 2475 2553 2533 doctrinae.

543 2567 647 2623 Sed
687 2566 732 2628 si
766 2567 860 2622 illa
896 2580 1040 2638 quae,
1072 2580 1197 2622 cum
1227 2563 1379 2636 virgo
1410 2563 1483 2618 sit
1508 2571 1690 2628 carne,
1732 2570 1915 2618 mente
1957 2567 2137 2618 tamen
2164 2564 2259 2618 est'
2272 2559 2571 2638 corrupta,-¹

547 2657 920 2754 poenitentiam
945 2655 1074 2724 agit,
1109 2658 1395 2724 recuperat
1420 2643 1714 2706 aureolam.
1738 2651 1877 2721 Ergo
1903 2651 2017 2723 pari
2047 2651 2257 2708 ratione
2282 2661 2337 2708 et
2363 2654 2553 2712 doctor

546 2744 638 2816 qui
669 2750 890 2814 propter
919 2733 1134 2818 inanem
1160 2739 1390 2811 gloriam
1416 2739 1754 2810 praedicavit.
1920 2745 1925 2749 “

612 2829 717 2886 Sed
748 2835 938 2884 contra
967 2835 1050 2884 est
1090 2828 1234 2900 quod
1273 2841 1439 2900 opera
1471 2835 1681 2883 mortua
1711 2842 1806 2899 per
1836 2826 2214 2900 poenitentiam
2253 2846 2362 2886 non
2404 2832 2559 2887 revi-

547 2918 782 2986 viscunt.
813 2916 919 2974 Sed
949 2932 1113 2989 opera
1144 2915 1301 2973 istius
1322 2915 1579 2970 'doctoris
1594 2921 1826 2988 ’propter
1850 2917 2064 2972 inanem
2089 2917 2320 2988 gloriam
2350 2905 2579 2993 pandi-¹

471 3059 478 3066 ,
546 3005 724 3068 nantis
746 3006 963 3061 fuerant
1003 3011 1235 3070 mortua,
1278 3001 1333 3059 id
1361 3009 1447 3059 est
1475 3018 1598 3060 cum
1628 3011 1853 3077 peccato
1883 3004 2047 3061 facta.
2076 3005 2219 3080 Ergo
2256 3024 2361 3064 non
2405 3010 2559 3065 revi-

547 3093 765 3153 viscunt
792 3109 887 3167 per
911 3087 1293 3166 poenitentiam
1324 3094 1392 3150 ad
1422 3093 1707 3167 praemium
1735 3091 2198 3167 consequendum.
2562 3087 2573 3098 '

619 3182 939 3257 Respondeo
983 3179 1290 3249 dicendum,
1344 3181 1491 3255 quod
1529 3197 1654 3238 cum
1700 3187 1921 3237 aureola
1962 3180 2220 3255 importet
2262 3186 2560 3258 quamdam

549 3271 881 3343 singularem
919 3265 1296 3327 excellentiam
1340 3269 1569 3344 praemH.
1603 3285 1825 3326 necesse
1857 3278 1940 3327 est
1981 3271 2127 3353 quoti
2167 3265 2561 3346 ‘praesupponat

545 3374 794 3434 auream,
822 3359 964 3413 sicut
989 3366 1338 3430 comparatus
1363 3359 1736 3432 praesupponit
1772 3359 2102 3431 positivum;
2135 3367 2191 3416 et
2218 3359 2319 3418 hoc
2350 3355 2583 3434 ligura--⁸

554 3455 640 3502 tur
665 3447 835 3502 Exod.
865 3461 1004 3512 xxv,
1033 3448 1120 3513 25,
1151 3445 1240 3500 ubi
1268 3443 1471 3502 dicitur
1508 3461 1525 3502 t
1564 3446 1816 3503 Faciesn.
1846 3463 2007 3518 super
2039 3443 2559 3519 coronam'auream‚

553 3535 778 3593 alteram
805 3535 1074 3590 aureolam
1089 3549 1110 3602 ,·
1152 3543 1206 3590 et
1236 3535 1358 3590 ideo
1389 3534 1481 3609 qui
1525 3551 1629 3591 non
1660 3544 1899 3592 meretur
1935 3538 2174 3606 auream,
2206 3539 2263 3596 id
2292 3549 2375 3596 est
2409 3557 2560 3614 prae-

552 3625 719 3681 mium
760 3623 1068 3690 essentiale,
1098 3637 1204 3677 non
1243 3631 1481 3677 meretur
1510 3622 1806 3680 aureolam.
1836 3626 1940 3695 Qui
1970 3623 2153 3682 autem
2184 3637 2403 3701 propter
2433 3630 2562 3687 ina-

474 3703 480 3708 ’
553 3731 675 3770 nem
712 3713 941 3785 gloriam
973 3717 1286 3786 operantur,
1329 3726 1436 3766 non
1463 3720 1739 3768 merentur
1770 3716 2051 3786 praemium
2085 3709 2395 3789 essentiale,
2428 3721 2565 3792 quia

552 3807 874 3874 receperunt
915 3800 1219 3857 mercedem
1257 3816 1434 3868 suam,
1472 3805 1533 3854 ut
1560 3800 1760 3856 dicitur
1784 3804 1975 3860 Matth.
2003 3820 2080 3872 vn,
2112 3805 2254 3863 unde
2296 3823 2397 3863 nec
2438 3825 2567 3864 rne-⁴

554 3895 742 3944 rentur
766 3887 1060 3944 aureolam.
1091 3887 1415 3945 Poenitenlia
1445 3895 1629 3943 autem
1652 3890 1898 3946 restituit
1922 3887 2126 3960 homini
2152 3893 2595 3968 pr'aemiaprius„

556 3973 772 4044 habita3
806 3989 910 4030 non
932 3980 1115 4032 autem
1143 3974 1354 4031 confert
1381 3974 1434 4030 ei
1463 3989 1528 4032 ea
1555 3989 1679 4047 quae
1708 3991 1810 4032 non
1837 3975 2042 4046 habuit,
2078 3977 2181 4036 nisi
2206 3981 2261 4037 in
2291 3970 2597 4054 quantum*
