2800 4492
782 327 894 372 x11.
927 342 1006 355 —
1034 327 1466 381 euonmanruu
1507 330 1836 380 secuuntur
2197 326 2316 389 185
2378 333 2387 340 ’

284 444 489 515 juncta
510 442 725 515 corpori
756 444 966 517 patitur
991 459 1024 500 a
1050 444 1215 502 rebus
1237 448 1516 519 corporeis
1541 449 1826 508 sentiendo
1850 458 1906 509 et
1929 452 2313 529 intelligendo·

290 530 396 585 sed
426 546 495 585 an
523 534 780 601 separata
808 546 841 585 a
866 546 1092 603 corpore
1122 533 1293 604 possit
1316 532 1420 589 hoc
1444 536 1605 595 modo
1631 554 1662 593 a
1687 538 2150 615 rebuscorporeis
2175 548 2310 618 pati,

291 618 529 675 alterius
556 619 879 691 quaestionis
910 626 1014 687 est,
1048 626 1268 693 propter
1294 624 1564 695 quosdam
1587 628 1682 699 qui
1713 627 1920 697 dicunt,
1954 632 2100 704 quod
2129 623 2309 691 anima

291 714 554 781 separata
574 724 607 764 a
626 723 874 780 corpore,
903 714 960 763 et
985 710 1150 765 etiam
1175 711 1436 781 AngeluS,
1471 720 1650 783 potest
1673 717 1924 789 accipere
1940 722 2310 793 cognitionem

293 813 327 853 a
379 796 537 852 rebus
563 796 933 853 sensibilibus.
964 797 1069 853 Sed
1109 798 1157 853 si
1196 799 1363 856 etiam
1392 799 1510 857 haec
1547 803 1730 876 opinio
1767 816 1912 863 esset
1940 825 2088 876 vera,
2132 819 2312 868 tamen

294 887 415 959 pati
451 885 736 942 sentiendo
780 893 836 941 et
877 886 1231 959 intelligendo
1270 899 1353 946 est
1382 890 1590 961 perfici,
1638 909 1743 949 non
1773 897 1982 967 puniri;
2028 899 2130 955 nisi
2175 901 2313 957 sorte

294 990 399 1047 per
425 974 697 1039 accidenS,
741 973 796 1029 in
825 983 1090 1046 quantum
1121 975 1352 1049 idquod
1390 980 1618 1035 sentitur
1664 982 1750 1038 vel
1776 983 2117 1057 intelligitur,
2147 1006 2313 1062 repu-

294 1070 432 1134 gnat
478 1063 778 1132 voluntati3
822 1063 918 1118 sed
970 1064 1146 1135 ipsum
1190 1066 1396 1121 sentire
1437 1068 1524 1123 vel
1567 1067 1868 1143 intelligere
1908 1077 2209 1133 secundum
2253 1098 2313 1136 sc

296 1152 705 1209 consideratum
734 1150 947 1224 poenale
976 1167 1085 1207 non
1110 1160 1215 1209 est.
1246 1153 1367 1211 Alio
1398 1158 1560 1213 modo
1597 1159 1799 1215 dicitur
1828 1162 1940 1234 pati
1973 1166 2188 1237 proprie
2227 1168 2311 1225 lo-

295 1242 517 1313 quendo
553 1240 855 1297 secundum
891 1241 1340 1299 contrarietatem
1370 1247 1583 1315 agentis
1620 1248 1688 1303 ad
1721 1250 1967 1321 patiens;
2001 1263 2160 1325 prout
2195 1259 2309 1312 sci-

294 1331 427 1387 licet
448 1330 560 1401 pati
591 1329 843 1395 dicimur,
876 1345 1001 1385 cum
1030 1330 1239 1403 aliquid
1266 1333 1421 1389 nobis
1446 1334 1669 1391 advenit
1689 1338 1836 1409 quod
1865 1346 1949 1395 est
1977 1346 2312 1401 contrarium

292 1426 515 1475 naturae
542 1418 625 1473 vel
657 1418 924 1474 voluntati
954 1428 1189 1488 nostrae3
1222 1429 1276 1475 et
1305 1422 1606 1479 secundum
1633 1425 1737 1480 hoc
1767 1425 2056 1486 infirmitas
2092 1440 2149 1487 et
2179 1436 2311 1491 tris-

295 1508 424 1565 titia
464 1508 746 1580 passiones
788 1508 1063 1563 dicuntur.
1106 1509 1173 1563 Et
1212 1508 1330 1566 haec
1370 1510 1593 1583 quidem
1635 1515 1816 1585 passio
1863 1517 2153 1589 dupliciter
2190 1538 2310 1580 esse

293 1605 503 1669 potest.
546 1598 663 1653 Uno
692 1596 853 1652 modo
891 1613 987 1668 per
1014 1599 1383 1670 receptionem
1423 1600 1614 1659 formae
1650 1606 1960 1674 contrarias,
1993 1608 2138 1666 sicut
2165 1627 2310 1686 aqua

296 1685 507 1760 patitur
529 1685 599 1741 ab
622 1686 746 1756 igne
776 1686 831 1740 in
869 1693 1135 1757 quantum
1172 1686 1375 1755 calefit,
1407 1697 1465 1745 et
1497 1706 1594 1761 per
1623 1706 1962 1767 consequens
1989 1695 2309 1757 diminuitur

295 1775 539 1847 qualitas
561 1772 827 1841 naturalis
850 1776 969 1845 ejus
1000 1792 1013 1827 :
1042 1774 1145 1830 hoc
1174 1778 1334 1835 modo
1359 1786 1615 1850 separata
1643 1783 1825 1839 anima
1851 1800 1959 1841 non
1987 1797 2168 1860 potest
2192 1794 2308 1865 pati

294 1864 371 1921 ab
396 1864 522 1935 igne
545 1878 825 1935 corporeo,
856 1863 987 1933 quia
1022 1879 1123 1919 nec
1151 1864 1388 1921 calefieri
1428 1874 1609 1937 potest
1636 1886 1736 1926 nec
1765 1872 2050 1944 desiccari,
2089 1895 2190 1936 nec
2216 1898 2309 1937 sc—

294 1952 537 2011 cundum
574 1952 801 2007 formam
842 1957 937 2007 aut
966 1951 1287 2024 qualitatem
1319 1970 1724 2030 quamcumque
1754 1961 1896 2032 ignis
1922 1970 2170 2037 corporei
2201 1971 2309 2027 im·

296 2041 523 2099 mutari.
550 2039 670 2096 Alio
693 2040 855 2095 modo
879 2040 1081 2096 dicitur
1107 2042 1221 2113 pati
1252 2058 1409 2099 omne
1438 2043 1570 2101 illud
1601 2035 1745 2118 quod
1771 2066 2118 2127 quocumque
2147 2044 2307 2117 modo

295 2128 596 2202 impeditur
619 2145 649 2184 a
689 2144 789 2185 suo
818 2129 1035 2202 proprio
1066 2130 1269 2201 impetu
1298 2131 1382 2186 vel
1415 2132 1796 2205 inclinatione;
1829 2140 1970 2196 sicut
1999 2143 2046 2197 si
2076 2145 2309 2205 dicimus

294 2218 538 2290 lapidem
579 2217 998 2273 descendentem
1042 2220 1175 2289 pati,
1224 2234 1347 2275 cum
1382 2221 1676 2293 impeditur
1721 2242 1788 2281 ne
1817 2228 2070 2288 deorsum
2112 2252 2307 2307 perve-

296 2308 451 2374 niat3
496 2314 551 2361 et
596 2306 737 2361 sicut
764 2305 1000 2361 dicimus
1038 2305 1311 2364 hominem
1342 2312 1477 2379 pati,
1523 2326 1648 2367 cum
1675 2312 1950 2372 detinetur
1981 2320 2064 2375 vel
2109 2324 2308 2395 ligatur

296 2412 369 2451 ne
396 2394 561 2451 vadat
596 2410 705 2465 quo
747 2393 895 2462 vult3
936 2402 989 2449 et
1029 2394 1107 2453 ita
1137 2411 1231 2465 per
1262 2397 1484 2453 modum
1513 2397 1788 2469 ligationis
1811 2406 2096 2475 cujusdam
2125 2415 2306 2469 anima

297 2484 509 2557 patitur
538 2482 607 2538 ab
635 2484 759 2553 igne
800 2497 1079 2555 corporeo,
1115 2490 1175 2538 ut
1199 2486 1536 2557 Augustinus
1563 2487 1716 2558 dicit,
1750 2506 1856 2547 xxr
1885 2493 1951 2549 de
1989 2496 2150 2555 Civit.
2182 2503 2300 2559 Dei.

295 2575 421 2629 Non
451 2571 595 2627 enim
637 2572 739 2627 hoe
779 2579 862 2628 est
901 2582 1091 2645 contra
1118 2580 1375 2630 naturam
1402 2574 1628 2645 spiritus
1664 2582 1876 2652 corpori
1908 2583 2138 2657 alligari,
2177 2588 2304 2649 cum

297 2661 583 2719 videamus
628 2659 867 2717 animam
917 2661 1242 2718 naturaliter
1288 2662 1502 2734 alligari
1544 2668 1757 2739 corpori
1803 2671 1870 2726 ad
1919 2673 2302 2738 vivificandum

298 2752 500 2822 ipsum.
546 2751 833 2805 Daemones
870 2750 1037 2805 etiam
1068 2767 1161 2822 per
1190 2753 1618 2809 necromantiam
1665 2764 1936 2827 potestate
1964 2768 2303 2837 superiorum

299 2840 611 2897 daemonum
672 2838 967 2909 alligantur
1011 2839 1283 2912 aliquibus
1328 2841 1680 2914 imaginibuS‚
1729 2846 1812 2901 vel
1864 2850 2137 2923 aliquibus
2181 2858 2304 2917 aliis

300 2928 497 2995 rebus;
539 2927 681 2983 unde
712 2926 883 2982 multo
926 2927 1099 2999 magis
1128 2937 1353 2999 possunt
1382 2932 1608 3001 spiritus
1635 2934 1846 3007 alligari
1876 2941 2060 2999 divina
2104 2947 2306 3009 virtute

300 3017 415 3088 igni
443 3030 724 3087 corporeo,
759 3031 866 3071 non
892 3023 953 3072 ut
977 3015 1109 3071 dent
1135 3016 1327 3083 vitam,
1359 3018 1457 3075 sed
1497 3027 1557 3076 ut
1589 3023 1862 3095 accipiant
1889 3044 2123 3101 pennam,
2163 3037 2306 3092 sicut

301 3103 639 3175 Augustinus
667 3104 823 3159 dicit.
853 3103 955 3161 Sed
986 3106 1115 3177 quia
1152 3106 1298 3177 quod
1328 3114 1414 3162 est
1442 3108 1666 3165 minoris
1695 3113 1932 3182 virtutis
1977 3136 2082 3175 non
2127 3132 2306 3195 potest

302 3210 402 3250 sua
441 3192 647 3248 virtute
699 3192 869 3264 ligare
906 3192 963 3247 id
1006 3193 1151 3265 quod
1200 3201 1285 3249 est
1328 3197 1548 3267 majoris
1589 3198 1836 3271 virtutis;
1881 3204 2005 3262 inde
2049 3216 2304 3285 estquod

302 3280 511 3336 nullum
539 3296 737 3351 corpus
784 3285 963 3351 potest
1010 3280 1179 3351 ligare
1226 3283 1497 3354 spiritum,
1549 3287 1641 3356 qui
1684 3297 1767 3345 est
1815 3295 2037 3365 majoris
2067 3300 2303 3373 virtutiS,

303 3370 407 3426 nisi
448 3370 634 3441 aliqua
670 3368 938 3441 superiori
976 3370 1215 3439 virtute;
1247 3379 1302 3426 et
1340 3380 1562 3445 propter
1601 3376 1704 3433 hoc
1739 3380 1962 3453 dicitur,
1994 3392 2139 3459 quod
2168 3392 2308 3464 ignis

304 3472 597 3529 corporeus
624 3458 740 3528 agit
774 3457 833 3513 in
872 3458 1109 3513 animam
1136 3468 1448 3534 separatam
1487 3478 1594 3518 non
1619 3466 1822 3525 virtute
1850 3477 2088 3546 propria,
2122 3481 2216 3535 sed
2256 3483 2310 3538 in

305 3554 571 3619 quantum
596 3552 683 3602 est
708 3546 1127 3602 instrumentum
1154 3546 1354 3604 divinae
1376 3550 1610 3619 justitiae
1633 3556 1980 3617 vindicantis.

314 3676 321 3679 -
373 3634 458 3691 Ad
504 3635 743 3705 primum
786 3650 916 3706 ergo
954 3636 1263 3703 dicendum,
1310 3638 1456 3709 quod
1493 3639 1633 3711 ignis
1678 3649 1852 3718 tangit
1897 3651 2153 3721 animam,
2205 3673 2310 3715 non

307 3722 527 3796 quidem
566 3728 719 3778 tactu
762 3722 1165 3789 mathematice,
1223 3724 1319 3795 qui
1359 3729 1664 3786 attenditur
1708 3738 2006 3806 secundum
2050 3742 2312 3803 terminos

307 3811 727 3883 quantitation
752 3810 849 3867 sed
872 3812 1043 3883 magis
1068 3818 1324 3868 contactu
1351 3816 1588 3884 virtutis,
1615 3835 1718 3875 non
1741 3826 1996 3897 propriae,
2026 3828 2121 3887 sed
2147 3850 2311 3906 quam

308 3898 469 3957 habet
494 3900 553 3957 in
576 3904 844 3973 quantum
871 3907 956 3957 est
984 3900 1410 3959 instrumentum
1441 3904 1642 3963 divinae
1659 3910 1913 3979 Justitiae.

702 4132 709 4139 ι
740 4127 821 4139 ῆ-ΒΨ·
