2800 4492
497 281 616 345 284
973 298 1025 348 s.
1070 299 1301 346 meum.
1345 283 1670 354 sommus
1710 301 2020 348 orusoum
2118 283 2125 291 '

499 417 717 474 videtur
743 431 863 474 esse
902 415 1071 475 nimia
1111 414 1428 476 festinantia
1464 417 1612 491 quod
1654 415 1853 492 aliquis
1882 418 1952 476 ad
1980 415 2208 477 consilia
2248 417 2514 477 convolet

501 507 740 563 nondum
779 505 833 562 in
871 507 1162 580 praeceptis
1203 508 1557 564 exercitatus.
1602 507 1744 580 Ergo
1788 507 2008 566 videtur
2043 508 2188 583 quod
2234 506 2514 566 bonorum

500 595 864 667 spiritualium
887 596 1196 654 substantia
1222 596 1292 652 de
1318 595 1464 653 facili
1489 597 1801 667 minuatur;
1832 613 1961 671 ergo
1989 612 2097 655 non
2120 602 2247 655 sunt
2271 599 2339 657 ad
2374 598 2513 656 reli-

405 715 426 730 ·
501 684 716 756 gionem
753 682 1065 741 inducendi.

573 775 659 833 40.
695 773 983 841 Praeterea,
1013 788 1120 830 non
1150 772 1327 832 minor
1353 789 1486 832 cura
1513 783 1598 832 est
1641 773 1949 832 adhibenda
1988 778 2045 831 in
2084 775 2331 848 ingressu
2371 775 2511 833 reli-

411 909 420 919 ,
503 859 680 933 gionis
704 878 868 934 quam
899 861 951 918 in
978 863 1324 936 susceptione
1351 863 1579 920 ordinis.
1601 863 1706 920 Sed
1751 864 1807 919 in
1844 863 2125 920 ordinibus
2152 864 2510 937 prohibentur

506 952 574 1008 ad
602 953 836 1023 majores
865 952 1126 1010 accedere
1149 953 1242 1025 qui
1267 953 1507 1008 minores
1535 968 1641 1009 non
1667 962 2011 1024 acceperunt.
2044 954 2182 1026 Ergo
2207 956 2376 1012 etiam
2406 969 2511 1012 nec

505 1039 668 1096 debet
694 1039 892 1113 aliquis
919 1039 990 1098 ad
1007 1040 1413 1097 observantiam
1442 1040 1788 1097 consiliorum
1818 1041 2095 1112 religionis
2120 1043 2375 1108 transire,
2402 1043 2507 1098 nisi

504 1129 656 1201 prius
679 1129 970 1203 praeceptis
999 1127 1321 1185 observatis.
1891 1167 1897 1173 -

574 1218 663 1273 44.
697 1218 983 1286 Praeterea,
1017 1218 1124 1274 duo
1173 1227 1300 1275 sunt
1339 1217 1544 1274 homini
1573 1218 1881 1276 necessaria
1914 1235 1927 1272 τ
1958 1219 2169 1276 scilicet
2201 1219 2508 1293 intelligere

505 1319 715 1373 verum,
745 1313 798 1361 et
828 1307 1040 1378 operari
1067 1301 1304 1362 bonum.
1340 1305 1446 1362 Sed
1477 1305 1827 1378 intelligendo
1871 1323 2059 1363 verum
2100 1308 2301 1364 stultus
2340 1325 2507 1381 repu-

508 1400 718 1451 taretur
749 1395 842 1467 qui
869 1395 1018 1468 prius
1048 1392 1120 1451 ad
1146 1394 1453 1451 difficiliora
1476 1411 1534 1450 se
1561 1393 1879 1451 transferret
1909 1411 2075 1469 quam
2106 1395 2310 1453 leviora
2339 1398 2507 1454 intel-

509 1480 720 1554 ligeret.
748 1484 889 1555 Ergo
934 1483 1161 1540 stultum
1203 1489 1288 1538 est
1315 1484 1371 1538 in
1401 1481 1733 1555 operatione,
1757 1483 1903 1550 boni,
1936 1485 2080 1556 quod
2129 1485 2329 1557 aliquis
2358 1485 2510 1559 prius

370 1574 383 1587 ·
413 1627 423 1638 ‚
509 1576 784 1628 transceat
809 1571 878 1627 ad
903 1570 1127 1629 consilia
1156 1587 1318 1644 quam
1344 1573 1399 1626 in
1424 1572 1713 1644 praeceptis
1734 1574 2083 1628 exercitetur.

581 1661 668 1717 42.
719 1661 1009 1726 Praeterea,
1039 1661 1262 1716 cuilibet
1306 1660 1359 1716 in
1404 1661 1663 1731 religione
1714 1661 1967 1716 existenti
2016 1662 2271 1717 convenit
2318 1679 2511 1719 curam

513 1765 672 1819 agere
697 1749 946 1816 aliorum,
977 1747 1064 1806 vel
1103 1749 1295 1805 saltem
1321 1749 1402 1804 sui
1430 1749 1619 1822 ipsius·
1647 1748 1751 1806 Sed
1781 1751 1838 1804 in
1877 1748 1963 1804 his
2000 1749 2093 1822 qui
2137 1751 2409 1822 eliguntur
2438 1753 2509 1808 ad

513 1836 752 1908 aliquam
792 1852 980 1892 curam
1017 1835 1463 1905 ecclesiasticam,
1513 1845 1727 1910 oportet
1767 1838 1967 1910 eligere
2013 1838 2310 1894 meliorem.
2366 1841 2513 1912 Ergo

513 1931 728 1996 oportet
768 1940 861 1980 eos
907 1925 1001 2024 qui
1043 1925 1111 1981 ad
1138 1922 1455 1996 religionem
1492 1934 1864 1997 assumuntur,
1891 1928 2090 1998 eligere
2138 1928 2408 1984 melioreS.
2444 1930 2512 1984 Hi

513 2020 698 2069 autem
721 2021 847 2068 sunt
871 2013 964 2084 qui
1005 2019 1133 2068 sunt
1175 2013 1467 2069 exercitati
1506 2015 1559 2072 in
1600 2015 1910 2088 praeceptis.
1944 2013 2087 2086 Ergo
2118 2015 2257 2071 tales
2280 2023 2409 2073 sunt
2440 2017 2513 2102 ad

513 2101 828 2172 religionem
861 2101 1170 2158 inducendi.

585 2191 672 2244 43.
715 2191 1004 2258 Praeterea,
1045 2190 1179 2246 illud
1221 2190 1366 2264 quod
1410 2198 1493 2247 est
1538 2191 1593 2247 in
1634 2209 1693 2248 se
1737 2189 1955 2260 bonum,
1984 2191 2029 2248 si
2072 2209 2140 2248 ex
2168 2209 2234 2249 eo
2262 2203 2513 2250 sumatur

512 2279 723 2350 peccati
767 2279 1001 2346 occasio,
1051 2285 1134 2336 est
1191 2269 1589 2351 abjiciendum3
1645 2283 1785 2337 sicut
1844 2297 2066 2354 serpens
2112 2297 2298 2338 aeneus
2348 2299 2513 2355 quem

512 2369 726 2442 Moyses
751 2367 953 2424 fecerat
981 2383 1046 2424 ex
1090 2368 1347 2425 mandato
1385 2369 1601 2424 Domini
1638 2369 1708 2425 ad
1734 2370 2037 2426 sanandum
2069 2369 2205 2427 filios
2228 2371 2415 2430 lsrael,
2450 2377 2512 2426 ut

512 2457 742 2514 habetur
787 2458 950 2513 Num.
993 2473 1116 2534 xxi,
1166 2456 1426 2530 Ezechias
1462 2457 1779 2524 combussit,
1812 2458 1942 2531 quia
1973 2473 2040 2514 ex
2082 2474 2146 2515 eo
2192 2459 2512 2515 sumebatur

514 2547 781 2603 idolatriae
810 2547 1023 2602 occasio
1053 2563 1066 2600 :
1097 2545 1347 2602 similiter
1377 2547 1543 2602 etiam
1568 2545 1822 2618 quamvis
1856 2537 2163 2603 benedictio
2203 2548 2275 2604 sit
2311 2553 2513 2604 secun-

513 2634 642 2689 dum
687 2651 746 2690 se
791 2634 952 2702 bona,
998 2642 1176 2690 tamen
1221 2635 1654 2706 reprehenditur,
1688 2636 1733 2690 si
1780 2635 1957 2692 minor
1993 2643 2262 2708 praesente
2304 2639 2513 2709 majore

513 2721 802 2778 benedicit.
827 2723 962 2778 Cum
986 2737 1114 2792 ergo
1140 2722 1306 2794 aliqui
1334 2720 1675 2779 inexercitati
1692 2713 1757 2779 'in
1782 2726 2071 2796 praeceptis
2098 2733 2317 2781 sumant
2346 2740 2513 2782 occa-

513 2809 720 2866 sionem
745 2812 950 2882 peccati
988 2827 1055 2866 ex
1092 2811 1337 2882 ingressu
1365 2810 1663 2882 religionis,
1688 2812 1757 2869 ab
1782 2829 1847 2870 ea
1889 2814 2239 2884 recedentes;
2260 2817 2512 2886 quamvis

517 2897 703 2970 religio
727 2899 800 2954 sit
819 2896 1114 2954 secundum
1137 2913 1198 2953 se
1218 2897 1376 2966 bona,
1410 2906 1589 2955 tamen
1610 2899 1825 2957 videtur
1851 2902 1994 2975 quod
2025 2903 2413 2958 inexercitatos
2442 2903 2512 2958 ad

517 2978 832 3059 religionem
853 2985 1109 3044 inducere
1131 2985 1204 3042 sit
1233 2988 1536 3044 vitandum.
1847 3063 1853 3068 .

585 3078 673 3132 44.
703 3079 988 3143 Praeterea‚
1019 3077 1316 3148 Gregorius
1349 3076 1501 3144 dicit,
1534 3085 1589 3134 et
1617 3077 1849 3134 habetur
1879 3079 1934 3135 in
1962 3079 2227 3148 DecretiS,
2261 3079 2510 3137 distinct.

515 3179 697 3222 xnvm
731 3182 744 3220 ε
777 3166 972 3222 Casum
999 3165 1206 3238 appetit
1233 3165 1324 3236 qui
1353 3165 1425 3221 ad
1450 3165 1645 3221 summi
1673 3166 1773 3223 loci
1799 3167 2023 3240 fastiyia
2042 3169 2349 3242 postpositis
2372 3186 2515 3241 qra-

513 3253 664 3310 dibus
685 3271 786 3326 per
808 3253 1046 3326 abrupta
1071 3255 1265 3326 quterit
1289 3250 1592 3310 ascensum,
1608 3255 1712 3310 Sed
1740 3257 2033 3327 procedere
2059 3257 2127 3314 ad
2155 3258 2379 3314 consilia
2400 3275 2513 3314 non

440 3404 445 3409 ,
513 3343 816 3399 observatis
843 3344 1130 3415 praeceptis
1165 3352 1248 3399 est
1291 3351 1615 3416 postponere
1657 3344 1907 3416 gradum.
1938 3345 2079 3417 Ergo
2120 3347 2337 3404 videtur
2364 3347 2515 3420 quod

513 3431 615 3488 hoc
650 3431 722 3487 sit
765 3445 952 3487 casum
991 3447 1268 3504 quaerere;
1295 3439 1350 3488 et
1384 3433 1459 3489 ita
1485 3433 1552 3488 ad
1584 3433 1685 3489 hoc
1713 3449 1819 3488 non
1848 3441 1971 3489 sunt
2000 3434 2169 3506 aliqui
2196 3435 2511 3491 inducendi.

584 3522 672 3575 45.
717 3521 1002 3586 Praeterea,
1035 3520 1407 3578 Damascenus
1447 3521 1580 3577 dicit
1627 3522 1681 3576 in
1712 3522 1757 3578 ll
1793 3520 1910 3589 lib„
1938 3523 2082 3594 quod
2132 3539 2238 3578 non
2269 3529 2343 3578 est
2379 3525 2515 3580 utile

513 3610 852 3682 &importum
882 3609 1185 3667 existentem
1216 3617 1266 3666 et
1303 3609 1654 3682 improbatum
1698 3609 2101 3683 incorruptione
2127 3609 2272 3683 frui,
2300 3619 2363 3670 ut
2407 3628 2519 3667 non

513 3699 576 3754 in
599 3696 897 3770 superbiam
924 3697 1146 3764 incidat,
1173 3705 1222 3754 et
1252 3698 1312 3753 in
1338 3698 1583 3770 laqueum
1612 3698 1827 3755 diaboli.
1854 3699 1994 3770 Ergo
2022 3699 2139 3772 pari
2166 3701 2379 3756 ratione
2406 3717 2515 3758 non

514 3793 600 3841 est
629 3787 758 3842 utile
788 3787 1121 3859 improbatos
1158 3792 1213 3842 et
1250 3786 1561 3860 inexpertos
1593 3787 1663 3844 in
1703 3789 1993 3861 praeceptis
2032 3788 2102 3847 ad
2144 3795 2517 3848 statumcon-

519 3875 892 3948 templationis
921 3875 1143 3944 assumi,
1171 3875 1241 3932 ad
1273 3890 1436 3948 quem
1466 3875 1655 3948 religio
1683 3878 1985 3933 ordinatur.
