2800 4492
541 363 664 438 210
735 385 738 388 ’
1019 388 1073 436 s.
1119 389 1352 436 monas
1391 387 1721 440 Aounwns
1761 358 2073 436 opuscuns

545 506 814 567 int-rantes
855 504 954 567 filii
990 505 1253 578 gehennae
1281 506 1574 580 dupliciter
1618 507 1839 582 :primo
1868 505 2111 580 quidem,
2144 502 2273 578 quia
2298 503 2577 562 malein-

547 601 715 664 trant,
739 595 948 656 scilicet
974 603 1164 654 contra
1183 597 1605 671 prohibitionem
1628 595 1887 652 Ecclesiae
1915 613 1928 650 ε
1952 595 2211 662 secundo,
2238 595 2371 668 quia
2392 593 2575 649 etiam

547 683 690 739 male
717 691 917 740 exeunt
946 685 1327 757 apostatandO.
1357 685 1500 758 Ergo
1524 685 1620 758 qui
1650 699 1745 742 eos
1772 684 2055 752 inducunt,
2084 693 2186 742 ‘vae'
2205 683 2410 742 divinae
2438 698 2577 739 ma-

547 771 856 832 ledictionis
885 773 1189 831 incurrunt.
1838 834 1843 840 .

617 861 673 920 7.
705 861 860 928 Item,
889 860 992 918 hoc
1017 863 1234 920 videtur
1261 877 1381 919 esse
1413 867 1605 920 contra
1645 862 2030 919 necessitatem
2057 859 2418 935 probationis·
2464 861 2574 916 Dr-

551 950 695 1026 citur
722 951 867 1010 enim
903 951 1105 1008 IJoan.
1149 968 1208 1009 ιν
1241 969 1255 1008 z
1281 951 1464 1011 Nolite
1509 951 1653 1008 omni
1684 950 1909 1025 spiritui
1949 951 2195 1018 credere3
2224 951 2315 1022 sed
2335 949 2571 1024 probate

551 1037 797 1114 spiritus,
838 1038 889 1096 si
929 1057 964 1096 a
1005 1041 1114 1096 Deo
1141 1047 1286 1097 sunt.
1326 1043 1443 1110 Hoc
1480 1050 1665 1098 autem
1704 1057 1813 1096 non
1845 1039 2060 1097 videtur
2100 1055 2221 1097 esse
2262 1056 2295 1096 a
2333 1041 2469 1106 Deo,
2504 1047 2569 1094 ut

553 1119 694 1185 tales
715 1129 1030 1200 religionem
1059 1130 1454 1203 ingrediantur,
1483 1146 1607 1186 cum
1626 1130 1948 1203 ,frequenter
1974 1136 2170 1186 exeant
2196 1136 2319 1200 post
2348 1129 2571 1204 ingres-7

555 1233 712 1287 sum;
742 1218 943 1275 dicitur
967 1220 1112 1278 enim
1140 1223 1348 1287 Act-v,
1369 1222 1470 1276 38:
1502 1219 1560 1275 Si
1588 1226 1662 1275 est
1676 1206 1751 1274 'etr
1771 1217 2068 1274 hominibus
2092 1205 2369 1292 consilium
2396 1217 2493 1272 hoe
2516 1224 2571 1274 et

555 1322 704 1382 opus,
749 1306 1100 1378 dissolvetur3
1127 1306 1175 1365 si
1209 1324 1334 1365 vero
1361 1324 1427 1364 em
1455 1309 1569 1382 Deo
1588 1297 1666 1365 est
1700 1307 2007 1372 consilium,
2039 1323 2147 1363 non
2168 1305 2425 1379 poteritis
2449 1305 2569 1361 dis-

555 1395 772 1455 solvere.
795 1395 936 1469 Ergo
954 1397 1170 1458 videtur
1189 1399 1333 1472 quod
1359 1404 1603 1454 econtra
1623 1391 1795 1452 Deu'm
1820 1394 2025 1452 faciant
2048 1395 2140 1468 qui
2162 1411 2255 1450 eos
2274 1395 2568 1451 inducunt.

558 1501 566 1522 ι
625 1486 734 1546 Sed
754 1493 962 1555 contra,
995 1489 1327 1564 quicumque
1355 1493 1537 1562 potest
1565 1501 1623 1543 se
1653 1486 1895 1558 obligare
1918 1485 2151 1551 diabolo,
2187 1491 2367 1559 potest
2395 1487 2573 1542 etiam

557 1589 622 1633 se
640 1574 885 1648 obligare
917 1578 1050 1636 Deo.
1077 1577 1182 1634 Sed
1213 1577 1367 1650 pueri
1400 1581 1629 1653 possunt
1665 1591 1723 1631 se
1752 1574 1993 1647 obligare
2016 1571 2235 1630 diabolo
2264 1575 2567 1646 peccand0‚

561 1673 623 1724 ut
645 1665 849 1722 dicitur
874 1666 1062 1725 Extra.
1099 1665 1177 1720 De
1204 1664 1425 1722 Delictis
1445 1675 1758 1738 puerorum,
1784 1664 1955 1736 capit.
1986 1663 2153 1719 Puer
2134 1679 2198 1718 ts.
2228 1662 2372 1733 Ergo
2396 1662 2570 1718 etiam

559 1761 789 1826 possunt
833 1768 893 1809 se
928 1751 1171 1832 obligare
1207 1758 1334 1810 voto
1385 1753 1472 1809 vel
1508 1755 1819 1826 juramento
1860 1751 1933 1810 ad
1966 1751 2315 1812 serviendum
2352 1751 2469 1807 Deo
2511 1752 2570 1808 in

561 1840 845 1912 religione.
1369 1858 1372 1863 ·

563 1949 572 1965 ·
633 1931 904 1988 Praeterea
949 1945 1050 1998 xx,
1095 1935 1290 2004 quaest.
1337 1945 1378 1998 1,
1427 1929 1649 1998 dicitur,
1700 1929 1847 2003 quod
1887 1929 1959 2001 βο
1960 1946 2049 1986 ma
2076 1929 2184 1986 erit
2227 1929 2572 2002 virginitatis

560 2019 840 2095 professio,
866 2035 934 2074 em
959 2035 1058 2092 quo
1085 2019 1272 2077 adulta
1290 2018 1409 2094 jam
1448 2025 1577 2076 oetas
1613 2035 1717 2076 esse
1742 2019 2019 2094 inceperit,
2050 2026 2099 2074 et
2134 2035 2249 2092 quce
2284 2018 2412 2076 solet
2440 2025 2575 2090 apta

563 2108 772 2180 vtuptiis
797 2107 1065 2180 deputari.
1096 2108 1238 2180 Ergo
1265 2113 1493 2182 possunt
1519 2108 1687 2165 etiam
1725 2107 1780 2165 in
1809 2107 1906 2164 tali
1938 2113 2105 2166 aetate
2133 2106 2304 2182 aliqui
2335 2107 2571 2180 obligari

568 2196 637 2257 ad
663 2195 978 2268 religionem
1005 2203 1133 2254 voto
1156 2197 1245 2254 vel
1269 2199 1604 2272 juramento.

633 2286 954 2359 Respondeo
973 2287 1283 2354 dicendum,
1308 2287 1453 2360 quod
1473 2287 1692 2342 humani
1720 2294 1875 2343 actus
1902 2294 2121 2361 propter
2140 2286 2385 2344 diversos
2408 2301 2575 2344 casus

563 2373 833 2434 uniforme
867 2375 1136 2447 judicium
1177 2375 1378 2434 habere
1409 2387 1513 2432 non
1545 2383 1771 2446 possunt
1802 2388 1815 2430 t
1848 2381 2183 2445 nec'tamen,
2224 2376 2573 2449 sicontingit

566 2464 773 2538 aliquid
814 2465 871 2520 in
899 2464 1082 2541 aliquo
1127 2480 1258 2522 casu
1300 2480 1419 2520 esse
1462 2464 1683 2532 malum,
1730 2471 1953 2536 propter
1980 2464 2461 2533 hocjudicandum·
2488 2474 2573 2522 est

565 2569 687 2610 esse
714 2554 1034 2626 simpliciter
1059 2553 1329 2611 illicitum.
1369 2555 1559 2611 Posset
1592 2569 1721 2626 ergo
1759 2554 2072 2625 contingere
2098 2553 2297 2626 aliquis
2324 2567 2487 2610 casus
2518 2556 2571 2610 in

567 2657 675 2718 quo
703 2642 942 2714 aliquem
966 2641 1368 2698 adolescentem
1395 2643 1463 2698 ad
1492 2641 1806 2714 religione-m
1835 2642 2094 2714 obligare,
2122 2642 2206 2698 vel
2231 2643 2401 2700 etiam
2426 2645 2575 2700 reci-

565 2746 715 2803 pere,
744 2729 995 2785 illicitum
1027 2737 1203 2800 esset3
1235 2736 1367 2802 puta
1390 2729 1438 2786 si
1462 2737 1739 2786 constaret
1766 2729 1849 2786 vel
1877 2729 2231 2804 probabiliter
2253 2734 2572 2789 crederetur

565 2817 634 2876 de
658 2819 776 2889 ejus
805 2818 1187 2886 inconstantia,
1218 2818 1305 2874 vel
1333 2818 1379 2874 ei
1411 2818 1543 2891 quid
1573 2819 1721 2875 aliud
1750 2825 1894 2876 esset
1920 2819 2251 2892 hujusmodi,
2286 2837 2411 2896 quae
2438 2822 2574 2877 dili-

565 2914 762 2978 genter
780 2907 1193 2974 considerantur
1214 2906 1268 2963 in
1293 2906 1643 2979 religionibus
1668 2907 1806 2964 bene
1832 2909 2115 2965 institutis,
2145 2909 2336 2966 Dicere
2362 2918 2569 2978 autem,

483 3011 486 3014 ’
563 2997 717 3070 ¹quod
743 2994 946 3053 m'alum
974 3003 1058 3054 est
1097 2994 1747 3070 recipcre'adolescentes
1787 2997 1856 3052 ad
1886 2996 2224 3068 religionem,
2263 3004 2348 3054 est
2372 2999 2575 3055 diabo-

565 3081 737 3144 licum
772 3102 788 3142 z
824 3085 1143 3159 quia‘super
1170 3083 1300 3141 illud
1331 3084 1503 3141 Exod.
1540 3101 1610 3141 v:
1644 3087 1821 3150 Quare
1844 3084 2047 3156 Moyses
2073 3092 2121 3141 et
2149 3089 2341 3142 Aaron
2366 3085 2575 3142 sollici-

563 3175 702 3230 ·tatis
721 3175 969 3246 poputum
991 3174 1054 3230 ab
1069 3173 1314 3246 operibus
1332 3173 1485 3230 suis?
1501 3173 1636 3231 dicit
1654 3173 1849 3230 Glossa
1871 3171 2153 3243 Origenis:
2180 3173 2350 3228 Hodie
2370 3189 2574 3246 quoque

569 3261 615 3316 si
637 3261 837 3334 Moyses
859 3268 907 3316 et
931 3264 1142 3328 Aaron,
1162 3263 1220 3318 id
1239 3263 1661 3336 estpropheticus
1683 3269 1736 3319 et
1760 3259 2103 3318 sacerdotalis
2122 3274 2312 3326 sermo,
2334 3261 2575 3319 animam

568 3349 810 3408 sollicitet
833 3349 902 3404 ad
919 3351 1195 3406 servitium
1218 3351 1341 3418 Dei,
1361 3351 1508 3407 entire
1532 3351 1593 3406 de
1621 3346 1827 3416 soeculo,
1853 3350 2173 3407 renuntiare
2192 3364 2271 3405 om
2280 3349 2431 3406 nibus
2455 3367 2575 3422 quw

564 3435 814 3515 possidet,
851 3437 1122 3495 attendere
1149 3439 1249 3510 leqi
1273 3447 1321 3496 et
1350 3439 1505 3496 verbo
1542 3439 1643 3496 Dei
1654 3457 1673 3508 ‚·
1717 3439 1965 3496 continuo
1992 3438 2176 3495 audies
2214 3438 2493 3494 unanimes
2522 3447 2577 3498 et

561 3528 766 3587 amieos
791 3527 1095 3588 Pharaonis
1135 3527 1364 3585 dicentes
1403 3543 1425 3589 e
1460 3529 1642 3588 Videte
1670 3528 1918 3602 quomodo
1954 3528 2281 3586 seducuntur
2315 3529 2573 3596 homines,

569 3625 618 3674 et
656 3623 1049 3694 pervertuntur
1076 3609 1435 3673 adolescentes.
1464 3619 1532 3674 Et
1577 3631 1763 3690 postea
1810 3635 1822 3672 :
1872 3617 1998 3674 Haee
2040 3625 2198 3676 erant
2239 3623 2363 3674 tunc
2410 3618 2577 3674 verba

505 3714 509 3718 “
569 3708 706 3778 Pha.
707 3707 892 3784 nonis,
917 3713 970 3765 et
995 3720 1137 3763 nune
1165 3705 1327 3762 amici
1361 3707 1473 3778 effus
1496 3707 1804 3781 loquuntur.
1836 3707 1932 3764 Est
1956 3708 2124 3786 etiam
2151 3716 2341 3765 contra
2369 3706 2576 3764 Christi

559 3771 936 3877 ’ριῳοθριιίιιίς
966 3795 1163 3852 dicitur
1207 3793 1352 3850 enim
1392 3793 1632 3860 Matthaei
1666 3811 1785 3868 xlv,
1817 3777 1961 3869 quod
1993 3773 2156 3852 oblati
2194 3802 2318 3872 sunt
2360 3795 2409 3851 ei
2428 3811 2577 3868 par-

571 3882 707 3948 vuli,
749 3891 812 3970 aq
837 3899 1026 3978 piantes
1049 3883 1126 3940 eis
1169 3881 1464 3954 imponeret
1490 3888 1543 3940 et
1567 3889 1783 3958 orarem
1832 3883 2082 3956 discipuli
2120 3890 2295 3960 autem
2320 3883 2442 3938 incr
2444 3886 2579 3954 epa-

557 3969 704 4037 bant
743 3987 844 4044 eos,-
877 3965 1034 4058 {lesus
1055 3978 1233 4067 autem
1259 3970 1340 4064 ait
1362 3968 1498 4046 eie·
1522 3951 1693 4046 Sinite
1699 3956 1990 4090 parrulos
2019 3979 2071 4044 et
2103 3972 2266 4044 nolite
2294 3970 2579 4050 pronibere
