2800 4492
477 310 596 379 '104
926 316 1006 376 's.
1050 309 1282 374 metm
1323 307 1649 380 ›rourum-rs
1690 299 1999 373 ornacum

478 455 482 460 ’
547 445 632 501 Ad
673 443 926 519 quintum
961 442 1270 510 dicendum,
1315 441 1463 516 quod
1503 456 1601 498 ens
1640 445 1696 497 et
1732 438 2041 496 substantia
2066 436 2325 504 dicuntur
2364 420 2524 516 esse

477 539 734 607 separata
770 548 803 589 a
845 533 1074 589 materia
1103 533 1160 589 et
1205 537 1358 589 motu
1402 547 1510 588 non
1550 534 1775 602 propter
1816 527 1938 594 hoc,
1986 527 2134 604 quod
2160 528 2229 584 de
2271 527 2523 594 ratione

479 635 666 678 eorum
705 620 780 677 sit
805 635 926 678 esse
970 621 1088 678 sine
1129 621 1359 678 materia
1389 626 1447 676 et
1490 625 1660 686 motu,
1691 616 1835 690 sicut
1877 617 1946 674 de
1974 617 2186 674 ratione
2213 617 2355 674 asini
2409 621 2522 674 est

479 711 596 776 sine
634 709 845 766 ratione
867 725 1006 776 esse,
1033 709 1130 766 sed
1163 713 1383 782 propter
1415 706 1520 764 hoc
1547 707 1676 780 quia
1712 705 1781 762 de
1810 705 2023 764 ratione
2047 719 2236 762 eorum
2264 721 2374 763 non
2406 711 2521 768 est

478 799 536 854 in
563 797 794 855 materia
839 803 892 854 et
931 804 1083 855 motu
1109 813 1249 864 esse,
1281 795 1537 870 quamvis
1571 793 1903 868 quandoque
1930 794 2043 852 sint
2073 795 2129 851 in
2167 794 2406 852 materia
2444 801 2521 852 et

479 895 650 954 motu,
679 885 822 944 sicut
843 885 1050 944 ‘animal
1077 883 1346 944 abstrahit
1372 899 1407 942 a
1436 882 1709 951 rationali,
1740 884 1993 957 quamvis
2030 872 2253 996 aliquod
2280 881 2515 940 animal

393 997 398 1002 ·
479 974 554 1030 sit
579 974 901 1034 rationales

549 1063 633 1120 Ad
660 1072 875 1121 sextum
904 1063 1214 1130 dicendum,
1245 1060 1392 1135 quod
1432 1043 1843 1134 metaphysicus
1866 1059 2377 1140 considerat-etiam
2418 1061 2509 1118 de

479 1151 708 1223 singulis
744 1152 960 1209 entibus
1002 1138 1110 1207 non
1141 1149 1442 1207 secundum
1471 1149 1722 1222 proprias
1758 1147 2017 1215 rationes,
2056 1163 2153 1220 per
2180 1161 2320 1221 quas
2356 1155 2507 1204 sunt

481 1239 610 1308 tale,
650 1240 736 1296 vel
784 1240 894 1297 tale
933 1255 1049 1306 ens,
1099 1237 1536 1296 sed-secundum
1578 1235 1726 1309 quod
1765 1236 2095 1310 participant
2141 1252 2507 1298 communem

481 1328 624 1385 entis
659 1327 947 1397 rationem,
993 1333 1053 1384 et
1097 1327 1178 1384 sic
1217 1327 1385 1384 etiam
1434 1324 1674 1399 pertinet
1717 1315 1793 1381 ad'
1830 1325 1948 1397 ejus
1992 1325 2503 1404 considerationem

483 1409 713 1474 materia
738 1423 794 1473 et
819 1406 1018 1472 motus.
2286 1475 2289 1478 ,

551 1505 636 1563 Ad
657 1505 950 1578 septimum
975 1503 1282 1569 dicendum,
1314 1501 1461 1576 quod
1488 1517 1650 1574 agere
1677 1509 1733 1558 et
1768 1500 1882 1575 pati
1912 1516 2018 1557 non
2045 1505 2302 1570 convenit
2339 1491 2502 1561 enti-ss

481 1586 584 1650 bus
623 1594 921 1652 secundum
950 1590 1096 1664 quod
1135 1600 1262 1649 sunt
1304 1591 1358 1646 in
1386 1590 1844 1658 consideratione,
1888 1588 1987 1646 sed
2014 1591 2313 1664 secundum
2339 1591 2497 1665 quod

481 1675 611 1738 sunt
645 1682 704 1738 in
743 1695 886 1737 esse.
928 1679 1344 1736 Mathematicus
1383 1685 1568 1734 autem
1614 1677 1926 1735 considerat
1967 1694 2053 1735 res
2082 1679 2393 1738 abstractas
2432 1681 2493 1736 in

482 1768 916 1825 consideratione
947 1773 1181 1832 tantum,
1212 1773 1268 1823 et
1295 1765 1421 1822 ideo
1463 1764 1573 1822 illae
1603 1781 1692 1823 res
1720 1774 1880 1839 prout
1906 1766 2113 1824 cadunt
2148 1769 2203 1823 in
2231 1769 2492 1828 conside-

484 1855 696 1912 ratione
729 1853 1100 1912 mathematici
1138 1869 1246 1911 non
1290 1861 1515 1926 possunt
1552 1869 1672 1912 esse
1696 1855 2021 1928 principium
2049 1863 2103 1913 et
2132 1857 2255 1914 finis
2282 1867 2492 1926 motus,

483 1950 541 2000 et
575 1943 699 2000 ideo
733 1932 1153 1998 mathematicus
1182 1958 1290 1999 non
1323 1943 1666 2000 demonstrat
1694 1959 1789 2016 per
1816 1959 2040 2001 causam
2076 1944 2405 2002 efficientem
2434 1955 2494 2004 et

485 2032 723 2090 finalem.
750 2031 861 2088 Re's
885 2035 1068 2086 autem
1104 2045 1243 2103 quas
1277 2031 1593 2088 considerat
1620 2023 1857 2100 divinus,
1888 2039 2020 2089 sunt
2044 2041 2315 2107 separatae
2337 2035 2493 2092 exis-

485 2127 663 2177 tentes
684 2137 742 2178 ιιι
765 2133 948 2176 rerum
973 2127 1191 2187 natura,
1237 2119 1374 2177 tales
1416 2127 1600 2178 autem
1640 2126 1869 2193 possunt
1909 2137 2031 2178 esse
2072 2123 2400 2196 principium
2434 2129 2493 2180 et

485 2209 610 2267 finis
637 2217 866 2266 motus.
899 2207 1044 2264 unde
1081 2207 1214 2264 nihil
1247 2208 1500 2281 prohibet
1540 2209 1675 2288 quin
1695 2209 1797 2280 per
1819 2225 2043 2268 causam
2079 2209 2406 2281 efficientem
2430 2219 2495 2269 et

484 2293 716 2354 finalem
727 2297 1086 2354 demonstret.
1167 2305 1174 2336 ³
1254 2309 1280 2336 2
2496 2295 2501 2302 ’

552 2387 636 2443 Ad
663 2393 921 2445 octavum
946 2386 1257 2462 dicendum,
1289 2383 1437 2460 quod
1474 2385 1621 2444 sicut
1651 2377 1785 2444 fides
1805 2403 1933 2460 quae
1960 2394 2045 2443 est
2071 2389 2231 2460 quasi
2266 2381 2493 2464 habitus

485 2468 994 2548 theologiae‚'habet
1021 2489 1118 2548 pro
1155 2475 1370 2558 objecto
1409 2473 1585 2547 ipsam
1612 2475 1901 2532 veritatem
1927 2476 2178 2546 primam,
2212 2483 2267 2532 et
2303 2483 2490 2534 tamen

484 2564 735 2634 quaedam
760 2564 868 2623 alia
897 2564 964 2619 ad
993 2570 1276 2620 creaturas
1299 2561 1625 2635 pertinentia
1655 2563 1709 2618 in
1746 2562 1992 2620 articulis
2034 2564 2160 2620 fidei
2198 2566 2492 2622 continen-

484 2657 592 2718 tur,
626 2652 679 2706 in
714 2658 987 2724 quantum
1014 2651 1283 2721 contingit
1323 2649 1510 2722 aliquo
1536 2651 1698 2706 modo
1740 2651 2033 2709 veritatem
2061 2645 2350 2726 primam:
2391 2669 2488 2728 per

484 2733 737 2794 eumdem
765 2737 985 2793 modum
1014 2737 1286 2809 theologia
1323 2743 1409 2792 est
1438 2738 1811 2811 principaliter
1838 2740 1907 2796 de
1933 2741 2048 2797 Deo
2085 2742 2229 2797 sicut
2256 2741 2324 2798 de
2350 2742 2489 2798 sub-

476 2826 669 2896 jecto:
696 2825 766 2880 de
790 2825 1060 2882 creaturis
1082 2831 1268 2881 autem
1287 2825 1459 2882 multa
1486 2827 1715 2883 assumit
1736 2835 1798 2884 ut
1816 2829 2043 2886 effectus
2064 2831 2201 2901 ejus,
2232 2829 2319 2886 vel
2344 2845 2488 2902 quo-

484 2913 782 2970 modolibet
807 2912 1066 2971 habentia
1093 2912 1471 2971 habitudinem
1496 2916 1566 2972 ad
1592 2915 1788 2989 ipsum.

1179 3037 1590 3166 ‘QUAESTIO
1665 3082 1779 3156 VI.
1814 3117 1821 3124 -

629 3248 708 3292 DE
747 3247 929 3291 noms
972 3246 1120 3296 Quos
1161 3246 1599 3291 SPEOULA'HVAE
1642 3247 1943 3292 scmu'mAE
1991 3251 2335 3298 A'rrmnmw.

557 3360 764 3416 Deinde
791 3355 1053 3434 quaerit'ur
1091 3358 1160 3416 de
1191 3356 1364 3417 modis
1396 3377 1534 3433 quos
1563 3361 1913 3434 speculativas
1940 3365 2187 3424 scientiae
2210 3363 2489 3476 attribuit.

485 3449 553 3508 Et
577 3449 723 3506 circa
749 3447 854 3504 hoc
880 3456 1202 3522 quaeruntur
1222 3455 1479 3522 quatuor.
1528 3473 1533 3480 ·
2498 3441 2505 3472 ²

557 3538 756 3596 Primo.
795 3537 990 3596 Utrum
1019 3527 1268 3611 oporteat
1296 3538 1502 3595 versari
1531 3541 1586 3594 in
1614 3538 1954 3597 naturalibus
1983 3542 2403 3615 rationabiliter,
2432 3549 2494 3604 et

487 3628 540 3683 in
565 3625 969 3684 mathematicis
995 3625 1488 3699 disciplinabiliter,
1515 3626 1647 3682 etin
1666 3626 1867 3685 divinis
1888 3629 2329 3704 intelligibiliter.
2410 3643 2415 3650 ·

555 3715 825 3773 Secundo.
856 3715 1092 3773 Utrum
1077 3730 1135 3771 m
1165 3715 1366 3772 divinis
1401 3715 1476 3772 sit
1502 3716 1720 3771 omnino
1763 3717 2082 3789 imaginatio
2108 3720 2492 3794 relinquenda.

556 3804 761 3862 Tertio.
805 3805 999 3863 Utrum
1027 3804 1338 3863 intellectus
1365 3810 1550 3862 noster
1585 3805 1757 3878 possit
1783 3807 1959 3879 ipsam
1988 3807 2233 3868 divinam
2260 3805 2511 3868 formam

487 3891 775 3966 inspicere.
1171 3915 1185 3928 -
1357 3929 1362 3932 -
1411 3921 1417 3925 ·
