2800 4492
713 363 806 416 11.
837 352 1013 416 -'-'-'1N
1051 357 1324 415 nemum
1363 368 1443 414 nn
1484 353 1812 421 mmmm
2193 351 2269 436 17

261 484 408 546 tione
433 486 688 546 facientis
723 473 1009 545 scamnum
1042 501 1209 560 quam
1245 485 1453 558 lignum
1487 485 1666 544 adhuc
1702 501 1810 543 non
1848 485 2093 544 dolatum
2123 505 2137 542 z
2167 489 2269 545 sed

260 595 349 634 res
364 577 646 635 sensibiles
667 577 912 649 indigent
933 575 1078 650 quod
1099 575 1489 632 abstrahantur
1513 591 1546 632 a
1570 573 1805 633 materia'
1820 592 1913 650 per
1928 575 2269 634 intellectum

262 672 512 738 agentem
535 672 834 738 antequam
863 662 1236 734 intelligantur
1261 661 1330 718 ab
1358 661 1639 718 intellectu
1680 662 1947 736 possibili.
1979 663 2122 720 Deus
2163 679 2269 720 au·

262 761 370 810 tem
397 771 496 825 per
515 755 758 828 seipsum
783 753 1019 809 maxime
1048 761 1132 808 est
1163 767 1193 807 a
1223 751 1453 808 materia
1481 757 1797 824 separatus3
1817 767 1947 824 ergo
1975 753 2091 826 ipse
2114 755 2269 826 prius

261 842 582 915 intelligitur
606 843 678 900 ab
706 841 988 899 intellectu
1017 839 1282 913 possibili,
1316 854 1483 914 quam
1504 855 1591 896 res
1616 840 1924 899 sensibiles.

331 932 568 1000 6.1tem,
597 931 922 990 naturaliter
967 930 1188 1002 cognita
1234 935 1289 984 et
1328 945 1453 1001 quae
1482 945 1588 985 non
1637 940 1863 1003 possunt
1900 929 2129 1004 intelligi
2160 946 2269 988 non

259 1035 400 1088 esse,
429 1031 557 1079 sunt
582 1021 696 1090 illa,
729 1037 856 1094 quae
879 1019 1054 1093 primo
1078 1024 1282 1078 nostrae
1311 1017 1609 1090 cognitioni
1640 1026 1934 1075 occurrunt
1961 1035 1975 1074 ε
2008 1021 2103 1077 sed
2134 1036 2270 1093 cog-

261 1111 398 1166 nitio
421 1110 691 1167 existendi
731 1110 906 1165 Deum
934 1107 1184 1164 omnibus
1221 1114 1306 1163 est
1335 1107 1662 1164 naturaliter
1686 1107 1911 1175 inserta,
1945 1117 2005 1165 ut
2040 1109 2264 1167 Damas.

261 1200 417 1255 dicit.
441 1201 556 1256 Nec
581 1199 766 1273 potest
793 1199 940 1254 Deus
967 1197 1195 1268 cogitari
1227 1211 1333 1252 non
1363 1211 1503 1264 esse,
1532 1203 1592 1252 ut
1617 1196 1904 1254 Anselmus
1936 1197 2104 1270 dicit;
2137 1213 2269 1272 ergo

261 1288 406 1344 Deus
430 1295 516 1344 est
544 1289 781 1360 primum
810 1286 952 1360 quod
981 1303 1013 1342 a
1041 1285 1197 1342 nobis
1219 1285 1591 1358 cognoscitur.

329 1374 436 1432 Sed
461 1382 672 1431 contra.
699 1373 1006 1431 Secundum
1033 1365 1435 1446 Philosophum,
1466 1371 1643 1429 omnis
1666 1379 1852 1430 nostra
1896 1373 2137 1448 cognitio
2172 1391 2267 1432 or·-

261 1471 377 1520 tum
401 1462 569 1520 habet
598 1479 631 1519 a
659 1477 820 1520 sensu
852 1479 866 1516 z
897 1461 991 1518 sed
1022 1461 1170 1518 Deus
1194 1466 1278 1539 est
1304 1461 1541 1516 maxime
1581 1468 1823 1517 remotus
1852 1477 1884 1517 a
1911 1476 2105 1533 sensu3
2137 1479 2268 1535 ergo

259 1553 378 1624 ipse
425 1566 530 1608 non
571 1561 656 1608 est
681 1549 854 1624 primo
883 1549 1134 1621 cognitus
1163 1565 1194 1606 a
1224 1548 1400 1614 nobie,
1428 1549 1524 1605 sed
1556 1547 1770 1616 ultimo.

327 1639 802 1708 ltem‚secu'ndum
827 1637 1228 1712 Philosophum
1247 1651 1312 1694 ea
1338 1652 1465 1711 qnae
1488 1645 1615 1694 sunt
1640 1639 1943 1709 posteriora
1966 1636 2265 1698 secundum

258 1738 552 1786 naturam:
583 1736 709 1785 sunt
748 1727 900 1801 prius
927 1733 1057 1783 nota
1095 1740 1204 1800 quo
1244 1725 1314 1783 ad
1348 1742 1465 1794 noe,
1499 1733 1553 1782 et
1583 1728 1763 1784 minus
1801 1735 1928 1786 nota
1966 1731 2267 1787 secundum

257 1825 512 1876 naturam
544 1835 558 1874 z
589 1825 717 1874 sunt
741 1815 915 1888 magis
942 1823 1072 1872 nota
1101 1829 1209 1888 quo
1229 1815 1298 1870 ati
1327 1829 1429 1870 nos
1456 1831 1469 1868 τ
1497 1815 1592 1871 sed
1624 1810 1893 1874 creaturae
1919 1826 2047 1876 sunt
2076 1828 2266 1892 poste-

255 1909 434 1965 riores
457 1913 514 1963 et
553 1907 734 1962 minus
765 1911 911 1961 notae
945 1903 1245 1960 secundum
1286 1911 1537 1960 naturam
1580 1920 1745 1978 quam
1786 1907 1901 1980 ipse
1931 1907 2107 1978 Deus;
2134 1924 2264 1982 ergo

253 1998 376 2071 ipse
405 1995 678 2069 posterius
701 2000 785 2051 est
807 1999 969 2050 notus
993 2007 1102 2065 quo
1130 1991 1200 2048 ad
1237 2007 1353 2049 noe.
2086 2037 2091 2042 .

279 2100 290 2106 ·
327 2086 488 2150 Item,
522 2083 578 2138 id
599 2081 744 2155 quod
765 2080 1104 2154 promittitur
1125 2086 1186 2135 ut
1209 2080 1459 2136 ultimum
1486 2082 1773 2154 praemium
1789 2098 1894 2140 non
1920 2091 2003 2142 est
2029 2085 2265 2158 primum

253 2173 408 2248 quod
431 2171 697 2246 'praecedit
728 2169 907 2226 omnia
938 2169 1136 2230 merita
1167 2185 1181 2224 ε
1214 2168 1308 2225 sed
1333 2170 1579 2242 'cognitio
1609 2171 1707 2226 Dei
1738 2173 2057 2244 promitttur
2085 2174 2261 2242 nobie,

251 2270 320 2320 ut
361 2246 637 2320 ultimum'
667 2259 951 2332 praernium
979 2257 1155 2314 omnis
1182 2257 1530 2330 cognitionis,
1558 2267 1615 2316 et
1665 2261 1926 2331 actionis;
1960 2279 2089 2336 ergo
2118 2264 2266 2322 Deus

252 2356 344 2408 est
368 2350 550 2423 primo
581 2364 612 2404 a
637 2347 792 2404 nobis
819 2345 1092 2418 cognitus'.

327 2437 658 2511 Respondeo
705 2435 1019 2502 dicendum,
1061 2435 1206 2509 quod
1251 2435 1477 2506 quidam
1527 2435 1783 2492 dixerunt
1838 2438 1987 2511 quod
2030 2441 2263 2512 primum

251 2528 407 2603 quod
455 2542 486 2583 a
524 2533 705 2582 mente
732 2525 969 2580 humana
1011 2525 1358 2596 cognoscitur
1397 2524 1566 2580 etiam
1607 2522 1661 2578 in
1700 2524 1803 2580 hac
1843 2527 1978 2593 vita,
2020 2535 2103 2583 est
2146 2529 2263 2600 ipse

249 2617 409 2672 Deus
457 2613 674 2687 qui-est
720 2613 925 2669 veritas
961 2613 1156 2684 prima,
1199 2619 1250 2667 et
1301 2627 1396 2684 per
1444 2612 1588 2668 hunc
1638 2613 1819 2669 omnia
1862 2613 1969 2671 alia
2024 2632 2259 2688 cognos-

249 2715 482 2763 cuntur.
507 2703 612 2761 Sed
655 2702 760 2759 hoc
800 2707 988 2774 aperte
1032 2710 1116 2758 est
1159 2691 1375 2767 salsum,
1403 2701 1534 2773 quia
1577 2715 1905 2772 cognoscere
1947 2703 2119 2760 Deum
2165 2720 2259 2779 per

250 2794 560 2850 essentiam
590 2799 673 2848 est
705 2789 939 2846 hominis
971 2788 1272 2856 beatitud0,
1305 2789 1450 2844 unde
1486 2797 1809 2862 sequeretur
1836 2807 2050 2848 omnem
2080 2794 2259 2852 homi-

247 2899 386 2940 nem
422 2882 644 2938 beatum
685 2891 824 2936 esse.
870 2879 943 2934 Et<
975 2888 1259 2956 praeterea,
1297 2893 1422 2934 cum
1471 2878 1527 2932 in
1569 2878 1755 2935 divina
1797 2881 2032 2936 essentia
2075 2887 2277 2942 omnia.

245 2987 385 3047 quae
421 2971 682 3026 dicuntur
714 2969 784 3025 de
827 2968 944 3040 ipsa
985 2968 1096 3024 sint
1125 2981 1311 3033 unum,
1343 2966 1521 3022 nullus
1566 2974 1776 3024 erraret
1815 2970 1963 3026 circa
2006 2987 2089 3031 ea.
2136 2989 2261 3047 qnae

243 3063 324 3118 de
349 3062 470 3115 Deo
493 3059 766 3122 dicuntur,
799 3055 944 3128 quod
983 3055 1357 3126 experimento
1397 3060 1551 3127 patet
1576 3071 1694 3111 esse
1722 3057 1943 3126 l'alsum;
1978 3068 2032 3115 et
2064 3061 2261 3118 iterum

243 3165 344 3216 ea,
372 3162 504 3222 quae
549 3153 675 3201 sunt
720 3139 897 3218 prima
937 3143 992 3198 in
1021 3143 1332 3214 cognitione
1379 3143 1707 3209 intellectus,
1736 3151 1953 3216 oportet
1984 3163 2105 3204 esse
2134 3165 2259 3207 cer·-

242 3238 496 3302 tissima3
524 3227 668 3289 unde
709 3232 1020 3289 intellectus
1046 3240 1232 3288 certus
1259 3237 1344 3287 est
1371 3245 1431 3287 se
1473 3245 1539 3288 ea
1568 3233 1891 3305 intelligere,
1916 3238 2058 3308 quod
2108 3248 2259 3312 patet

243 3331 306 3383 in
349 3323 632 3400 proposito
671 3337 776 3378 non
815 3332 956 3376 esse'.
997 3320 1285 3392 Repugnat
1325 3321 1492 3376 etiam
1537 3320 1655 3378 haec
1702 3323 1899 3394 positio
1941 3331 2260 3386 auctoritati

240 3416 578 3488 scripturae,
606 3411 778 3468 Exod.
827 3423 1021 3466 xxxm
1058 3427 1070 3464 :
1110 3407 1236 3467 Non
1281 3407 1597 3464 videbit'me
1634 3411 1783 3466 homo
1818 3417 1869 3466 ec
1912 3413 2071 3470 vivet.
2108 3417 2259 3473 Unde

242 3505 350 3561 alii
389 3503 602 3567 dicunt,
631 3497 1008 3572 quoti-divina
1057 3495 1295 3554 essentia
1351 3513 1463 3552 non
1508 3506 1591 3553 est
1638 3499 1871 3572 primum
1918 3503 2194 3572 cognitum
2231 3521 2262 3561 a

241 3593 417 3651 nobis
442 3591 498 3645 in
529 3589 636 3657 via,
663 3587 760 3644 sed
791 3585 1074 3644 influentia
1101 3584 1320 3641 luminis
1345 3586 1534 3660 ipsius,
1564 3593 1616 3642 et
1641 3588 1939 3644 secundum
1975 3590 2079 3648 hoc
2118 3595 2263 3650 Deus

242 3688 342 3738 est
369 3680 610 3753 primum
638 3676 782 3749 quod
809 3691 842 3731 a
872 3675 1028 3730 nobis
1055 3675 1422 3746 cognoscitur.
1454 3675 1558 3732 Sed
1613 3674 1717 3732 hoc
1755 3678 1922 3734 etiam
1962 3685 2109 3737 stare
2154 3696 2261 3736 non

242 3775 465 3844 potest,
497 3767 624 3840 quia
651 3765 828 3838 primo
853 3763 944 3818 lux
978 3761 1178 3819 influxa
1207 3763 1472 3831 divinitus
1501 3764 1555 3819 in
1580 3772 1840 3831 mentem,
1872 3774 1956 3822 est
1982 3755 2072 3823 lus
2100 3775 2263 3824 natu-

241 3859 394 3916 ralis
421 3871 517 3930 per
560 3868 724 3928 quam
755 3851 1107 3908 constituitur
1135 3851 1220 3922 vis
1255 3849 1614 3909 intellectiva.
1642 3854 1772 3917 Haec
1800 3863 1983 3910 autem
2008 3855 2117 3912 ‘lux
2158 3872 2266 3914 non

237 3955 346 4008 est
367 3941 607 4021 primum
639 3942 860 4016 cognita
887 3955 918 3996 a
949 3947 1150 4005 mente,
1177 3955 1355 4013 neque
1385 3941 1697 4012 cognitione
1724 3944 1857 4016 quia
1896 3929 2068 4002 scit-ur
2103 3946 2173 4004 de
2199 3963 2264 4006 ea

773 4058 826 4109 Β.
857 4057 1010 4112 Tuon.
1045 4059 1129 4116 Ao.
1163 4057 1427 4111 ornacum
1456 4077 1501 4100 -ι
1546 4056 1603 4110 11.
1646 4077 1705 4111 v·
1728 4057 1761 4112 2
