2800 4492
199 285 281 304 ‘-

764 327 876 386 xn.
909 359 989 374 —
1017 343 1444 394 ouonmsurtm
1486 344 1813 390 secunaum
2178 328 2289 390 191

280 457 556 522 quantum
597 451 872 511 sufficeret
917 455 987 512 ad
1035 455 1412 512 remissionem
1454 457 1536 512 sui
1580 455 1811 530 peccati,
1839 456 1981 513 siout
2026 457 2293 534 contingit

280 555 413 596 cum
437 537 596 598 ‘unus
621 558 718 616 pro
746 543 854 601 alio
877 544 1165 612 satisfacit,
1195 551 1256 600 ut
1279 546 1489 601 dictum
1518 551 1621 602 est.

357 629 442 685 Ad
479 629 582 686 hoc
629 647 758 702 ergo
797 632 942 706 quod
986 632 1321 704 indulgentia
1350 634 1514 690 alicui
1546 634 1746 703 valeat,
1772 636 1878 693 tria
1918 635 2289 709 requiruntur.
2346 624 2352 629 ’

283 719 470 774 Primo
497 735 664 776 causa
697 721 977 795 pertinens
1019 722 1089 778 ad
1117 720 1376 778 honorem
1414 723 1534 789 Dei,
1564 723 1648 780 vel
1678 724 1748 781 ad
1785 726 2168 782 necessitatem
2200 733 2295 780 aut

283 807 581 864 utilitatem
625 809 906 868 Ecclesiae.
951 811 1199 868 Secundo
1241 813 1543 868 auctoritas
1589 812 1644 868 in
1687 829 1752 868 eo
1794 813 1889 886 qui
1921 813 2051 870 facit
2092 831 2105 867 t
2148 815 2293 886 Papa

281 897 433 951 enim
461 903 642 969 potest
669 897 1065 972 principaliter,
1091 899 1185 956 alii
1215 917 1344 957 vero
1372 901 1427 956 iu
1466 908 1732 974 quantum
1766 910 2095 975 potestatem
2126 902 2196 958 ab
2228 916 2293 958 eo

284 985 563 1057 accipiunt
590 986 678 1043 vel
724 988 1075 1056 ordinariam,
1101 988 1188 1044 vel
1217 990 1584 1056 commissam,
1617 1007 1713 1046 seu
1749 991 2077 1062 delegatam.
2108 989 2293 1046 Tertio

283 1074 588 1147 requiritur
621 1083 683 1131 ut
708 1077 780 1132 sit
815 1077 868 1132 in
908 1082 1054 1133 statu
1077 1079 1325 1134 caritatis
1353 1078 1449 1134 ille
1470 1078 1564 1151 qui
1591 1079 1985 1150 indulgentiam
2014 1080 2291 1151 percipere

281 1163 422 1217 vult.
453 1163 522 1219 Et
552 1163 670 1220 haec
708 1164 814 1220 tria
842 1165 1196 1237 designantur
1239 1167 1294 1222 in
1325 1166 1508 1222 littera
1556 1167 1757 1239 papali.
1783 1168 1921 1222 Nam
1959 1181 2125 1223 causa
2156 1183 2292 1223 con·

283 1251 509 1308 veniens
547 1253 865 1324 designatur
898 1254 954 1310 in
999 1254 1103 1312 hoc
1143 1255 1289 1328 quod
1333 1256 1686 1328 praemittitur
1727 1255 1796 1310 de
1837 1255 2080 1312 subsidio
2109 1257 2292 1315 Terrae

283 1348 520 1409 sanctae3
553 1343 856 1398 auctoritas
893 1358 1024 1399 vero
1071 1344 1125 1400 in
1168 1343 1272 1399 hoc
1310 1344 1457 1417 quod
1502 1345 1565 1400 fit
1602 1345 1807 1400 mentio
1846 1343 1915 1399 de
1962 1345 2291 1401 auctoritate

280 1429 671 1502 Apostolorum
705 1430 850 1487 Petri
875 1440 930 1487 et
959 1432 1128 1502 Pauli,
1161 1438 1216 1489 et
1245 1432 1416 1504 ipsius
1448 1435 1639 1505 Papae3
1665 1432 1867 1489 caritas
1916 1440 2098 1489 autem
2145 1431 2291 1488 reci-
2350 1477 2357 1484 .

281 1518 502 1590 pientiS‚
538 1519 595 1573 in
633 1518 738 1575 hoc
775 1520 920 1592 quod
951 1521 1160 1577 dicitur
1185 1539 1200 1575 z
1229 1520 1486 1578 Omnibus
1522 1537 1643 1578 vere
1676 1520 2051 1594 poenitentibus
2078 1528 2130 1577 et
2162 1536 2292 1576 con-

279 1605 454 1676 fessis.
486 1608 610 1663 Non
638 1608 792 1675 dicit,
819 1614 875 1665 et
899 1609 1364 1668 satisfacientibus
1392 1628 1406 1665 z
1440 1611 1568 1685 quia
1596 1610 1934 1681 indulgentia
1974 1625 2081 1665 non
2118 1624 2290 1664 excu-

280 1702 370 1750 sat
398 1711 431 1751 a
453 1697 784 1752 contritione
810 1705 864 1754 et
893 1699 1250 1767 consessione,
1279 1699 1374 1756 sed
1403 1699 1551 1755 cedit
1586 1699 1639 1754 in
1669 1699 1848 1754 locum
1876 1697 2287 1755 satisfactionis.

352 1784 453 1840 Est
477 1801 606 1856 ergo
635 1785 925 1843 dicendum
965 1787 1018 1842 in
1049 1789 1361 1860 quaestione
1375 1789 1673 1860 proposita,
1706 1787 1851 1860 quod
1898 1788 1943 1842 si
1991 1784 2289 1842 secundum

281 1874 518 1931 formam
542 1874 756 1948 papalis
784 1874 982 1932 litterae
1012 1877 1348 1948 indulgentia
1375 1878 1709 1933 concedatur
1736 1876 2130 1949 accipientibus
2158 1891 2287 1931 cru-

279 1977 402 2018 cem
425 1963 478 2017 in
505 1962 1002 2021 subsidiumTcrrae
1024 1972 1248 2034 sanctae,
1263 1967 1675 2037 crucesignatus
1702 1967 1889 2022 statim
1917 1964 2080 2021 habet
2104 1963 2290 2025 indul·-

279 2052 545 2122 gentiam‚
579 2051 794 2108 etiamsi
836 2053 1067 2110 decedat
1094 2061 1388 2128 antequam
1427 2056 1533 2110 iter
1566 2054 1823 2128 arripiat3
1854 2054 1983 2127 quia
2019 2053 2099 2108 sic
2121 2067 2287 2112 causa
2368 2087 2377 2094 ·

280 2139 640 2211 indulgentiae
663 2145 769 2197 erit
808 2159 913 2198 non
947 2144 1070 2210 iter,
1099 2146 1197 2199 sed
1226 2150 1415 2200 votum
1443 2145 1677 2214 itineriS.
1713 2145 1766 2199 Si
1798 2150 1981 2200 autem
2028 2143 2083 2196 in
2114 2141 2287 2196 forma

278 2229 484 2286 litterae
499 2231 846 2287 contineatur
869 2233 1014 2306 quod
1040 2232 1378 2305 indulgentia
1392 2234 1553 2290 detur
1578 2231 1662 2288 his
1685 2233 1778 2306 qui
1805 2231 2119 2288 transierint
2143 2230 2287 2286 ultra

279 2333 463 2388 mare;
489 2318 582 2376 ille
606 2320 702 2393 qui
729 2319 947 2376 decedit
973 2329 1268 2396 antequam
1300 2329 1562 2390 transeat,
1594 2336 1700 2377 non
1727 2320 1896 2376 habet
1935 2319 2287 2390 indulgentiae

276 2423 526 2466 causam.

352 2499 436 2555 Ad
465 2498 700 2574 primum
719 2515 846 2570 ergo
873 2499 1183 2570 dicendum,
1215 2501 1362 2573 quod
1389 2501 1444 2554 in
1473 2485 1575 2555 hoc
1611 2497 1804 2554 ultimo
1837 2513 1968 2554 casu
2014 2498 2197 2553 deficit
2228 2498 2285 2552 in

257 2583 662 2659 -crucesignato
681 2588 978 2646 decedente
1003 2588 1138 2644 illud
1167 2589 1315 2662 quod
1339 2594 1424 2646 est
1452 2587 1845 2662 principialius,
1874 2586 2082 2643 scilicet
2101 2586 2287 2642 indul-

277 2678 482 2748 gentiae
510 2693 696 2734 causa.

351 2766 437 2823 Ad
465 2766 766 2822 secundum
793 2766 1104 2835 dicendum,
1125 2767 1269 2843 quod
1296 2784 1394 2844 per
1419 2767 1804 2825 auctoritatem
1825 2765 1972 2823 solus
1995 2766 2142 2822 Deus
2165 2765 2288 2822 cul-

280 2871 410 2928 pam
439 2856 688 2922 remittit,
715 2856 810 2910 sed
849 2857 1152 2913 ministerio
1189 2858 1356 2913 etiam
1385 2857 1660 2924 sacerdos,
1694 2857 1749 2911 in
1774 2862 2041 2929 quantum
2068 2854 2286 2910 exhibet

279 2951 686 3002 sacramentum
716 2944 1050 3002 remissionis
1078 2946 1310 3019 peccati,
1339 2952 1471 3019 puta
1510 2947 1564 3001 in
1599 2945 1869 3017 baptismo
1900 2944 1983 3000 vel
2010 2945 2286 3017 poeniten-

278 3037 394 3105 tia3
427 3043 480 3092 et
511 3043 692 3092 tamen
723 3035 1062 3108 indulgentia
1092 3052 1198 3092 non
1222 3052 1281 3092 se
1311 3035 1557 3092 extendit
1585 3034 1653 3091 ad
1689 3033 2062 3090 remissionem
2087 3032 2279 3102 culpae.

279 3126 414 3198 quia
438 3139 545 3180 non
563 3131 648 3181 est
671 3124 1103 3192 sacramentalis,
1135 3125 1276 3181 unde
1297 3139 1406 3180 non
1427 3123 1676 3195 sequ-itur
1697 3121 1961 3187 ordinem,
1994 3121 2087 3175 sed
2109 3123 2285 3192 juris-

277 3215 608 3284 dictionem;
639 3221 822 3287 potest
847 3215 991 3271 enim
1019 3221 1076 3270 et
1113 3230 1216 3270 non
1247 3213 1503 3270 sacerdos
1536 3211 1930 3282 indulgentiam
1961 3211 2280 3279 concedere,

277 3303 324 3358 si
350 3304 427 3386 sit
451 3303 500 3359 ei
525 3303 897 3360 commissum.
929 3304 997 3358 Et
1044 3303 1167 3359 ideo
1209 3318 1371 3375 poena
1414 3300 1658 3358 totaliter
1704 3300 2003 3357 remittitur
2041 3299 2087 3356 si
2116 3288 2283 3358 causa

277 3392 478 3459 subsit,
507 3409 615 3449 non
643 3398 826 3449 autem
851 3391 896 3448 si
921 3407 1089 3448 causa
1107 3392 1272 3448 desit.

345 3480 432 3537 Ad
463 3481 691 3537 tertium
712 3480 1022 3548 dicendum,
1047 3481 1192 3554 quod
1218 3480 1525 3537 satisfactio
1553 3486 1608 3536 et
1632 3486 1719 3537 est
1744 3480 1992 3554 punitiva
2018 3481 2075 3536 in
2103 3497 2284 3554 quan-

279 3577 400 3626 tum
437 3577 522 3626 est
558 3576 717 3628 actus
754 3570 1106 3627 vindicativae
1139 3569 1392 3642 justitiae,
1431 3575 1487 3626 et
1521 3578 1605 3627 est
1639 3570 1807 3627 etiam
1844 3570 2191 3637 medicativa,
2226 3571 2281 3625 in

278 3665 545 3730 quantum
593 3665 678 3714 est
717 3659 994 3732 quoddam
1039 3658 1455 3716 sacramentale.
1499 3658 1839 3730 indulgentia
1891 3673 2021 3728 ergo
2066 3657 2282 3729 supplet

277 3747 460 3811 locum
489 3747 901 3815 satisfactioniS,
928 3748 985 3805 in
1011 3755 1277 3821 quantum
1305 3754 1388 3804 est
1413 3747 1694 3822 punitiva;
1722 3746 1852 3818 quia
1880 3745 2090 3801 scilicet
2117 3760 2281 3818 poena

277 3851 446 3908 quam
489 3836 630 3894 alius
659 3837 956 3910 sustinuit,
996 3836 1298 3910 imputatur
1339 3837 1433 3892 isti
1480 3851 1546 3892 ac
1581 3834 1628 3892 si
1666 3836 1781 3906 ipse
1826 3832 2193 3899 sustinuisset,
2226 3841 2283 3890 et

273 3925 406 3992 ideo
432 3932 622 3996 reatus
647 3941 826 4009 poenae
853 3925 1096 3998 tollitur-3
1123 3925 1220 3990 sed
1249 3940 1355 3987 non
1384 3923 1631 3988 succedit
1648 3923 1713 3990 ia
1744 3921 1922 3984 locum
1946 3921 2281 3983 satisfactio-
