2800 4492
726 369 836 426 211.
867 398 946 411 —
976 368 1398 431 ouonmeu‘ru'm
1442 369 1737 430 cunarum
1943 387 1949 393 ·
2119 357 2234 432 271

217 492 602 556 subtrahenda
647 497 767 554 sine
812 497 991 571 culpa.
1023 497 1127 554 Sed
1178 478 1395 570 quando
1440 494 1721 552 dubitatur
1748 509 1815 551 an
1846 508 2011 552 causa
2037 492 2231 558 subsit,

221 587 532 660 promptior
557 587 720 642 debet
745 602 864 643 esse
895 587 1108 643 animus
1152 585 1278 642 boni
1311 583 1412 640 viri
1452 585 1518 641 ad
1557 583 2025 658 interpretandum
2054 581 2109 636 in
2133 581 2238 636 mi-

225 676 424 732 tiorem
456 683 689 749 partem.
719 675 860 748 Ergo
890 693 955 732 ex
987 691 1094 748 quo
1134 675 1417 730 dubitatur
1444 673 2103 742 dedexcommunicatione
2128 669 2234 726 ali-
2309 711 2325 731 .

173 776 182 788 ·
226 781 482 837 quorum,
513 765 686 836 magis
710 764 872 820 debet
909 764 1108 836 aliquis
1140 780 1237 837 pro
1267 763 1368 819 hoc
1397 770 1546 818 stare
1571 762 1717 835 quod
1744 767 1849 817 non
1878 759 1988 817 sint
2016 774 2237 815 excom-

229 853 491 910 municati
514 870 529 921 3
556 865 610 908 et
640 853 717 909 ita
749 868 853 907 non
882 852 1045 908 debet
1075 868 1168 908 eos
1193 853 1388 908 vitare.
1948 869 1954 878 ·

295 941 401 998 Sed
432 948 626 998 contra
655 947 757 1007 est,
789 941 938 1015 quod
973 941 1017 995 si
1050 941 1247 1014 aliquis
1280 927 1571 1012 percussus
1601 939 1654 995 in
1681 939 1841 1004 belle,
1877 937 2161 1003 moriatur,
2190 933 2237 992 si

231 1030 510 1100 ignoretur
556 1029 680 1102 quis
713 1045 836 1086 eum
867 1029 1216 1101 percusserit,
1262 1034 1482 1100 propter
1524 1027 1749 1082 dubium
1791 1025 2022 1098 quilibet
2050 1025 2141 1097 qui
2183 1025 2236 1079 in

231 1117 368 1173 bello
392 1118 661 1183 interfuit,
710 1117 1024 1190 irregularis
1063 1116 1293 1172 habetur
1323 1115 1621 1172 secundum
1653 1116 1800 1187 jura.
1841 1115 1983 1185 Ergo
2010 1130 2041 1168 a
2070 1111 2236 1168 simili

238 1205 455 1262 videtur
484 1207 632 1279 quod
657 1223 722 1262 ex
746 1221 854 1278 quo
883 1206 1108 1261 dubium
1143 1213 1228 1261 est
1257 1205 1325 1260 de
1359 1203 1632 1276 aliquibus
1671 1219 1738 1258 an
1769 1202 1878 1258 siut
1916 1217 2235 1257 excommu-

231 1295 418 1363 nicati,
446 1301 672 1367 propter
697 1296 958 1366 majorem
987 1292 1258 1349 cautelam
1284 1293 1394 1348 sint
1426 1291 1653 1348 vitandi.

295 1383 624 1454 Respondeo
648 1381 957 1448 dicendum,
982 1382 1126 1455 quod
1153 1381 1423 1437 dubitatio
1448 1379 1516 1447 de
1542 1374 2104 1434 excommunicatione
2133 1377 2238 1432 ali-

231 1487 484 1546 quorum,
511 1477 606 1527 aut
638 1471 899 1542 praecedit
935 1469 1262 1526 sententiam
1295 1469 1563 1540 jtidicum‚
1597 1475 1691 1523 aut
1721 1469 1987 1540 seqnitur.
2012 1466 2068 1522 Si
2096 1479 2239 1538 prae-

232 1553 397 1618 cedit,
425 1558 562 1626 puta
589 1567 713 1606 cum
734 1551 971 1637 nondum
993 1558 1077 1608 est
1136 1557 1471 1614 declaratum
1503 1573 1597 1629 per
1625 1556 1875 1628 judicum
1912 1567 2237 1630 consensum

237 1644 450 1718 aliquos
475 1658 596 1700 esse
625 1643 1151 1716 excommunicat0s3
1205 1662 1313 1701 non
1357 1653 1487 1700 sunt
1527 1643 1739 1716 vitandi
1767 1658 2051 1717 quousque
2088 1649 2239 1697 certo

231 1735 440 1806 judicio
467 1733 806 1791 terminetur.
835 1735 895 1791 In
921 1737 1021 1792 hoc
1049 1736 1194 1792 enim
1225 1750 1354 1791 casu
1379 1750 1566 1791 verum
1600 1740 1684 1788 est
1709 1731 1855 1804 quod
1882 1731 1935 1786 in
1964 1730 2234 1785 mitiorem

237 1831 450 1895 partem
480 1823 828 1895 interpretari
857 1825 1144 1892 debemus
1172 1822 1314 1877 unde
1339 1829 1394 1877 et
1419 1823 1641 1878 Deuter.
1665 1836 1811 1887 xvir,
1841 1824 1893 1886 8,
1916 1811 2151 1875 dicitur:
2180 1817 2238 1873 Si

231 1911 439 1982 difficile
468 1918 519 1967 et
547 1909 850 1981 ambiyuum
872 1909 1016 1981 apud
1040 1917 1087 1966 te
1109 1909 1378 1980 judicium
1401 1927 1507 1966 esse
1533 1907 1866 1982 perspexeris
1872 1946 1981 1963 .....
2010 1913 2059 1962 et
2074 1905 2238 1978 judi-

231 2014 348 2055 eum
377 1999 536 2055 intra
563 1993 752 2070 portus
779 2006 900 2055 tuas
929 1997 1132 2052 videris
1157 1997 1316 2052 verba
1344 1999 1562 2053 variari
1570 2037 1679 2053 .....
1704 1997 1875 2053 venies
1904 1997 1973 2052 ad
1989 1995 2239 2057 sacerdo-

232 2095 322 2154 tes,
355 2095 406 2144 et
437 2085 508 2142 ad
527 2087 783 2158 jud-icem,
801 2103 1099 2159 quoeresque
1124 2086 1188 2140 ab
1212 2087 1305 2150 eis,
1331 2093 1380 2142 et
1402 2087 1567 2157 facies
1594 2086 1946 2158 quodcumque
1970 2084 2237 2139 dioeerint.

231 2177 333 2232 Sed
363 2179 409 2232 si
439 2176 756 2247 ambiguum
799 2183 986 2230 oratur
1025 2183 1146 2247 post
1187 2175 1509 2230 concordem
1531 2175 1779 2245 judicum
1818 2173 2239 2228 determinatio-

231 2282 374 2332 nem,
397 2265 575 2336 magis
599 2265 852 2320 standum
879 2272 962 2320 est
987 2263 1272 2320 sententiae
1286 2263 1553 2334 judicum,
1576 2261 1780 2334 duplici
1807 2261 2039 2317 ratione.
2058 2261 2239 2317 Primo

234 2355 474 2430 quidem,
520 2353 648 2428 quia
687 2353 900 2424 judices
945 2353 1234 2408 sollicitius
1278 2353 1637 2408 discutientes
1679 2335 1978 2422 negotium,
2026 2349 2238 2421 plenius

234 2451 460 2517 possunt
485 2443 766 2514 percipere
788 2441 1098 2508 veritatem,
1129 2441 1296 2496 etiam
1327 2439 1370 2495 si
1398 2439 1507 2494 sint
1532 2438 1708 2494 minus
1733 2438 1917 2508 periti,
1950 2452 2117 2509 quam,
2144 2435 2235 2491 alii

231 2525 321 2597 qui
348 2524 717 2598 perl'unctorio
770 2530 1196 2594 constituuntur3
1226 2534 1280 2582 et
1315 2526 1766 2582 extraordinarie.
1804 2524 2072 2590 Secundo,
2105 2523 2235 2596 quia

233 2617 333 2671 hoc
359 2622 508 2676 esset
543 2613 598 2668 in
629 2630 884 2685 magnum
971 2621 1359 2673 nocumentum
1401 2615 1659 2670 utilitatis
1705 2612 2009 2670 communis
2054 2619 2233 2668 status

233 2705 532 2772 hominurn,
559 2705 605 2760 si
633 2704 921 2760 sententiae
961 2722 1064 2762 non
1102 2713 1362 2772 staretur,
1397 2704 1491 2760 sed
1523 2703 1753 2776 quilibet
1802 2718 1896 2775 pro
1938 2716 2037 2757 suo
2063 2700 2235 2756 ‘libito

235 2798 396 2852 vellet
421 2794 708 2852 sententiae
731 2792 1059 2849 calumniam
1102 2793 1368 2864 ingerere,
1397 2793 1527 2864 quia
1552 2793 1631 2848 sic
1661 2791 1833 2863 litigia
1858 2801 2038 2846 essent
2066 2790 2237 2846 inter-

237 2885 535 2943 minabilia.
561 2886 629 2940 Et
655 2885 776 2940 ideo
805 2883 859 2937 in
887 2880 980 2938 tali
1013 2898 1143 2937 casu
1182 2881 1356 2953 magis
1379 2887 1465 2936 est
1488 2881 1743 2937 standum
1774 2879 2061 2936 sententiae
2083 2878 2237 2951 judi-

236 2991 377 3042 cum,
407 2975 512 3030 nisi
537 2973 676 3028 sorte
701 2972 772 3029 sit
804 2985 897 3038 per
923 2969 1341 3042 appellationem
1369 2984 1653 3042 suspensa.

302 3068 371 3126 Et
385 3083 484 3140 per
509 3065 609 3122 hoc
630 3070 780 3140 patet
813 3057 1092 3131 responsio
1118 3058 1185 3114 ad
1206 3059 1441 3131 objecta.

904 3235 1358 3298 ARTIGULUS
1403 3205 1555 3298 xv.

243 3365 458 3431 Utrum
487 3370 784 3448 praelatus
801 3371 998 3448 possit
1019 3370 1378 3432 committere
1406 3386 1614 3430 curam
1634 3368 1928 3431 Ecclesioe
1954 3383 2062 3431 suo
2090 3386 2229 3432 con·

307 3459 638 3538 sanquineo
663 3459 889 3521 idone0‚
915 3493 994 3504 —-
1016 3459 1176 3538 (2-2,
1209 3462 1420 3537 quast.
1448 3457 1547 3530 63,
1576 3462 1698 3519 art.
1730 3457 1792 3534 2,
1819 3458 1901 3519 ad
1921 3458 1961 3516 2
1987 3463 2043 3520 et
2071 3459 2153 3519 ad
2169 3459 2231 3530 3,

311 3552 521 3626 quoest.
559 3547 694 3620 185,
724 3553 845 3610 art.
873 3547 961 3624 3).

301 3679 458 3734 Circa
483 3684 742 3750 quartum
771 3681 855 3734 sic.
878 3679 1213 3751 proceditur.
1244 3680 1298 3735 l.
1328 3678 1555 3735 Videtur
1584 3678 1726 3750 quod
1762 3677 2017 3749 praelatus
2041 3675 2233 3732 Eccle-

235 3765 328 3822 siae
375 3783 485 3823 non
529 3765 711 3840 possit
752 3767 1010 3824 Ecclesiae
1054 3782 1241 3824 curam
1288 3769 1633 3823 committere
1670 3780 1767 3821 suo
1810 3765 2231 3834 consanguinem

234 3858 480 3927 quamvis
511 3856 722 3923 idone0‚
753 3858 1054 3929 postposito
1087 3857 1319 3916 meliori.
1354 3859 1514 3913 Pater
1542 3855 1689 3910 enim
1729 3869 1844 3909 suae
1888 3852 2013 3908 lili-te
2037 3853 2237 3925 quaerit

235 3959 489 4016 sponsum
514 3959 680 4019 quam
703 3946 878 4016 magis
904 3953 1084 4017 potest
1107 3945 1397 4015 idoneum3
1428 3953 1484 4000 et
1514 3957 1727 4016 sponsae
1753 3942 1949 4016 quaerit
1975 3941 2233 3997 fidelissi-
