2800 4492
515 302 560 368 2
868 330 877 339 ·
993 320 1049 370 ι.
1092 320 1326 368 ¹1·quAE
1365 319 1695 373 sommus
1734 320 2047 377 croscum

517 436 655 495 toris
679 437 1046 495 consideratio
1065 436 1882 512 considerationem',praeveniat
1906 446 2197 499 creaturoe.
2218 438 2376 497 Hunc
2398 453 2529 511 ergo

517 526 765 583 ordinem
801 534 1024 583 secutus
1059 518 1210 584 Boetss
1257 544 1321 585 ea
1363 544 1490 603 quae
1518 535 1644 584 sunt
1686 528 1812 585 fidei
1856 534 2095 586 tractare
2124 528 2429 595 intendens,
2471 528 2529 587 in

517 614 640 688 ipsa
674 630 888 671 summa
925 632 1108 673 rerum
1132 616 1340 689 origine
1381 617 1711 690 principium
1735 632 1851 675 suae
1884 617 2338 693 considerationis
2365 618 2529 673 insti-

518 703 646 773 tuit,
673 702 884 761 scilicet
911 704 980 760 de
1009 706 1278 765 Trinitate
1304 706 1477 783 unius
1492 704 1755 780 simplicis
1787 704 1908 761 Dei.
1933 706 2088 763 Unde
2128 708 2177 763 ei
2212 712 2528 781 competunt

517 791 686 861 verba
726 792 1054 867 praemissa:
1083 792 1168 851 Ab
1197 794 1378 861 initio,
1409 801 1517 851 etc.
1549 796 1609 855 In
1646 793 1847 867 quibus
1875 793 2056 865 verbis
2097 794 2245 855 circa
2287 810 2529 871 praesens

519 879 876 953 opusculum,
909 882 1054 956 quod
1102 881 1171 940 ad
1215 882 1603 956 Symmachum
1649 883 1939 941 Patritium
1985 862 2149 941 Urbis
2172 884 2524 956 composuit,

519 968 626 1025 tria
678 976 904 1043 possunt
954 970 1152 1037 notari,
1197 970 1410 1027 scilicet
1455 968 1704 1036 materia,
1752 971 1965 1038 modus,
2016 978 2071 1026 et
2114 972 2257 1031 finis.
2301 972 2529 1029 Materia

519 1048 742 1133 quidem
769 1058 929 1131 hujus
955 1058 1136 1132 operis
1172 1066 1256 1117 est
1293 1058 1348 1116 in
1380 1074 1487 1117 una
1515 1058 1701 1119 divina
1728 1061 1966 1123 essentia
1994 1060 2232 1117 Trinitas
2267 1076 2529 1135 persona-

520 1162 660 1215 rum,
691 1162 816 1219 quae
854 1136 1145 1219 consurgit*
1173 1164 1242 1205 ex
1274 1144 1451 1222 prima
1483 1148 1796 1215 nativitate,
1827 1158 1939 1222 qua
1976 1147 2161 1205 divina
2190 1148 2460 1222 sapientia
2495 1164 2527 1206 a

517 1236 680 1292 Patre
706 1235 1040 1294 aeternaliter
1063 1242 1375 1308 generatur.
1406 1234 1664 1293 Pimoverb
1696 1252 1845 1294 νιιι·
1874 1236 2122 1295 Nondum
2150 1244 2309 1295 erant
2334 1236 2526 1308 abyssi,

519 1329 572 1381 et
597 1340 687 1401 eqo
711 1324 830 1397 jam
871 1331 1114 1397 concepta
1149 1341 1321 1392 eram,
1365 1330 1421 1381 et
1460 1324 1601 1381 Psai.
1645 1340 1735 1382 ιι.
1775 1326 1891 1401 Ερο
1920 1324 2070 1405 hodic
2095 1326 2268 1411 qenai
2284 1333 2353 1383 te.
2394 1325 2529 1395 Quae

519 1411 743 1484 quidem
779 1410 1040 1471 nativitas
1069 1412 1286 1470 initium
1319 1420 1404 1471 est
1434 1394 1612 1471 omnis
1640 1410 1945 1471 nativitatis
1980 1414 2223 1482 alterius,
2254 1428 2381 1471 cum
2410 1415 2527 1486 ipsa

518 1500 634 1557 sola
668 1502 740 1558 sit
768 1508 1021 1560 naturam
1047 1502 1290 1577 perfecte
1316 1502 1541 1579 capiens
1568 1504 1925 1575 generantis:
1918 1490 2142 1559 omnes
2166 1505 2367 1561 autem
2405 1496 2528 1561 aiiae

517 1587 854 1665 imperfectae
875 1599 1020 1657 sunt,
1053 1590 1354 1647 secundum
1379 1606 1519 1663 quas
1546 1592 1809 1667 genitum,
1846 1598 1942 1648 aut
1967 1599 2176 1663 partem
2205 1591 2528 1648 substantiae

519 1683 833 1749 generantis
859 1680 1079 1752 accipit,
1109 1686 1204 1736 aut
1231 1678 1402 1735 solam
1432 1678 1849 1735 simiiitudinem
1876 1696 1890 1734 :
1924 1679 2067 1735 unde
2087 1685 2304 1753 oportet
2324 1679 2469 1752 quod
2494 1695 2527 1735 a

520 1764 780 1839 praedicta
805 1766 1096 1824 nativitate
1120 1766 1297 1823 omnis
1316 1765 1424 1824 alia
1446 1766 1705 1823 nativitas
1730 1783 1827 1841 per
1849 1767 2143 1840 quamdam
2166 1757 2527 1831 imitationem

519 1854 819 1923 derivetur,
851 1856 906 1910 'et
935 1854 1071 1913 Phil.
1104 1868 1216 1913 ur:
1249 1855 1338 1911 Ex
1360 1872 1461 1928 quo
1480 1851 1652 1911 omnis
1667 1854 1974 1929 paternitas
1996 1855 2056 1912 in
2072 1856 2193 1913 coeto
2216 1863 2269 1921 et
2296 1849 2528 1915 interni

451 1940 456 1944 ’
519 1940 854 2009 nominatur,
880 1950 950 2001 et
957 1950 1181 2017 propter
1208 1944 1310 2000 hoc
1329 1944 1533 2001 dicitur
1559 1944 1728 2001 Filius
1756 1944 2148 2037 primogenitus
2170 1945 2347 2055 92⁹5ss
2367 1961 2529 2002 crea-

521 2036 680 2087 turae.
711 2030 989 2098 Col.1‚ut
1009 2030 1314 2087 nativitatis
1333 2030 1487 2103 origo
1511 2040 1568 2087 et
1593 2032 1829 2088 imitatio
1854 2017 2214 2105 desig'n'etur,-‘
2213 2047 2321 2099 non
2336 2032 2529 2089 eadem

521 2118 887 2188 generationis
924 2116 1111 2173 ratio.
1157 2127 1212 2175 et
1250 2118 1374 2174 ideo
1401 2119 1787 2176 convenienter
1810 2119 2167 2181 dicitur1·Ab
2193 2111 2374 2195 iri'i'tio,
2416 2126 2525 2177 etc.

519 2204 758 2259 Prover:
804 2208 908 2261 vm
956 2221 972 2261 ι
1015 2204 1278 2261 Dominus
1315 2204 1547 2277 possedit
1586 2220 1669 2261 me
1710 2206 1770 2261 in
1817 2204 1979 2263 initio
2022 2203 2527 2286 viduatae-suarum,

521 2307 623 2348 nec
649 2292 824 2347 solum
852 2300 1230 2350 creaturarum
1259 2302 1343 2351 est
1371 2295 1589 2351 initium
1628 2294 1891 2368 praedicta
1926 2295 2206 2360 nativitas,
2232 2294 2339 2349 sed·
2360 2294 2529 2356 etiam

519 2382 755 2455 Spiritus
768 2382 974 2454 Sancti,
997 2384 1090 2459 qui
1111 2400 1142 2441 a
1163 2391 1459 2456 generante
1478 2383 1773 2458 genitoque
1796 2383 2063 2457 procedit.
2095 2378 2197 2439 i’ro
2218 2382 2323 2439 hoc
2345 2390 2531 2439 autem

521 2470 666 2546 ‘quod
697 2487 804 2530 non
829 2472 1001 2531 dicit:
1029 2474 1250 2531 Initium
1283 2462 1589 2531 nativitatis
1616 2472 1977 2545 investigab0‚
2000 2472 2101 2528 sed
2126 2471 2191 2528 ab
2215 2468 2374 2527 initio
2396 2470 2534 2527 desi·

519 2568 720 2633 gnatur
750 2548 896 2636 q'uod
938 2561 992 2619 in
1029 2561 1338 2633 hujusmodi
1369 2562 1677 2620 nativitatis
1704 2562 1860 2619 initio
1890 2563 2009 2634 ejus
2038 2560 2397 2634 perscrutatio
2421 2569 2530 2615 non

449 2712 460 2724 .
521 2650 726 2717 finitur,
757 2650 855 2706 sed
884 2650 1028 2725 quod
1069 2650 1138 2706 ab
1170 2651 1272 2705 hac
1306 2651 1571 2723 incipiens
1599 2652 1668 2707 ad
1698 2652 1806 2707 aiia
1836 2650 2098 2722 procedit,
2132 2651 2251 2721 ejus
2294 2662 2531 2721 namque

519 2736 771 2793 doctrina
799 2736 854 2791 in
881 2744 991 2792 tres
1013 2744 1196 2809 partes
1217 2736 1502 2792 dividitur.
1533 2737 1715 2807 Prima
1751 2744 1988 2807 namque
2012 2736 2080 2790 de
2108 2735 2377 2793 Tcinitate
2402 2747 2531 2805 per-

520 2828 796 2892 sonarum,
824 2836 892 2881 ex
916 2839 1148 2899 quarum
1170 2824 1517 2897 processione
1538 2824 1716 2879 omnis
1740 2822 1847 2879 alia
1872 2821 2149 2888 nativitas,
2178 2829 2233 2878 et
2258 2822 2531 2893 processio

521 2914 820 2981 derivatur,
835 2914 1166 2970 continetur
1204 2914 1258 2969 in
1287 2913 1388 2969 hoc
1424 2912 1579 2978 libro,
1612 2926 1777 2985 quem
1816 2926 1929 2982 prae
1970 2908 2217 2966 manibus
2246 2908 2526 2979 babemuS‚

521 3011 791 3077 quantum
828 3002 896 3059 ad
924 3002 977 3058 id
1005 3000 1149 3075 quod
1176 3002 1247 3057 de
1263 3002 1533 3063 Trinitate
1570 3007 1626 3055 et
1652 3000 1875 3056 Unitate
1897 2998 2177 3053 sciendum
2207 3000 2395 3055 est.1n
2422 2998 2529 3057 aiio

519 3104 651 3151 vero
692 3092 787 3148 lib.
831 3107 995 3166 quem
1024 3092 1091 3148 ad
1121 3084 1387 3148 Joannem
1415 3081 1731 3151 diaconum
1748 3087 2007 3146 Ecclesiae
2034 3088 2293 3145 Romanae
2338 3088 2528 3156 scribit

521 3180 590 3235 de
632 3180 792 3236 modo
831 3178 1163 3253 praedicandi
1206 3194 1317 3251 quo
1360 3178 1564 3233 utimur
1603 3177 1656 3241 in
1699 3164 2051 3271 personarum
2098 3175 2447 3232 distinctione
2473 3181 2529 3232 et

521 3270 776 3325 essentiae
813 3268 1042 3333 unitate,
1088 3267 1182 3341 qui
1211 3267 1291 3323 sic
1328 3266 1581 3340 incipit.'
1593 3286 1633 3319 α
1642 3240 1892 3351 Quaero
1886 3270 1967 3324 an
1999 3272 2239 3338 pater.»
2280 3264 2527 3321 Secunda

519 3373 652 3415 vero
693 3358 822 3431 pars
849 3363 933 3413 est
960 3356 1029 3413 de
1066 3356 1435 3430 processione·
1426 3356 1717 3420 bonarum
1744 3362 2120 3417 maturarum
2148 3368 2181 3411 a
2210 3354 2325 3415 Deo
2364 3355 2525 3423 bono,

501 3448 580 3503 -in
613 3445 750 3501 libro
793 3445 887 3519 qui
919 3446 990 3502 ad
1027 3446 1278 3501 eumdem
1319 3445 1403 3508 lo.
1438 3428 1797 3513 εςέιίδξιιυςὲβ
1830 3442 2277 3508 hebdomadibus,
2318 3438 2413 3517 q'ui
2449 3444 2527 3503 sic

521 3534 760 3607 incipit·
801 3554 828 3587 α
875 3533 1123 3591 Postuias
1161 3550 1192 3590 a
1222 3550 1330 3591 me.
1373 3552 1400 3585 n
1420 3524 1631 3609 Tertia
1646 3534 1773 3597 vero
1813 3548 1939 3604 pars
1975 3538 2061 3589 est
2088 3531 2157 3587 de
2185 3532 2528 3605 separatione

522 3628 898 3680 creaturarum
931 3638 1030 3697 per
1058 3622 1355 3680 Christum.
1383 3622 1519 3692 Quoe
1546 3622 1765 3700 quidem
1804 3623 1858 3677 in
1884 3620 1993 3677 duo
2022 3620 2308 3677 dividitur.
2350 3621 2527 3677 Primo

521 3722 779 3786 namque
773 3712 1114 3786 proponitur
1143 3711 1278 3768 fides
1299 3726 1465 3786 quam
1498 3710 1685 3767 docuit
1717 3710 1983 3777 Christus,
2026 3724 2135 3781 qua
2165 3708 2524 3781 justificamur

520 3802 582 3859 in
607 3801 701 3861 lib.
727 3797 822 3877 qui
849 3792 1160 3861 iittituiatur
1187 3801 1278 3858 de
1294 3800 1402 3858 fide
1430 3800 1758 3867 Christiana,
1791 3799 1886 3873 qui
1914 3800 1995 3855 sic
2022 3798 2210 3871 incipit
2240 3816 2253 3853 :
2286 3818 2313 3851 α
2340 3798 2519 3855 Chris-

524 3888 732 3951 tianam
771 3890 956 3951 fidem.
991 3910 1019 3947 n
1044 3888 1294 3950 Secundo
1321 3890 1661 3967 explanatur,
1694 3888 1825 3963 quid
1851 3888 1919 3946 de
1943 3887 2159 3946 Christo
2186 3886 2528 3952 sentiendum
