2800 4492
465 293 588 358 272
785 360 792 367 ,
943 310 996 358 s.
1039 308 1274 355 rHoMAE.
1315 305 1644 363 sommus
1686 305 1995 362 oruscum.
2669 11 2800 333 1

467 443 617 484 mum
645 425 930 485 custodem
967 441 1065 499 pro
1087 441 1270 500 posse.
1306 423 1414 482 Sed
1453 425 1626 496 major
1650 422 1909 495 praelatus
1932 422 2001 479 ad
2030 420 2335 482 Ecclesiam
2371 421 2511 482 sibi

468 517 774 590 subjectam
802 522 1152 586 comparatur
1180 512 1264 569 vel
1288 513 1433 569 sicut
1462 519 1617 585 pater
1647 509 1714 568 ad
1743 511 1929 581 filiam,
1956 511 2042 570 vel
2072 512 2215 568 sicut
2242 528 2511 585 sponsus

469 604 541 661 ad
565 620 841 678 sponsam.
873 603 1014 674 Ergo
1039 601 1200 658 debet
1233 599 1282 657 ei
1311 599 1380 656 de
1408 614 1640 674 persona
1676 600 1873 657 idonea
1892 601 2179 672 providere
2207 609 2511 674 quantum

469 693 538 749 ad
567 693 762 749 melius
785 698 988 765 potest.

541 785 592 838 2.
654 781 942 849 Praeterea,
991 779 1225 835 loannes
1272 776 1621 850 Evangelista
1674 778 1909 834 maxime
1964 778 2067 835 suit
2116 778 2375 850 idoneus;
2432 785 2506 836 et

475 877 674 934 tamen,
697 868 824 941 quia
850 867 1286 939 consanguineus
1309 866 1511 922 Christi
1534 874 1651 922 erat
1670 865 1969 923 secundum
1998 883 2237 936 carnem,
2266 875 2505 943 praetii-—

470 957 533 1012 lit
559 958 605 1012 ei
642 959 856 1013 Petrum
879 957 934 1010 in
957 956 1220 1027 regimine
1241 955 1522 1012 Ecclesiae.
1546 955 1686 1026 Ergo
1716 956 1885 1012 etiam
1915 956 2173 1027 praelatus
2201 957 2247 1012 si
2275 957 2496 1014 habeat

470 1047 929 1116 consanguineum
955 1060 1110 1116 aeque
1137 1041 1411 1111 idoneum,
1440 1058 1548 1098 non
1573 1043 1735 1099 debet
1760 1043 1809 1098 ei
1836 1043 2121 1116 providere
2153 1045 2203 1100 in
2231 1043 2497 1103 Ecclesia

473 1134 648 1206 magis
692 1149 856 1206 quam
903 1132 992 1189 alii
1039 1147 1195 1204 aeque
1234 1130 1430 1187 idoneo
1462 1147 1475 1186 :
1510 1129 1682 1186 multo
1727 1147 1856 1204 ergo
1897 1132 2075 1188 minus
2104 1133 2151 1188 si
2191 1134 2263 1190 sit
2292 1135 2495 1191 minus

473 1221 719 1278 idoneus.

544 1309 649 1368 Sed
677 1315 869 1368 contra
897 1316 998 1378 est,
1029 1308 1174 1384 quod
1198 1307 1499 1365 secundum
1532 1307 1778 1365 ordinem
1802 1317 2013 1365 rectum
2038 1310 2283 1367 caritatis
2312 1310 2491 1369 homo

471 1399 594 1474 plus
616 1399 780 1456 debet
806 1398 1030 1472 diligere
1060 1398 1163 1454 sibi
1203 1397 1378 1470 magis
1409 1396 1748 1470 conjunctos.
1792 1397 1897 1454 Sed
1933 1397 2016 1453 his
2040 1415 2177 1471 quos
2215 1401 2383 1472 magis
2407 1418 2491 1457 ex

471 1490 704 1546 caritate
733 1487 1029 1559 diligimus,
1063 1487 1230 1544 etiam
1270 1486 1444 1558 magis
1468 1485 1729 1542 debemus
1766 1485 2073 1559 providere,
2108 1488 2248 1544 unde
2286 1506 2489 1546 eorum

470 1578 727 1634 meritum
778 1584 1010 1633 crescat.
1065 1577 1202 1632 Cum
1255 1591 1383 1646 ergo
1432 1590 1497 1629 ex
1555 1574 1697 1632 bona
1746 1574 2153 1648 dispensatione
2213 1577 2487 1638 Ecclesiae

469 1673 684 1723 crescat
713 1666 970 1721 meritum
993 1664 1130 1720 bene
1159 1663 1615 1730 administrantis,
1643 1662 1861 1721 videtur
1885 1664 2031 1736 quod
2068 1665 2324 1738 praelatus
2352 1683 2489 1724 ma-

469 1757 555 1828 gis
596 1756 793 1814 debeat
838 1756 952 1811 suis
992 1770 1156 1827 quam
1199 1754 1473 1810 extraneis
1509 1753 1815 1826 providere,
1855 1753 2024 1810 etiam
2052 1754 2097 1809 si
2136 1755 2246 1811 sint
2293 1757 2486 1815 minus

471 1845 674 1902 idonei.

541 1929 864 2004 Respondeo
884 1930 1192 1998 dicendum,
1218 1930 1362 2003 quod
1389 1928 1548 1986 aliter
1571 1937 1653 1986 est
1672 1929 1961 1986 dicendum
1984 1930 2050 1987 de
2075 1934 2487 2006 consanguineo

473 2020 687 2094 praelati
718 2036 876 2094 aeque
906 2019 1120 2086 idoneo,
1139 2023 1208 2075 'et
1238 2018 1399 2075 aliter
1423 2018 1489 2075 de
1512 2020 1692 2075 minus
1720 2017 1939 2076 idoneo.
1968 2021 2024 2078 Si
2049 2023 2197 2077 enim
2224 2024 2295 2078 sit
2318 2039 2489 2096 aeque

472 2109 718 2177 idoneae,
742 2115 922 2182 potest
951 2107 1210 2182 praelatus
1232 2122 1393 2163 suum
1416 2107 1881 2179 consanguineum
1909 2109 2185 2181 prael'erre,
2208 2112 2311 2167 nisi
2336 2113 2489 2170 forte

473 2215 540 2254 ex
580 2198 683 2255 hoc
726 2198 1043 2255 scandalum
1089 2197 1316 2264 oriatur,
1346 2196 1431 2252 vel
1478 2195 1649 2269 aliqui
1686 2197 1881 2254 exinde
1921 2198 2125 2255 malum
2170 2201 2489 2273 exemplum

475 2287 766 2359 accipiant,
794 2291 857 2343 ut
890 2286 1245 2361 probabiliter
1285 2285 1544 2358 praesumi
1589 2286 1762 2358 possit
1806 2287 1951 2358 quod
1988 2287 2082 2343 alii
2120 2288 2332 2361 praelati
2375 2290 2489 2348 hoc

475 2369 722 2448 exemplo
761 2376 1088 2433 inducantur
1118 2375 1188 2432 ad
1225 2373 1466 2432 dandum
1502 2373 1616 2429 suis
1659 2374 2077 2446 consanguineis
2103 2377 2270 2434 etiam
2300 2379 2487 2436 minus

476 2464 655 2536 dignis
686 2481 699 2519 ι
727 2471 783 2521 et
814 2463 918 2522 hoc
947 2463 1069 2521 ideo
1109 2463 1257 2536 quia,
1290 2479 1357 2518 ex
1385 2476 1494 2536 quo
1532 2460 1666 2517 nihil
1704 2461 1917 2534 deperit
1945 2463 2171 2521 utilitati
2194 2465 2479 2535 Ecclesiae,

476 2568 602 2608 cum
627 2569 784 2625 aeque
824 2552 1020 2608 idoneo
1050 2550 1387 2624 providetur,
1423 2550 1551 2606 licet
1589 2551 1736 2606 clrca
1778 2551 2088 2624 hujusmodi
2113 2555 2489 2626 provisionem

478 2642 646 2696 etiam
675 2641 847 2696 amori
873 2638 1109 2695 naturali
1147 2638 1487 2710 satisfacere,
1519 2639 1613 2711 qui
1641 2655 1746 2695 non
1785 2648 1867 2696 est
1896 2643 2203 2699 contrarius
2235 2646 2481 2714 caritati,

477 2727 573 2783 sed
602 2729 774 2798 magis
799 2728 1030 2782 caritate
1054 2725 1414 2781 informatur:
1446 2730 1503 2781 et
1535 2724 1637 2782 hoc
1660 2727 1999 2799 significatur
2026 2731 2228 2788 Genes.
2251 2748 2387 2802 nvn,
2421 2739 2481 2803 6,

478 2813 570 2869 ubi
599 2813 808 2870 Pharao
835 2814 972 2869 dixit
1001 2813 1068 2869 ad
1093 2813 1291 2888 loseph
1317 2813 1383 2868 de
1414 2811 1676 2871 fratribus
1703 2816 1816 2871 suis
1850 2833 1862 2870 τ
1890 2816 1947 2873 Si
1974 2819 2113 2874 nosti
2148 2818 2207 2876 in
2231 2821 2307 2877 eis
2333 2822 2487 2880 viros

477 2901 792 2967 industrios,
823 2901 1080 2959 constitue
1126 2917 1208 2956 eos
1248 2901 1529 2974 maqistros
1563 2919 1812 2974 pecorum
1850 2921 2105 2962 meorum.
2150 2909 2206 2966 Si
2250 2926 2377 2967 vero
2404 2912 2486 2968 sit

477 2990 656 3047 minus
697 2990 925 3048 idoneus
969 2990 1402 3062 consanguineus
1431 2991 1667 3063 praelati,
1702 3009 1805 3048 non
1834 2993 1997 3050 debet
2038 3011 2163 3052 eum
2199 2999 2485 3070 praeticero

477 3080 546 3137 ud
593 3096 780 3137 curam
819 3079 1080 3136 Ecclesiae
1121 3078 1427 3151 postposito
1481 3078 1711 3141 meliori,
1768 3080 1970 3153 duplici
2020 3085 2252 3143 ratione.
2300 3088 2483 3144 Primo

477 3169 718 3242 quidem,
751 3169 880 3241 quia
905 3168 1008 3226 hoc
1049 3167 1265 3223 videtur
1289 3181 1411 3222 esse
1448 3171 1639 3222 contra
1672 3167 2011 3238 fidelitatem,
2044 3188 2208 3244 quam
2240 3173 2294 3229 in
2335 3175 2483 3232 bono

477 3257 852 3329 dispensatore
885 3256 1148 3312 Dominus
1186 3253 1439 3326 requirit.
1483 3255 1603 3310 Non
1632 3256 1779 3312 enim
1806 3257 2012 3314 faceret
2047 3260 2279 3318 fideliter
2308 3279 2484 3336 nego-

369 3393 376 3402 .
477 3343 613 3400 tium
639 3343 870 3416 alicujus
897 3343 1100 3398 domini
1131 3343 1225 3414 qui
1265 3347 1451 3414 posset
1480 3359 1595 3398 rem
1635 3344 1751 3415 ejus
1780 3344 2087 3416 meliorare,
2114 3349 2160 3405 si
2203 3350 2307 3407 hoc
2334 3368 2485 3424 prae-

478 3433 828 3502 termitteret,
854 3437 917 3486 ut
945 3432 1059 3488 suis
1086 3430 1503 3502 consanguineis
1526 3431 1889 3488 satisfaceret.
1921 3435 2190 3506 Secundo,
2222 3441 2352 3512 quia
2373 3440 2481 3498 hoc

475 3523 695 3581 videtur
725 3521 793 3578 ad
829 3534 1184 3592 personarum
1214 3519 1589 3591 acceptionem
1629 3521 1923 3592 pertinere,
1970 3540 2095 3596 quae
2132 3528 2385 3585 consistit
2424 3530 2483 3586 in

475 3611 580 3667 hoc
607 3610 753 3684 quod
783 3609 982 3684 aliquis
1011 3607 1211 3679 accipit
1235 3622 1334 3680 pro
1359 3623 1525 3665 causa
1555 3608 1922 3667 conditionem
1941 3628 2191 3684 personae
2218 3632 2344 3688 quae
2372 3632 2486 3676 non

474 3700 608 3757 facit
643 3699 712 3756 ad
751 3699 1065 3771 negotium3
1095 3697 1237 3753 sicut
1278 3693 1324 3752 si
1352 3695 1552 3769 aliquis
1591 3696 1748 3753 daret
1794 3702 2121 3759 sententiam
2161 3719 2259 3777 pro
2295 3706 2486 3780 aliquo

475 3788 606 3860 quia
634 3788 788 3846 dives
815 3795 919 3854 est,
948 3792 1004 3843 et
1034 3801 1139 3841 non
1187 3785 1316 3858 quia
1339 3785 1616 3856 justitiam
1645 3786 1827 3856 habet,
1857 3804 1981 3862 quae
2005 3797 2089 3847 est
2122 3794 2364 3851 conditio
2395 3797 2489 3854 sa-

478 3875 628 3932 ciens
665 3877 736 3933 ad
775 3877 1074 3949 negotium.
1119 3875 1252 3931 Esse
1281 3880 1468 3931 autem
1508 3877 1989 3953 consanguineum,
2036 3896 2143 3939 non
2186 3889 2271 3941 est
2296 3883 2489 3960 aliqua
