2800 4492
539 303 662 369 492
1021 320 1074 367 s.
1117 318 1349 365 1·quAE
1388 315 1717 369 AQUINATIS
1760 316 2068 365 opuseuna

544 444 636 499 tur
663 454 784 499 esse
819 435 1118 517 probabile,
1163 435 1310 511 quod
1355 441 1621 509 quantum
1650 434 1721 500 ad,
1749 435 1852 493 hoc
1878 433 2022 511 quod
2046 434 2175 507 jura
2204 434 2301 493 illa
2332 436 2561 513 antiqua

543 530 843 596 continent,
882 530 974 600 jus
1009 525 1260 584 naturale
1298 524 1550 597 abrogari
1584 539 1690 581 non
1726 524 1897 598 possit
1926 540 2022 598 per
2046 526 2388 583 contrariam
2428 542 2561 583 con-

543 616 908 683 suetudinem,
953 621 1141 688 utpote
1170 612 1567 673 irrationalem.
1612 613 1890 687 Quantum
1926 620 2112 669 autem
2154 613 2225 670 ad
2269 612 2377 673 hoc
2416 616 2559 689 quod

545 704 719 762 solum
739 704 806 761 de
829 706 952 776 jure
981 702 1216 776 positivo
1242 704 1541 769 continent,
1572 706 1795 773 possunt
1818 708 1939 757 esse
1962 699 2261 800 abrogata3
2288 703 2560 775 praecipue

545 793 591 850 si
620 791 938 849 simulantes
980 790 1119 849 hanc
1148 789 1481 849 contrariam
1509 805 1642 847 cons
1646 788 2025 857 uetudinem,
2011 806 2067 844 ln
2094 806 2334 863 quorum
2378 798 2560 865 potes·-

543 886 659 939 tate
681 886 766 937 est
797 880 888 953 jus
915 879 1210 953 positivum
1249 884 1483 949 mutare,
1512 876 1801 938 intendunt
1836 892 1931 953 pst·
1964 876 2133 976 talem
2161 878 2560 940 dissimulatio·

545 960 676 1026 neus
693 970 916 1043 antiqua
940 970 1062 1042 jura
1091 974 1325 1025 mutare.

614 1058 669 1115 Si
715 1074 844 1131 ergo
887 1060 1112 1133 antiqua
1147 1058 1292 1131 iura,
1325 1072 1453 1131 quae
1482 1056 1585 1113 hoc
1621 1054 1931 1133 prohibent,
1977 1056 2031 1113 in
2060 1071 2162 1113 suo
2204 1055 2407 1115 robore
2444 1074 2560 1119 ma-

546 1155 730 1213 neant,
758 1146 1033 1205 contraria
1056 1145 1451 1204 consuetudine
1474 1160 1581 1201 non
1610 1144 1881 1213 obstante,
1913 1150 2127 1201 certum
2154 1150 2381 1203 estnon
2410 1164 2557 1220 posse

547 1233 786 1307 aliquem
825 1236 1008 1309 plures
1055 1234 1378 1309 praebendas
1423 1232 1624 1291 habere
1671 1232 1877 1307 absque
1914 1233 2353 1305 dispensatione,
2400 1237 2559 1295 etiam

546 1322 654 1379 illis
691 1325 1118 1381 circumstantiis
1141 1321 1649 1395 supervenientibus
1678 1338 1802 1395 quae
1832 1323 2131 1381 secundum
2157 1324 2559 1384 consideratio·

546 1426 670 1467 nem
701 1412 844 1484 juris
881 1413 1144 1469 naturalis
1173 1418 1356 1469 actum
1387 1415 1641 1485 poterant
1668 1410 1977 1467 honestare.
2009 1412 2063 1467 Si
2106 1416 2297 1469 autem
2339 1415 2559 1487 antiqua

541 1500 667 1573 jura
704 1507 831 1557 sunt
874 1518 968 1575 per
995 1500 1445 1559 consuetudinem
1484 1499 1765 1571 abrogata,
1799 1504 1930 1556 tunc
1969 1500 2253 1567 praedictis
2294 1502 2561 1559 circums-

549 1590 738 1647 tantiis
791 1589 1320 1665 supervenientibuS,
1371 1590 1539 1647 etiam
1590 1588 1706 1645 sino
1752 1588 2161 1661 dispensatione
2219 1589 2443 1649 licitum
2484 1600 2559 1649 est

546 1679 730 1755 plures
762 1679 1082 1752 praebendas
1111 1678 1346 1749 habere;
1377 1679 1494 1736 sine
1522 1676 1721 1753 quibus
1752 1678 2182 1737 circumstantiis
2210 1679 2433 1743 licitum
2462 1700 2559 1739 non

548 1775 650 1834 est,
680 1774 1182 1841 quantumcumque
1206 1767 1542 1840 dispensatio
1570 1766 1933 1835 interveniat3
1962 1782 2025 1825 eo
2050 1768 2193 1843 quod
2223 1768 2558 1843 dispensatio

546 1856 785 1915 bumana
827 1872 932 1913 non
978 1856 1155 1915 aufert
1201 1856 1437 1927 ligamen
1467 1856 1607 1929 juris
1646 1855 1943 1922 naturalis,
1980 1856 2078 1913 sed
2119 1855 2299 1913 solum
2330 1858 2559 1931 ligamen

542 1944 684 2018 juris
713 1944 952 2017 positivi,
997 1945 1144 2017 quod
1183 1960 1277 2019 per
1303 1944 1581 2003 hominem
1608 1946 1973 2013 statuitur,'et
2010 1963 2105 2021 per
2138 1946 2423 2011 homiuem
2450 1948 2559 2006 dIs·

553 2032 766 2107 pensari
791 2040 992 2109 potest.

619 2122 688 2183 Et
711 2139 775 2183 ex
799 2122 883 2181 his
906 2122 975 2181 de
994 2120 1139 2183 facili
1163 2128 1342 2199 potest
1367 2129 1555 2198 patere
1584 2122 1861 2197 responsio
1888 2122 1959 2183 ad
1984 2122 2220 2202 obJecta.

1208 2301 1664 2365 ARTIGULUS
1716 2302 1887 2365 XVI.

624 2434 842 2500 Uirum
871 2451 1064 2497 omncs
1088 2432 1305 2498 Sancti
1330 2412 1441 2514 qui
1466 2437 1611 2495 sunt
1625 2419 1735 2513 pcc
1762 2411 2101 2497 Ecclesiam
2129 2436 2499 2514 canonizati,

841 2524 968 2587 sint
995 2526 1061 2586 in
1081 2523 1308 2604 ylo-ria,
1337 2522 1433 2585 ‘cci
1459 2522 1659 2605 aliqui
1685 2538 1887 2585 corum
1914 2523 1982 2585 in
2008 2524 2269 2601 inferno.

621 2658 828 2715 Deinde
869 2659 1152 2731 quaeritur,
1195 2662 1462 2731 quantum
1490 2656 1560 2713 ad
1588 2655 1817 2729 gloriam
1853 2657 2108 2731 pertinet,
2158 2665 2348 2717 utrum
2375 2676 2563 2719 omnes

551 2746 734 2802 Sancti
759 2747 852 2820 qui
882 2754 1008 2803 sunt
1034 2762 1128 2817 per
1149 2746 1449 2803 Ecclesiam
1475 2744 1799 2812 canonizati,
1828 2748 1939 2803 sint
1969 2748 2023 2805 in
2050 2746 2240 2821 gloria,
2279 2747 2364 2807 vel
2394 2751 2563 2825 aliqui

551 2849 764 2891 eorum
773 2834 886 2889 sint
923 2834 976 2889 in
1007 2833 1246 2902 inferno;
1279 2840 1332 2888 et
1357 2834 1576 2891 videtur
1614 2835 1758 2907 quod
1788 2834 1955 2908 aliqui
1985 2844 2215 2909 possunt
2238 2852 2361 2895 esse
2390 2839 2449 2897 in
2477 2841 2564 2899 iu-

551 2920 702 2979 ferno
739 2920 808 2977 de
835 2921 920 2977 bis
955 2921 1050 2995 qui
1078 2929 1203 2977 sunt
1234 2921 1290 2977 in
1335 2921 1579 2979 Ecclesia
1610 2923 1935 3007 canonizati.
1982 2924 2174 2983 Nullus
2204 2927 2354 2985 enim
2382 2935 2563 3003 potest

552 3027 670 3067 esse
698 3016 879 3069 certus
904 3010 973 3067 de
996 3015 1144 3067 statu
1173 3008 1427 3081 alicujuS,
1460 3010 1604 3067 sicut
1643 3002 1873 3083 ipsemet
1902 3013 1971 3070 de
1998 3028 2105 3069 se:
2134 3014 2267 3087 quia
2296 3032 2416 3089 quoe
2442 3024 2565 3077 sunt

551 3100 797 3167 hominis,
821 3116 972 3157 nemo
993 3097 1138 3157 novit
1162 3097 1272 3155 nisi
1297 3098 1527 3172 spiritus
1548 3095 1794 3166 hominis,
1816 3101 1908 3175 qui
1930 3107 2007 3161 est
2032 3101 2091 3158 in
2115 3102 2249 3175 ipso,
2272 3111 2338 3161 ut
2361 3105 2565 3164 dicitur

551 3189 836 3245 ICorinth.
865 3205 927 3256 ιι,
953 3194 1007 3246 2.
1033 3187 1138 3245 Sed
1163 3187 1322 3243 homo
1348 3202 1456 3243 non
1482 3193 1661 3259 potest
1686 3204 1806 3244 esse
1828 3196 2013 3246 certus
2036 3190 2105 3246 de
2122 3206 2181 3249 se
2210 3192 2351 3265 ipso,
2379 3201 2563 3251 utrum

550 3277 623 3331 sit
651 3277 706 3331 in
740 3281 887 3333 statu
914 3275 1108 3334 salutis
1141 3294 1156 3331 ε
1187 3276 1389 3333 dicitur
1419 3276 1563 3333 enim
1596 3275 1747 3335 Eccl.
1775 3292 1860 3348 lx,
1893 3280 1917 3335 4
1972 3295 1987 3333 :
2014 3278 2183 3337 Nemo
2211 3280 2335 3349 scit,
2374 3290 2565 3341 utrum

549 3362 620 3419 sit
643 3362 838 3434 dignus
859 3363 979 3419 odio
1011 3364 1092 3421 vel
1113 3380 1312 3421 amore.
1343 3364 1486 3441 Ergo
1514 3364 1682 3424 multo
1728 3367 1905 3425 minus
1948 3368 2097 3441 Papa
2120 3368 2229 3429 scit
2256 3386 2272 3426 ε
2300 3386 2435 3443 ergo
2464 3388 2566 3445 po-

551 3458 657 3510 test
687 3454 742 3509 in
771 3452 1139 3511 canonizando
1169 3468 1376 3512 errare.
1461 3490 1469 3497 -

621 3547 674 3603 2.
721 3544 1006 3608 Praeterea,
1041 3542 1371 3615 quicumque
1414 3542 1471 3601 in
1492 3542 2073 3617 judicandoinnititur
2114 3546 2297 3605 medio
2326 3548 2561 3621 fallibili,

550 3636 730 3703 potest
759 3645 961 3689 errare.
1007 3628 1114 3689 Sed
1143 3628 1390 3687 Ecclesia
1428 3629 1483 3684 in
1509 3630 1879 3689 canonizando
1907 3632 2137 3690 Sanctos
2162 3634 2418 3694 innititur
2451 3645 2567 3695 tes·

552 3718 778 3774 timonio
817 3717 1056 3774 humano
1102 3731 1228 3773 cum
1268 3715 1510 3791 inquirat
1552 3733 1651 3789 per
1693 3725 1865 3775 testes
1903 3719 1972 3777 de
2015 3721 2131 3780 vita
2173 3728 2230 3778 et
2260 3723 2567 3785 miraculis,

549 3804 712 3875 Ergo,
738 3820 864 3861 cum
889 3805 1260 3862 testimonium
1283 3804 1564 3863 hominum
1586 3806 1661 3863 sit
1684 3805 1933 3869 faillibile
1951 3808 2168 3869 videtur
2190 3812 2340 3885 quod
2371 3814 2569 3873 Eccle-

551 3892 632 3947 sia
658 3892 714 3947 in
737 3893 1107 3953 canonizando
1130 3894 1358 3951 Sanotos
1383 3894 1553 3969 possit
1577 3896 1783 3957 errare.
