2800 4492
670 319 810 368 mx.
839 332 922 352 -
947 300 1404 374 ouonnmnru'ra
1418 299 1722 369 'sexium
2047 280 2191 372 333³

188 431 351 510 ricus,
377 433 435 497 et
461 433 735 528 praecipuo
768 437 824 495 in
853 437 1025 496 sacris
1061 435 1345 496 ordinibus
1381 415 1753 513 constitutus,
1756 415 1997 496 tenetur
2008 422 2190 498 dicere

187 529 346 586 horas
385 523 701 584 canonicas.
729 524 999 583 Videntur
1033 525 1180 583 enini
1229 527 1369 602 tales
1408 526 1720 601 specialiter
1762 543 1883 585 esse
1926 527 2192 602 assumpti

188 619 256 676 ad
297 615 514 674 landem
557 615 819 682 divinam,
859 617 1158 672 secundum
1189 598 1335 672 illud
1367 610 2085 684 Isa.x1.m,'7·0mnem
2100 618 2193 694 qui

190 707 395 764 invocat
417 721 604 762 nomen
627 719 827 771 meum,
849 703 911 760 in
937 703 1146 761 laudem
1171 717 1352 762 meam
1381 706 1562 762 creavi
1589 704 1761 763 illum.
1791 707 1898 764 Sed
1927 708 1982 763 in
2012 724 2192 782 quan-

189 801 302 852 tum
327 801 412 852 est
437 791 672 852 clericus
698 793 1102 850 beneficiatus
1085 809 1142 849 ιιι
1165 793 1270 850 hac
1291 792 1559 864 Ecclesia,
1592 801 1817 866 tenetur
1842 793 2027 853 dicere
2066 795 2194 853 offi-

188 887 330 942 cium
357 877 656 942 secundnm
679 869 901 939 mo‘dum
926 879 1084 939 illius·
1100 881 1381 940 Ecclesiae.
1723 949 1728 954 ¹

255 975 350 1032 Est
369 987 498 1046 ergo
519 971 999 1039 considerandum,
1029 971 1176 1045 quod
1201 969 1443 1046 officium
1484 969 1835 1030 mortuorum
1864 975 2192 1051 quandoque

187 1065 243 1122 in
264 1063 509 1120 Ecclesia
537 1061 742 1137 dicitur
769 1061 914 1118 sicut
949 1059 1227 1118 ordinarie
1253 1061 1535 1134 pertinens
1558 1059 1627 1118 ad
1666 1059 1925 1120 Ecclesiae
1952 1065 2192 1126 officium

187 1153 328 1211 sicut
355 1151 410 1208 in
436 1157 552 1209 tota
587 1142 831 1208 Ecclesia
857 1149 912 1206 in
941 1149 1032 1206 die
1069 1151 1400 1220 animarum.
1418 1147 1621 1206 dicitur
1650 1151 1887 1208 officium
1916 1169 2013 1226 pro
2038 1169 2192 1214 mor-

188 1241 328 1310 tuis3
353 1247 408 1297 et
436 1241 491 1298 in
513 1239 756 1314 qualibet
769 1237 1017 1310 Ecclesia
1045 1247 1130 1296 est
1159 1239 1342 1312 aliqua
1365 1253 1530 1313 super
1553 1240 1657 1296 hoc
1682 1241 1935 1313 specialis
1958 1258 2191 1302 consue-

187 1331 337 1398 tudo,
369 1337 500 1404 puta
544 1338 606 1387 ut
646 1329 886 1386 dicatur
913 1329 1189 1385 ordinarie
1245 1326 1485 1385 officium
1528 1335 1867 1388 mortuorum
1914 1333 2081 1388 semel
2133 1334 2209 1390 in·

185 1422 508 1494 septimana,
542 1419 630 1477 vel
659 1409 1132 1492 qualitercumque
1161 1416 1319 1474 aliter
1361 1417 1660 1474 secundum
1686 1405 1896 1475 certum
1928 1406 2189 1494 tempus}
2211 1481 2217 1485 ,

186 1517 240 1566 et
264 1511 330 1566 ad
357 1509 516 1582 hujus
493 1507 666 1563 smodi
691 1506 929 1563 officium
965 1511 1306 1562 mortuorum
1337 1511 1553 1563 tenetur
1577 1507 1809 1564 clericus
1834 1507 2191 1566 beneficiatus

101 1624 119 1641 ·
185 1600 239 1655 in
264 1597 450 1670 aliqua
474 1595 740 1663 Ecclesia,
763 1595 931 1652 etiam
951 1595 1010 1650 in
1037 1593 1238 1650 scholis
1261 1596 1519 1663 existens,
1545 1605 1607 1653 ut
1631 1612 1727 1670 per
1755 1597 1859 1654 hoc
1886 1599 2189 1656 satisfaciat

184 1687 437 1754 mortuis,
467 1700 698 1760 quorum
725 1685 948 1758 ⁴recipit·
984 1683 1146 1741 bona.
1186 1683 1497 1757 Aliquando
1540 1701 1671 1742 vero
1712 1687 1915 1744 dicitur
1949 1687 2190 1750 efficium

183 1783 521 1834 mortuorum
561 1775 615 1829 in
654 1773 896 1850 Ecclesia
912 1772 1392 1848 extraordinarie,
1421 1779 1645 1846 propter
1686 1771 1927 1848 aliquam
1964 1792 2190 1836 causam

184 1863 491 1939 specialiter
547 1869 932 1934 emergentem,
980 1867 1114 1940 puta
1157 1861 1226 1932 ad
1253 1862 1464 1934 preses
1499 1860 1736 1934 alicujus
1783 1879 2053 1936 personae,
2094 1866 2189 1936 ,vel

184 1959 402 2028 propter
431 1945 636 2032 aliquid
660 1947 1016 2024 huJ'usrnodi:
1047 1955 1105 2006 et
1131 1950 1228 2007 ad
1241 1945 1551 2023 hujusmodi
1582 1943 1821 2008 officium
1849 1959 2189 2036 mortuorum

185 2048 293 2112 non
320 2047 536 2099 tenetur
554 2039 785 2098 clericus
809 2041 1050 2110 existens
1073 2041 1129 2096 in
1159 2034 1382 2096 scholis.

251 2131 320 2188 Et
345 2145 442 2205 per
463 2129 567 2186 hoc
591 2133 746 2203 patet
767 2125 1049 2218 responsio
1075 2124 1144 2184 ad
1173 2125 1409 2216 objecta.
1474 2122 1479 2126 ’

759 2333 772 2344 -
805 2368 808 2372 ,
878 2297 1336 2372 malacenus
1377 2281 1491 2369 ix.
1528 2297 1533 2300 ·

193 2445 412 2512 Utrum
451 2441 799 2522 Episcopus
829 2444 1031 2518 peccet
1065 2439 1219 2502 dans
1259 2407 1599 2516 beneficium
1627 2436 1803 2514 ·bono,
1841 2441 1901 2504 aa·
1923 2407 2195 2522 praeter.-

223 2537 434 2600 mittat
457 2531 776 2596 melimffem
803 2527 1076 2608 —-(Arc.
1109 2529 1219 2603 843
1239 2532 1302 2590 et
1325 2528 1471 2604 2-2,
1490 2532 1701 2608 quast.
1732 2530 1879 2606 183,
1900 2537 2023 2594 art.
2056 2535 2202 2614 3).-

253 2669 336 2730 Ad
371 2666 594 2728 tertium
619 2663 702 2731 sic'
723 2661 1056 2742 proceditur.
1083 2659 1312 2718 Videtur
1335 2657 1483 2735 quod
1505 2633 1806 2736 Episcopus
1832 2639 2023 2737 peccet
2044 2651 2188 2727 dans

182 2741 510 2818 beneficium
533 2753 694 2820 bono,
717 2752 764 2808 ·si
787 2751 1174 2826 praetermittat
1197 2749 1497 2806 meliorem.
1530 2749 1669 2821 Quia
1697 2753 1791 2824 qui
1830 2753 1963 2810 facit
1995 2763 2189 2835 contra

181 2844 594 2912 conscientiam,
625 2841 864 2905 aedificat
906 2840 976 2898 acl
1016 2839 1340 2913 gehennam.
1369 2839 1476 2898 Sed
1500 2841 1606 2904 iste
1618 2839 1933 2916 Episcopus
1954 2852 2187 2917 praeter*

181 2937 412 3014 mittens
439 2934 738 3010 meliorem,
751 2929 970 2991 videtur
990 2929 1170 2986 facere
1184 2934 1374 2986 contra
1393 2929 1807 3034 conscientiam.
1830 2929 1973 3006 Ergo
1994 2934 2189 3006 peccat

181 3009 512 3090 mortaliter,
539 3019 818 3078 aedificans
841 3017 911 3077 ad
936 3005 1259 3090 gehennam.

255 3113 364 3174 Sed
392 3119 583 3188 contra
611 3117 698 3172 est
719 3107 863 3182 quod
888 3108 1058 3164 etiam
1087 3107 1430 3172 secundum·
1406 3123 1537 3184 Jura
1564 3105 1765 3162 sufficit
1790 3105 1921 3165 dare
1946 3105 2124 3180 bono,
2138 3109 2188 3169 sl

180 3206 260 3280 s'it
289 3184 518 3260 idoneus
539 3198 606 3254 ad
633 3194 1022 3252 serviendum
1008 3213 1060 3250 ιιι
1090 3195 1356 3253 Ecclesia.
1422 3227 1427 3232 -
2192 3267 2199 3272 .

251 3271 578 3366 Respondeo
603 3283 912 3350 dicendum,
922 3283 1092 3356 quod
1120 3283 1320 3358 aliquis
1358 3271 1541 3357 potest
1581 3281 1689 3345 dici
1731 3252 1925 3346 melior
1951 3269 2193 3364 duplici-

180 3390 310 3441 ter:
341 3394 448 3438 uno
473 3375 634 3433 modo
660 3372 1000 3447 simpliciter,
1027 3373 1158 3448 quia
1185 3377 1270 3428 es't
1298 3373 1557 3450 sanctior,
1589 3373 1711 3453 plus
1756 3373 1961 3434 habens
1993 3378 2061 3434 de
2090 3395 2197 3442 σεε

181 3473 381 3546 ritat03
412 3467 519 3525 alio
549 3464 716 3523 modo
736 3462 943 3518 dicitur
973 3459 1173 3534 aliquis
1210 3449 1400 3519 melior
1432 3462 1612 3536 quoad
1662 3462 1891 3538 aliquid.
1916 3447 2193 3550 Contingit

183 3569 374 3620 autem
401 3555 728 3632 quandoque
757 3537 994 3626 aliquem
1029 3567 1076 3606 e
1063 3565 1148 3606 sse
1191 3535 1470 3612 meliorem
1501 3551 1839 3635 simpliciter,
1872 3555 1965 3628 qui
2010 3547 2195 3612 tamen

182 3664 300 3723 non
324 3655 408 3703 est
433 3645 622 3702 melior
647 3651 914 3718 quantum
943 3641 1010 3698 ad
1039 3639 1143 3697 hoc
1168 3637 1315 3714 quod
1348 3626 1675 3700 beneficium
1716 3642 2030 3715 percipiat.
2062 3644 2195 3717 q'uia
2236 3637 2247 3646 “

181 3737 336 3807 alius,
359 3735 498 3792 forte
533 3739 712 3806 potest
742 3731 1042 3810 Ecclesiam
1069 3731 1244 3802 magis
1275 3731 1477 3802 juvare
1505 3729 1589 3788 vel
1630 3747 1726 3803 per
1766 3731 2054 3788 consilium
2086 3738 2198 3806 ,sa-⁴

178 3825 432 3903 pientiae,
465 3822 551 3878 vel
577 3837 671 3895 per
699 3821 959 3882 auxilium
983 3821 1263 3894 potentiae,
1295 3819 1382 3882 vel
1418 3817 1803 3896 quiaservivit
1840 3817 1897 3876 in
1924 3811 2193 3892 Ecclesia.

177 3917 307 3976 Non
331 3927 463 3985 ergo
485 3909 783 3986 Episcopus
823 3915 1040 3966 tenetur
1070 3921 1283 3982 semper
1325 3908 1459 3963 dare
1488 3906 1699 3963 meliori
1726 3907 2065 3982 simpliciter,
2098 3909 2197 3968 sed

690 4026 741 4074 S.
773 4026 925 4075 Tuon.
962 4027 1044 4080 Ao.
1081 4025 1342 4074 Oruscuu.
1373 4043 1419 4063 -
1466 4021 1521 4071 11.
1550 4045 1609 4062 -
1640 4023 1700 4074 23
