2800 4492
730 342 842 400 x'11.
874 371 957 386 -
983 355 1410 408 ouonuamuu
1452 357 1771 402 stanuum.
1802 349 1816 392 ἰ
2128 339 2243 402 391
2281 337 2301 396 ἶ

305 470 390 526 Ad
421 469 724 531 secundum
771 471 1084 540 dicendum,
1116 473 1260 547 quod
1309 473 1378 530 de
1418 474 1687 546 qualitate
1719 473 1991 547 spirituali
2029 471 2247 530 omnino

231 556 382 614 idem
412 559 706 618 dicendum
736 560 954 617 videtur
979 561 1125 634 quod
1147 563 1216 619 de
1235 561 1505 635 qualitate
1532 563 1802 636 corporali
1828 563 2035 619 dictum
2061 571 2165 620 est..

306 648 391 703 Ad
416 647 642 705 tertium
670 649 980 715 dicendum,
1011 649 1156 724 quod
1183 665 1307 706 cum
1337 651 1644 710 substantia
1683 650 1985 723 spiritualis
2021 650 2245 722 quanti·
2284 695 2289 700 .

181 731 190 739 ‘
229 742 350 791 tate
369 743 578 804 careat,
612 754 715 793 non
740 745 921 810 potest
951 738 1068 794 fieri
1093 739 1238 811 quod
1268 739 1509 811 qualitas
1532 740 1777 812 corporis
1800 741 1873 796 sit
1903 740 1959 796 in
1988 739 2245 796 substan-

233 825 314 880 tia
343 825 618 896 spirituali
651 825 751 881 nisi
801 843 894 898 per
937 826 1160 884 modum
1205 825 1354 883 illum
1383 844 1493 901 quo
1518 834 1843 900 potestesse
1872 829 1990 885 sine
2017 828 2247 901 quanti-

235 921 370 981 tate,
403 923 462 970 ut
487 914 696 970 dictum
721 921 826 971 est.

305 1003 388 1058 Ad
415 1010 674 1075 quartum
699 1003 1008 1069 dicendum,
1026 1004 1171 1077 quod
1197 1021 1264 1061 ex
1290 1004 1391 1062 hoc
1414 1005 1530 1076 ipso
1556 1005 1699 1078 quod
1722 1004 2029 1061 substantia
2057 1013 2247 1063 creata

233 1101 588 1164 comparatur
617 1091 686 1148 ad
723 1093 916 1159 Deum,
950 1089 1303 1165 consequitur
1330 1093 1505 1166 ipsam
1552 1093 1773 1166 aliquod
1792 1091 2076 1157 accidens,
2104 1094 2248 1148 sicut
2279 1155 2287 1162 ⁴

236 1174 352 1251 ipsa
381 1179 578 1238 relatio
606 1182 1028 1248 creationiS‚aut
1052 1182 1356 1248 servitutis,
1389 1189 1485 1238 aut
1515 1179 1623 1239 alia
1660 1179 1853 1235 similis
1877 1181 2047 1249 ratio;
2080 1181 2243 1248 unde,

233 1269 377 1324 sicut
415 1270 564 1324 Deus
608 1281 718 1324 non
762 1275 942 1342 potest
976 1269 1156 1325 facere
1193 1269 1338 1341 quod
1383 1275 1637 1326 creatura
1687 1284 1790 1325 non
1836 1268 2142 1341 dependeat
2176 1268 2247 1324 ab

235 1356 370 1427 ipso,
407 1357 487 1413 ita
511 1372 614 1414 non
646 1347 829 1430 posset
856 1357 1038 1414 facere
1061 1358 1216 1430 quod·
1238 1366 1384 1414 esset
1412 1356 1619 1429 absque
1648 1357 1957 1429 hujusmodi
1987 1357 2243 1415 acciden-

235 1445 414 1511 tibus;
445 1454 627 1516 posset
657 1452 840 1502 autem
879 1446 1058 1502 facere
1089 1447 1235 1519 quod
1268 1452 1415 1502 esset
1444 1446 1650 1518 absque
1696 1445 1818 1502 aliis
1848 1444 2241 1502 accidentibus

233 1534 504 1590 Accidens
527 1543 712 1590 autem
740 1549 846 1591 non
876 1534 1039 1591 habet
1068 1535 1376 1607 subjectum
1396 1551 1463 1590 ex
1491 1534 1595 1594 hoc
1623 1535 1768 1607 quod
1794 1539 2147 1606 comparatur
2170 1534 2241 1589 ad
2306 1534 2319 1546 '

177 1622 186 1628 '
234 1624 444 1690 Deum3
491 1629 545 1677 et
585 1622 707 1678 ideo
753 1623 888 1679 nihil
926 1623 1174 1714 prohibet
1217 1623 1349 1697 quin
1386 1624 1535 1724 Deus
1576 1623 1755 1680 facere
1806 1624 1976 1696 possit
2023 1621 2245 1723 aliquod

233 1711 492 1767 accidens
515 1727 635 1770 esse
659 1712 776 1768 sine
805 1713 1071 1785 subjecte.

301 1800 386 1856 Ad
415 1799 667 1874 quintum
691 1801 837 1874 quod
876 1801 1131 1874 objicitur
1175 1807 1386 1868 contra,
1420 1809 1599 1874 patet
1613 1801 1760 1874 quod
1788 1816 1897 1859 non
1923 1807 2008 1859 est
2046 1799 2242 1858 eadem

234 1890 377 1946 ratio
400 1888 472 1944 de
498 1889 810 1962 quantitate
829 1898 885 1962 et
914 1889 1217 1963 qualitate,i
1235 1896 1294 1945 ut
1322 1905 1391 1950 ex
1419 1890 1585 1946 dictis
1613 1898 1787 1963 patet.

985 2087 1382 2168 QUAESTIO
1428 2087 1488 2151 V

303 2243 515 2300 Deinde
544 2244 811 2318 quaeritur
831 2245 898 2300 de
917 2245 1236 2319 corporibus
1261 2245 1642 2302 damnatorum
1662 2259 1675 2314 ;
1698 2251 1753 2301 et
1780 2243 1928 2299 circa
1950 2241 2055 2298 hoc
2084 2259 2241 2316 quoe·

234 2341 430 2390 runtur
460 2333 568 2392 tria
599 2350 613 2388 ε
642 2335 703 2388 10
732 2341 916 2390 utrum
945 2349 1172 2406 corpora
1197 2335 1583 2390 damnatorum
1621 2334 1733 2388 sint
1771 2331 2240 2404 incorruptibilia;

235 2426 296 2494 2⁰
326 2430 512 2480 utrum
537 2431 820 2494 resurgent
849 2438 974 2480 cum
1001 2423 1114 2478 suis
1141 2420 1617 2492 deformitatibus3
1652 2423 1714 2474 3⁰
1737 2427 1921 2475 utrum
1953 2419 2243 2490 punientur

236 2510 288 2565 in
316 2510 528 2566 inferno
555 2526 759 2580 verme,
793 2518 848 2567 et
872 2510 1002 2567 fletu
1032 2511 1324 2584 corporali.

931 2689 1386 2751 ARTIGULUS
1429 2689 1539 2750 XI.

245 2826 464 2889 Utrum
532 2840 785 2902 corpora
849 2824 1272 2886 damnatorum
1337 2830 1515 2887 erunt
1582 2823 2100 2906 incorruptibilia.
2160 2859 2240 2872 -

314 2915 402 2994 (4,
431 2913 579 2976 disc.
613 2916 713 2983 44,
742 2918 950 2992 quoest.
983 2915 1044 2988 3,
1078 2919 1202 2975 art.
1229 2915 1288 2988 2,
1323 2918 1539 2994 quoest.
1572 2916 1647 2989 2;
1676 2918 1733 2977 et
1760 2920 1916 2978 cont.
1953 2914 2128 2978 Geni.
2178 2920 2240 2988 4,
2307 2907 2315 2916 ‘

313 3020 449 3081 cap.
479 3002 588 3076 89;
612 3005 668 3062 et
693 3017 896 3080 opusc.
923 3001 1019 3075 10,
1045 3018 1176 3081 cap.
1199 3003 1300 3076 25,
1326 3007 1383 3064 et
1402 3019 1605 3084 opusc.
1633 3005 1730 3076 11,
1754 3021 1887 3082 cap.
1916 3004 2011 3078 19,
2035 3008 2092 3065 et
2109 3002 2240 3082 20).

300 3136 384 3192 Ad
436 3134 670 3206 primum
718 3134 797 3190 sic
844 3135 1177 3207 proceditur.
1207 3135 1259 3189 l.
1295 3135 1523 3191 Videtur
1568 3135 1716 3234 quod
1750 3150 1976 3207 corpora
2006 3135 2243 3191 damna-

234 3233 414 3282 torum
467 3238 572 3278 non
619 3229 779 3278 erunt
820 3222 1274 3296 incorruptibilia.
1315 3224 1524 3295 Corpus
1570 3223 1714 3278 enim
1754 3239 1857 3279 non
1898 3231 2080 3296 potest
2120 3240 2241 3280 esse

233 3312 649 3384 incorruptibile
679 3312 780 3366 nisi
812 3329 908 3384 per
944 3318 1217 3378 naturam,
1251 3317 1310 3366 ut
1339 3311 1578 3378 caeleste,
1612 3311 1697 3368 vel
1740 3329 1837 3385 per
1872 3313 2107 3385 gratiam
2150 3316 2245 3369 in-

232 3401 524 3467 nocentiae,
574 3406 634 3456 ut
683 3415 880 3474 corpus
918 3400 1154 3455 hominis
1195 3399 1251 3454 in
1295 3399 1469 3472 primo
1510 3392 1677 3469 statu,
1715 3402 1799 3457 vel
1841 3419 1935 3475 per
1987 3402 2238 3474 gloriam,

232 3492 376 3547 sicut
403 3485 604 3563 corpus
632 3489 832 3545 Christi
871 3489 924 3544 in
967 3488 1388 3546 resurrectione.
1418 3488 1523 3545 Sed
1565 3490 1770 3546 nullum
1812 3490 2041 3547 istorum
2085 3507 2242 3548 com-

231 3581 372 3652 petit
416 3579 736 3652 corporibus
780 3577 1188 3634 damnatorum.
1229 3577 1370 3649 Ergo
1420 3593 1650 3651 corpora
1696 3579 2081 3635 damnatorum
2132 3593 2238 3634 non

231 3677 392 3724 erunt
419 3667 870 3740 incorruptibilia.

301 3760 357 3813 2.
383 3756 440 3812 Si
466 3745 684 3811 dicatur
712 3756 858 3828 quod
889 3765 1049 3813 erunt
1077 3756 1513 3829 incorruptibilia
1539 3772 1606 3812 ex
1632 3756 1854 3811 decreto
1884 3755 2091 3812 divinae
2112 3757 2237 3827 jus·-

231 3845 374 3904 titiae
403 3851 464 3900 ut
511 3850 776 3918 perpetuo
814 3845 1141 3917 puniantur-3
1173 3851 1383 3902 contra.
1420 3843 1606 3915 Culpae
1648 3858 1751 3899 non
1798 3833 2029 3899 debetur
2074 3859 2237 3917 poena

230 3941 502 4010 perpetua
547 3934 652 3992 nisi
697 3935 997 3994 secundum
1038 3936 1184 4010 quod
1222 3934 1386 3993 habet
1434 3932 1639 4008 aliquid
1686 3933 2089 4008 perpetuitatis.
2130 3935 2240 3993 Sed
