2800 4492
757 318 871 386 ξπ.
903 331 984 350 -
1012 315 1443 384 Quom-murum
1487 317 1807 384 emmun-
2160 303 2305 375 257:

255 433 392 504 dici,
435 434 591 510 quod
639 435 800 508 sicut.
829 435 1032 492 coelum
1073 449 1394 508 empyreum
1444 435 1648 491 dicitur
1699 435 1959 508 igneum,·
1982 451 2098 494 non
2148 437 2303 511 quia*

255 526 460 582 habeat
496 523 742 598 speciem
769 525 930 596 igniS‚
977 524 1072 580 sed
1119 530 1343 598 propter
1370 522 1758 596 splendorem;
1802 525 1883 581 ita
1912 524 2095 592 etiam⁸
2122 541 2283 600 aquae

257 631 424 688 super
455 613 630 672 coelos
667 613 944 678 dicuntur,
971 627 1084 668 non
1112 612 1244 685 quia
1279 611 1522 668 habeant
1548 611 1787 684 speciem
1815 629 1993 686 aquae,
2025 615 2122 670 sed
2151 615 2281 687 quia

257 703 462 760 habent
482 694 954 776 diaphaneitatem
979 701 1047 756 ad
1071 701 1296 757 modum
1317 716 1479 774 aquae
1498 718 1511 770 3
1534 707 1595 757 ut
1622 701 1703 758 sic
1721 717 2037 775 supremum
2056 703 2305 771 coelum,.

262 793 562 850 secundum
593 791 742 866 quod
779 804 1099 864 empyreum
1126 789 1348 856 dicitur,
1379 790 1429 846 si
1460 797 1637 846 totum
1669 790 2047 864 splendidum3
2078 807 2283 850 secun-

262 883 390 938 dum
419 887 611 938 autem
649 879 795 955 quod
834 895 1092 952 aqueum,
1125 877 1196 934 sit
1229 885 1407 936 totum
1440 878 1803 952 diaphanum3
1841 881 2067 950 tertium
2096 891 2280 940 autem
2376 920 2383 926 -

263 971 482 1039 cretum,
528 969 678 1044 quod
707 968 910 1025 dicitur
939 967 1232 1036 sidereum,
1263 967 1336 1024 sit
1380 969 1580 1042 partim
1618 967 1880 1038 lucidum,
1923 971 2126 1044 partim
2154 972 2281 1030 dia-

263 1061 526 1134 phanum.
762 1047 772 1056 ³
1251 1129 1255 1132 ι

327 1151 422 1206 Sic
448 1163 582 1220 ergo
605 1138 904 1204 secundum
927 1159 1328 1219 quamcumque
1348 1144 1659 1218 opinionem
1678 1151 1860 1219 potest
1879 1150 2084 1206 veritas
2105 1163 2280 1208 sacrae

263 1238 562 1311 Scripturae
589 1235 792 1294 salvari
820 1234 1205 1291 diversimode.
1237 1233 1391 1290 Unde
1431 1251 1537 1292 non
1575 1243 1659 1292 est
1688 1239 2050 1299 coarctandus
2086 1254 2279 1298 sensus

263 1339 436 1385 sacrae
464 1327 764 1403 Scripturae
793 1323 861 1380 ad
887 1321 1095 1395 aliquid
1125 1321 1340 1378 horum.
2172 1383 2177 1388 ,
2316 1319 2321 1322 ’

331 1417 418 1472 Ad
479 1415 718 1488 primum
761 1428 891 1485 ergo
941 1410 1255 1476 dicendum,
1300 1411 1449 1483 quod
1490 1411 1657 1468 homo
1703 1413 2037 1472 assimilatur
2084 1416 2281 1490 majori

262 1505 470 1564 mundo
496 1511 766 1577 quantum
799 1501 868 1556 ad
914 1500 1120 1574 aliquid
1165 1500 1218 1555 in
1261 1505 1527 1573 quantum
1556 1510 1772 1560 constat
1809 1519 1877 1560 ex
1910 1507 2183 1579 corporali
2223 1515 2281 1566 et

261 1592 538 1666 spirituali
580 1577 798 1656 uatu‘ra,
828 1589 974 1648 sicut
1005 1595 1060 1644 et
1086 1594 1262 1645 totum
1289 1587 1633 1660 universum;
1662 1605 1771 1646 non
1796 1597 1979 1650 tamen
2008 1601 2279 1668 quantum

263 1673 336 1740 ad
374 1681 563 1738 omnia
603 1677 937 1736 assimilatur
979 1677 1255 1733 universo,
1299 1676 1449 1733 Ordo
1492 1678 1636 1734 enim
1685 1679 1925 1752 partium
1962 1682 2019 1738 in
2059 1683 2279 1744 homino

262 1787 370 1828 non
417 1776 504 1826 est
546 1767 845 1825 secundum
887 1765 1032 1838 quod
1073 1765 1242 1836 exigit
1271 1781 1461 1822 eorum
1504 1775 1721 1838 natura,
1766 1770 1862 1831 sed
1906 1779 2067 1844 prout
2108 1775 2279 1846 exigit

263 1859 406 1917 ratio
431 1858 576 1914 finis.
604 1856 829 1913 Ponitur
849 1855 995 1910 enim
1023 1869 1118 1910 cor
1147 1853 1202 1910 in
1231 1854 1432 1923 medic,
1466 1863 1529 1912 ut
1554 1873 1621 1912 ex
1648 1873 1713 1914 eo
1741 1858 2114 1920 diffundantur
2142 1879 2279 1936 ope-

263 1949 508 2006 rationes
531 1947 662 2006 vitae
687 1946 755 2002 de
784 1943 932 2001 facili
956 1960 1050 2016 per
1080 1949 1256 2000 totum
1279 1959 1496 2016 corpus,
1528 1945 1822 2013 cerebrum
1846 1957 2030 2007 autem
2057 1953 2278 2025 ponitur
2304 2012 2308 2016 ,

263 2041 322 2094 in
348 2051 626 2110 supremo,
661 2040 720 2090 ut
743 2033 1088 2106 operationes
1111 2032 1394 2100 animales,
1423 2050 1549 2107 quae
1573 2034 1647 2090 ibi
1676 2038 2079 2108 quodammodo
2109 2043 2280 2114 perfi-

261 2130 507 2192 ciuntur,
539 2140 644 2182 non
676 2122 1042 2196 impediantur
1069 2139 1165 2194 per
1204 2121 1452 2180 diversas
1482 2123 1727 2196 corporis
1757 2130 2275 2199 transmutationes;

263 2219 408 2274 sicut
437 2215 606 2271 etiam
635 2212 768 2270 ordo
795 2210 1123 2282 cognitionis
1157 2209 1411 2268 humanae
1437 2227 1546 2268 non
1574 2219 1659 2270 est
1686 2215 1985 2272 secundum
2026 2219 2278 2275 ordinem

264 2303 575 2364 naturalem
597 2295 1064 2372 cognoscibi'lium,
1095 2299 1192 2354 sed
1222 2315 1330 2370 quo
1355 2301 1425 2355 ad
1450 2315 1568 2357 nos.
1595 2303 1933 2373 Augustinus
1958 2313 2141 2364 autem
2170 2324 2277 2364 non

265 2393 478 2451 inducit
506 2391 612 2447 hoc
637 2389 948 2458 asserendo,
981 2387 1077 2445 sed
1107 2386 1378 2445 obviando
1406 2388 1492 2445 his
1512 2389 1607 2461 qui
1632 2391 1968 2464 scripturam
1991 2410 2159 2465 prave
2186 2396 2279 2453 in-

266 2487 659 2554 terpretautur.

979 2625 1375 2708 QUAESTIO
1422 2627 1539 2698 111.

335 2767 549 2832 Deinde
589 2768 1044 2828 considerandum
1067 2769 1171 2838 {est
1209 2768 1278 2825 de
1316 2767 1402 2824 his
1432 2768 1501 2826 ad
1548 2783 1675 2842 quae
1714 2770 1899 2830 divina
1942 2779 2185 2848 potentia
2215 2790 2276 2838 se

267 2862 564 2921 extendere
604 2865 812 2933 potest;
859 2863 915 2913 et
957 2858 1106 2914 circa
1134 2855 1238 2913 hoc
1265 2865 1585 2930 quaeruntur
1608 2859 1717 2916 duo
1762 2878 1775 2916 :
1815 2865 1877 2917 ⁴⁰
1906 2871 2087 2922 utrum
2131 2871 2280 2927 Dgug

267 2951 442 3026 possit
480 2948 689 3021 aliquid
717 2947 770 3002 in
796 2945 1024 3002 nihilum
1052 2945 1328 3018 redigere3
1361 2951 1425 3004 2⁰
1448 2947 1494 3002 si
1529 2946 1735 3021 aliquid
1774 2959 1918 3010 esset
1952 2954 2007 3010 in
2052 2954 2279 3014 nihi-lum

269 3041 571 3106 redactum,
601 3042 783 3094 utrum
805 3035 954 3092 Deus
977 3033 1149 3108 possit
1173 3034 1306 3091 illud
1333 3045 1588 3108 reparare
1615 3037 1761 3094 idem
1782 3055 2030 3099 numero,

970 3155 1429 3290 ARTIGULus
1468 3205 1579 3267 1v.

285 3329 504 3398 Utrum
528 3331 698 3394 Deus
713 3328 916 3408 possit
941 3327 1183 3408 aliquid
1209 3327 1276 3390 in
1301 3327 1563 3392 nihilum
1583 3329 1870 3414 redimo-e.
1896 3339 2057 3420 --(1
2072 3340 2276 3422 φανὴ

429 3424 647 3503 quoest.
679 3419 741 3493 9,
774 3423 904 3500 ara·
927 3417 990 3492 2,
1017 3433 1210 3497 corp„
1240 3420 1299 3480 et
1323 3422 1534 3498 quaest.
1570 3420 1708 3499 103,
1736 3429 1859 3488 art.
1888 3428 1926 3487 3
1952 3433 2009 3491 et
2032 3431 2119 3510 4).

344 3545 428 3601 Ad
455 3543 694 3617 primum
721 3540 802 3596 sic
829 3539 1163 3612 proceditur.
1196 3539 1424 3596 Videtur
1452 3543 1596 3614 quod
1626 3545 1774 3602 Deus
1799 3551 1970 3620 possit
1994 3553 2198 3626 aliquid
2228 3558 2295 3612 in.

277 3633 502 3690 nihilum
531 3631 799 3702 redigere.
825 3627 1070 3702 AEqualis
1105 3627 1248 3684 enim
1275 3637 1360 3686 est
1387 3629 1653 3690 distantia
1682 3650 1789 3691 non
1814 3639 1955 3694 entis
1985 3640 2052 3696 ad
2083 3659 2197 3711 enS,
2230 3652 2287 3700 et

277 3723 415 3778 entis
442 3722 512 3777 ad
543 3735 650 3776 non
681 3733 797 3774 ens·
827 3716 934 3775 Sed
975 3719 1120 3774 Deus
1147 3723 1330 3790 potest
1357 3735 1425 3774 ex
1463 3721 1632 3776 nihilo
1661 3723 1867 3798 aliquid
1914 3727 2115 3786 facere.
2144 3731 2287 3808 Ergo

275 3809 420 3866 Deus
442 3815 630 3882 potest
659 3822 726 3862 ex
756 3805 942 3879 aliquo
971 3805 1150 3862 facere
1175 3805 1331 3862 nihil.

277 3967 283 3973 ,
343 3898 447 3958 Sed
492 3901 708 3964 contra,
758 3895 906 3950 Deus
951 3908 1053 3950 non
1085 3899 1270 3966 potest·
1294 3909 1415 3966 esse
1443 3911 1611 3954 causa
1654 3899 1945 3962 defectiva.
1988 3891 2095 3966 Sed
2122 3885 2291 3972 causa

779 4011 830 4059 S.
860 4010 1014 4060 Tnou.
1050 4013 1134 4066 Ao.
1170 4011 1435 4060 Oruscum.
1465 4033 1513 4052 -
1558 4013 1615 4063 ll.
1645 4036 1703 4054 -
1739 4016 1797 4066 17
