2800 4492
838 412 849 421 ’
924 412 1617 570 QnooLlssETUM
1688 470 2156 552 oxomen

1275 761 1671 877 QUAEs'rio
1718 798 1771 865 1.

495 954 502 959 “
595 958 899 1028 Quaesitum
925 963 1010 1013 est
1037 956 1106 1013 de
1139 958 1272 1023 Deo,
1305 956 1511 1029 Angelo
1554 962 1610 1012 et
1638 958 1840 1013 anime.
1879 958 1958 1013 De
1989 956 2103 1013 Deo
2130 957 2377 1029 quaesita
2418 960 2569 1009 sunt

523 1048 628 1102 tria
661 1064 674 1101 ε
709 1048 770 1101 40
811 1046 880 1102 de
909 1049 1028 1117 ejus
1080 1046 1322 1111 unitat03
1355 1050 1418 1102 20
1446 1044 1515 1101 de
1554 1047 1670 1117 ejus
1690 1045 1901 1117 judicio
1912 1061 1932 1113 ;
1964 1048 2026 1101 3⁰
2064 1042 2132 1100 de
2180 1046 2301 1115 ejus
2336 1059 2567 1100 saera-

523 1142 728 1191 mento.

1251 1308 1707 1369 ARTIGULUS
1747 1306 1799 1369 Ι.

747 1442 966 1507 Utrum
993 1441 1204 1504 unitas
1230 1440 1473 1520 aliquid
1490 1440 1751 1519 positive
1778 1440 1944 1502 dicat
1972 1440 2039 1501 in
2060 1438 2313 1516 divini-³,

1079 1540 1135 1593 ec
1161 1548 1280 1591 non
1305 1531 1681 1592 remotionem
1710 1534 1967 1593 tantum.

487 1722 494 1729 ,
594 1664 676 1721 Ad
709 1663 944 1737 primum
973 1656 1054 1721 sic
1085 1664 1419 1738 proceditur.
1459 1666 1511 1717 4.
1545 1662 1771 1720 Videtur
1800 1662 1947 1736 quod
1974 1662 2157 1719 unitas
2186 1662 2398 1734 aliquid
2435 1678 2551 1735 po·-

523 1754 684 1809 sitive
737 1754 884 1809 dicat
936 1753 990 1808 in
1032 1753 1251 1820 diviniS,
1302 1758 1357 1807 et
1402 1768 1506 1808 non
1554 1752 1911 1807 remotionem
1954 1758 2186 1817 tantum,
2228 1752 2548 1807 secundum

523 1840 830 1912 opinionem
871 1840 1134 1911 Magistri.
1183 1841 1262 1896 Ex
1295 1840 1691 1913 privationibus
1718 1840 1861 1896 enim
1906 1856 2012 1895 non
2060 1839 2419 1896 constituitur
2452 1856 2547 1897 res

524 1927 726 2000 aliqua.
757 1928 862 1985 Sed
903 1944 968 1983 ex
1008 1929 1309 1985 unitatibus
1335 1929 1690 1993 constituitur
1718 1944 1993 1996 numerus,
2026 1930 2118 2001 qui
2148 1936 2232 1984 est
2260 1917 2367 1995 ree,
2410 1945 2545 1984 cum

523 2016 595 2071 sit
637 2016 846 2088 species
881 2017 1225 2089 quantitatis.
1255 2018 1398 2088 Ergo
1427 2018 1607 2075 unitas
1636 2034 1741 2074 non
1780 2018 1981 2089 dicitur
2010 2017 2315 2079 ‚secundum
2343 2018 2545 2090 priva-

527 2105 728 2161 tionem
757 2112 992 2162 tantum.

594 2198 645 2249 2.
677 2194 965 2260 Praeterea,
1001 2210 1257 2251 numerus
1280 2196 1530 2267 sequitur
1558 2196 1987 2251 distinctionem.
2018 2195 2073 2252 Si
2104 2210 2233 2266 ergo
2264 2194 2452 2251 unitas
2480 2201 2543 2249 et

525 2298 780 2337 numerus
806 2284 858 2339 in
888 2284 1092 2339 divinis
1117 2300 1220 2339 non
1245 2283 1491 2350 dicerent
1521 2300 1634 2339 rem
1660 2283 1919 2356 aliquam,
1952 2298 2056 2341 non
2081 2289 2226 2339 esset
2246 2282 2300 2337 in
2330 2282 2543 2338 divinis

523 2370 686 2427 realis
716 2371 1016 2438 distinctio,
1044 2371 1191 2445 quod
1216 2378 1300 2426 est
1329 2370 1554 2427 haeresis
1582 2370 1908 2429 Sabelliana.

595 2463 647 2514 3.
693 2461 981 2527 Praeterea,
1013 2461 1058 2515 si
1102 2459 1283 2516 unitas
1311 2468 1365 2515 et
1408 2475 1666 2516 numerus
1712 2460 1765 2514 in
1808 2460 2009 2515 divinis
2044 2460 2301 2515 dicuntur
2326 2459 2543 2516 solum-

524 2548 684 2603 modo
714 2550 1011 2617 remotive;
1045 2566 1138 2621 per
1170 2549 1434 2604 unitatem
1466 2557 1647 2605 autem
1684 2548 1812 2603 nihil
1842 2548 1988 2604 aliud
2017 2547 2233 2604 videtur
2260 2549 2541 2605 removeri

493 2622 497 2630 ’
525 2653 690 2709 quam
719 2634 1006 2703 numerus,
1053 2654 1153 2693 nec
1181 2654 1277 2710 per
1319 2652 1605 2707 numerum
1641 2636 1789 2693 atiud
1818 2652 1982 2709 quam
2014 2637 2195 2692 unitas
2228 2654 2240 2690 ε
2282 2638 2541 2710 sequitur

525 2728 668 2796 quod
698 2730 991 2797 utrumque
1030 2725 1259 2781 istorum
1289 2726 1340 2780 in
1375 2726 1576 2781 divinis
1604 2725 1819 2781 dicatur
1848 2725 2145 2781 secundum
2186 2727 2540 2797 negationem

524 2812 850 2881 negationiS.
893 2813 998 2869 Sed
1028 2798 1246 2882 negatio
1281 2814 1586 2884 negationis
1625 2830 1733 2869 non
1770 2820 1852 2869 est
1887 2813 1989 2869 nisi
2028 2804 2327 2869 seeundum
2358 2814 2542 2870 ratio-

526 2914 648 2955 nem
680 2896 1089 2970 tentum.'Ei·go
1121 2900 1302 2956 unitas
1331 2908 1386 2955 et
1423 2917 1679 2959 numerus
1708 2900 2021 2969 noness'ent
2050 2901 2271 2958 realiter
2301 2902 2354 2956 in
2386 2902 2539 2957 divi-

493 3047 500 3051 ,
525 2988 629 3053 nis,
661 2989 808 3061 quod
835 2996 918 3045 est
943 2988 1364 3057 inconveniens;
1398 2990 1557 3045 etsie
1583 3006 1747 3046 unum
1770 2994 1827 3045 et
1857 3005 2116 3046 numerus
2142 2989 2349 3063 aliquid
2376 2990 2541 3061 posi-

528 3078 640 3134 tive
662 3078 849 3135 dicunt
887 3080 938 3133 in
970 3077 1190 3133 divinis.

595 3165 700 3221 Sed
743 3173 950 3237 contra,
994 3181 1154 3223 omne
1191 3166 1334 3240 quod
1374 3160 1702 3239 praedicatur
1745 3167 1813 3222 de
1851 3166 2054 3239 alique,
2097 3166 2431 3239 praedicatur
2468 3168 2541 3223 de

495 3266 592 3325 'eo
633 3252 930 3308 secundum
976 3256 1251 3326 propriam
1295 3258 1581 3313 rationem.
1614 3254 1720 3313 Sed
1760 3256 1901 3311 ratio
1942 3255 2105 3325 unius
2150 3256 2203 3310 in
2243 3254 2541 3326 negatione

527 3339 776 3396 consistit
809 3347 928 3395 :est
955 3341 1099 3396 enim
1123 3358 1290 3399 unum
1317 3344 1463 3417 quod
1508 3360 1615 3400 non
1645 3330 1927 3410 dividitur,
1956 3344 2255 3400 secundum
2284 3342 2543 3399 Philoso-

527 3426 710 3501 phum.
755 3427 896 3501 Ergo
935 3428 1004 3485 de
1046 3431 1158 3485 Deo
1189 3433 1518 3502 praedicatur
1546 3432 1846 3489 secundum
1890 3432 2247 3489 remotionem
2296 3439 2537 3503 tantum.

600 3520 886 3583 Praeterea.
904 3520 1201 3574 secundum
1229 3520 1607 3592 Philosophum
1635 3522 1690 3575 in
1716 3536 1755 3577 x
1776 3522 2081 3594 metaphys·
2108 3523 2263 3591 (text.
2288 3514 2436 3577 eom.
2460 3524 2539 3586 9),

437 3679 444 3686 ἱ
529 3622 694 3687 unum
737 3612 792 3662 et
839 3607 1025 3665 multa·
1058 3615 1415 3683 opponuntur,
1444 3610 1587 3664 sieut
1634 3610 1870 3682 privatio
1917 3617 1971 3664 et
2010 3596 2259 3666 hebituS.
2297 3611 2547 3666 Privatio

529 3702 710 3749 autem
758 3696 957 3752 dieitur
1001 3713 1094 3768 per
1143 3696 1495 3754 remotionem
1539 3705 1775 3753 tantum.
1816 3698 1957 3769 Ergo
1999 3714 2186 3765 unum,
2217 3699 2363 3771 quod
2396 3700 2547 3771 inter

529 3784 792 3855 praedicta
838 3786 946 3843 duo
993 3792 1142 3844 tenet
1181 3786 1358 3844 locum
1399 3788 1745 3861 privatimne,
1793 3789 1995 3847 dicitur
2040 3804 2135 3862 per
2178 3789 2545 3851 remotionem

529 3876 763 3929 tantum.
