2800 4492
523 271 644 334 208
1005 284 1058 332 s.
1101 280 1337 328 metm
1376 277 1709 331 mmm-ns
1750 277 2061 324 opuscum

526 403 747 472 erroris,
780 403 825 474 sj
869 401 1151 477 opiniones
1193 399 1583 472 magistrorum
1619 411 1842 452 suorum
1870 399 2191 470 sequantur.
2223 394 2373 454 Dicit
2397 397 2552 454 enim

527 493 792 549 Dominus
819 491 1011 549 Matth.
1037 505 1214 558 xxm,
1237 494 1269 547 2
1299 507 1313 544 ε
1343 487 1516 560 Super
1538 485 1846 543 cathedram
1868 483 2042 557 Moysi
2066 485 2320 542 sederunt
2344 475 2551 542 Scrib'ae

528 589 580 638 et
603 580 870 638 Pharisoei
895 597 914 637 .·
943 579 1120 636 omnia
1147 595 1262 652 quae
1287 577 1475 634 dicunt
1504 575 1667 640 vobis,
1692 581 1899 630 servate
1927 580 1977 631 et
1997 573 2179 646 facite.
2209 574 2384 631 Multo
2414 591 2551 649 ergo

529 671 703 742 magis
731 669 1149 729 servandasunt
1168 667 1261 724 illa
1291 681 1417 741 quae
1448 664 1738 720 traduntur
1760 679 1794 720 a
1822 663 2140 720 doctoribus
2162 679 2337 722 sacrae
2355 665 2553 739 Scrip-

533 765 707 828 turae3
735 775 864 832 ergo
891 774 996 814 non
1020 762 1248 831 peccant
1269 756 1363 829 qui
1393 769 1583 811 eorum
1612 752 1895 826 opiniones
1924 761 2251 827 sequuntur.

598 847 703 905 Sed
729 855 920 904 contra
950 852 1034 903 est
1058 845 1203 918 quod
1231 845 1435 900 dicitur
1458 842 1652 898 Matth.
1684 857 1825 907 xxv,
1858 843 1927 898 ⁴4
1971 857 1983 895 ε
2019 840 2079 897 si
2107 858 2267 898 ccecus
2294 841 2551 900 ducatum

530 938 662 992 coecd
688 940 925 1009 praestet,
952 933 1100 990 ambo
1126 933 1184 988 in
1205 931 1411 1004 foveam
1434 930 1652 988 eadunt.
1678 929 1780 986 Sed
1809 931 2142 1003 quicumque
2166 938 2335 998 errat,
2365 948 2551 989 caecus

531 1032 634 1091 est,
684 1024 738 1079 in
785 1029 1049 1098 quantum
1077 1026 1245 1078 errat.
1277 1021 1419 1094 Ergo
1450 1020 1781 1092 quicumque
1834 1019 2083 1092 sequitur
2111 1019 2422 1094 opinionem
2454 1039 2550 1078 er-

529 1113 704 1168 rantis
731 1111 1000 1184 magistri,
1034 1110 1088 1166 in
1119 1108 1332 1166 foveam
1363 1108 1573 1182 peccati
1602 1107 1772 1164 cadit.

599 1201 920 1274 Respondeo
949 1199 1263 1265 dicendum,
1307 1197 1453 1270 quod
1484 1197 1718 1252 diversae
1746 1195 2028 1268 opiniones
2054 1196 2341 1254 doctorum
2372 1214 2547 1256 sacrae

530 1289 847 1362 Scripturae,
879 1287 927 1345 si
969 1287 1190 1363 quidem
1228 1301 1337 1342 non
1380 1286 1689 1358 pertineant
1736 1280 1803 1340 ad
1849 1285 2010 1340 fidem
2039 1293 2096 1341 et
2142 1284 2313 1343 bonos
2342 1304 2543 1358 mores,

531 1377 739 1450 absque
783 1375 1024 1451 periculo
1066 1376 1346 1433 auditores
1388 1383 1682 1446 utramque
1726 1373 2035 1446 opinionem
2064 1368 2218 1448 sequi
2250 1387 2479 1448 possunt
2530 1396 2543 1433 ε

535 1476 666 1524 tunc
707 1467 850 1523 enim
894 1465 1058 1523 habet
1101 1464 1280 1521 locum
1321 1462 1469 1536 quod
1511 1461 1808 1534 Apostolus
1834 1461 1968 1517 dicit
1999 1463 2067 1519 ad
2115 1462 2274 1519 Rom.
2306 1480 2426 1533 xlv,
2462 1469 2496 1520 5
2530 1485 2543 1522 ε

537 1555 904 1628 Unusquisque
933 1555 992 1610 in
1032 1569 1126 1610 suo
1161 1567 1316 1608 sensu
1355 1543 1605 1607 abundet.
1637 1552 1696 1607 ln
1725 1549 1811 1608 his
1847 1566 1975 1607 vero
2004 1567 2130 1625 quae
2158 1553 2433 1625 pertinent
2474 1556 2547 1612 ad

534 1644 698 1700 fidem
737 1651 792 1700 et
832 1643 1004 1700 bonos
1041 1657 1240 1707 mores,
1285 1639 1467 1696 nullus
1510 1647 1823 1708 excusatur,
1874 1638 1921 1695 si
1958 1650 2223 1713 sequatur
2259 1658 2548 1702 erroneam

535 1731 843 1804 opinionem
884 1731 1118 1801 alicujus
1158 1728 1407 1802 magistri
1438 1745 1452 1783 ε
1486 1729 1543 1783 in
1569 1727 1770 1785 talibus
1797 1727 1943 1783 enim
1971 1728 2279 1800 ignorantia
2307 1747 2415 1787 non
2443 1751 2549 1790 ex-

534 1824 722 1891 cusat;
768 1817 1011 1891 alioquin
1049 1818 1318 1873 immunes
1348 1833 1380 1872 a
1422 1822 1647 1889 peccato
1678 1815 1908 1872 fuissent
1936 1817 2031 1887 qui
2058 1819 2233 1874 secuti
2266 1827 2396 1876 sunt
2421 1823 2549 1894 opi-

534 1908 723 1964 niones
750 1906 887 1974 Arii,
915 1905 1174 1972 Nestorii,
1207 1910 1263 1960 et
1293 1903 1523 1960 aliorum
1547 1903 2055 1961 haeresiarcharum.
2095 1906 2209 1962 Nec
2236 1916 2416 1979 potest
2444 1927 2553 1966 ex-

533 1994 873 2054 cusationem
902 1993 1103 2050 habere
1136 1998 1356 2066 propter
1388 1992 1797 2065 simplicitatem
1826 1992 2156 2062 auditorum,
2182 1995 2231 2051 si
2261 1997 2319 2052 in
2347 1997 2550 2055 talibus

535 2100 819 2142 erroneam
853 2083 1163 2157 opinionem
1201 2089 1485 2157 sequatur.
1529 2083 1589 2138 In
1633 2081 1795 2138 rebus
1836 2083 1981 2152 enim
2006 2083 2187 2140 dubiis
2216 2101 2322 2142 non
2362 2096 2447 2144 est
2474 2091 2551 2146 de

537 2174 686 2231 sacili
728 2173 1074 2248 praestandus
1120 2188 1407 2241 assensus;
1455 2170 1776 2244 quinimmo,
1823 2177 1885 2227 ut
1930 2173 2269 2243 Augustinus
2304 2173 2439 2233 dicit
2488 2179 2549 2234 in

537 2263 632 2318 lib.
669 2279 744 2342 ἰιι
769 2261 836 2318 de
867 2262 1125 2318 Doctrina
1153 2261 1473 2327 christiana,
1506 2259 1774 2316 consulere
1802 2258 1945 2316 debet
1978 2261 2097 2332 quis
2125 2265 2361 2334 regulam
2394 2265 2547 2337 fidei,

537 2354 696 2426 quam
742 2349 805 2407 de
849 2351 1257 2424 Scripturarum
1296 2348 1635 2422 planioribus
1680 2347 1807 2404 loeis
1851 2353 1901 2404 et
1940 2348 2190 2408 Ecclerioe
2226 2356 2550 2412 auctoritate

531 2439 786 2515 percepit.
829 2440 932 2510 Qui
962 2455 1090 2512 ergo
1121 2439 1353 2497 assentit
1376 2436 1617 2510 opinioni
1648 2436 1879 2510 aliqu‘us
1920 2439 2167 2510 magistri
2205 2451 2397 2500 contra
2426 2460 2551 2502 ma·—

537 2529 795 2586 nisestum
823 2528 1122 2602 Scripturae
1164 2527 1555 2593 testimonium,
1590 2525 1707 2582 sive
1729 2534 1921 2583 contra
1954 2526 2009 2583 id
2044 2529 2190 2601 quod
2214 2531 2428 2604 publice
2459 2540 2551 2591 te-

538 2625 696 2674 netur
740 2617 1041 2672 secundum
1085 2615 1346 2672 Ecclesiae
1397 2614 1803 2684 auctoritatem,
1853 2629 1963 2681 non
2004 2621 2185 2688 potest
2230 2619 2300 2677 ab
2344 2625 2551 2682 erroris

536 2707 674 2763 vitio
703 2705 972 2761 excusari.
1556 2691 1562 2696 ⁴
1874 2764 1877 2768 ,

607 2795 691 2850 Ad
736 2793 868 2847 illud
917 2806 1047 2863 ergo
1076 2791 1223 2863 quod
1271 2791 1326 2848 in
1371 2793 1708 2850 contrarium
1754 2794 2029 2868 objicitur,
2054 2797 2366 2873 dicendum,
2398 2803 2549 2878 quod

537 2881 663 2938 ideo
693 2880 992 2954 praemisit:
1019 2879 1189 2952 Super
1211 2880 1514 2937 cathedram
1542 2880 1715 2954 Moysi
1742 2883 1988 2941 sederunt
2016 2886 2211 2945 Scribat
2251 2897 2302 2949 et
2339 2891 2542 2951 Phari·

537 2970 652 3037 soei,
687 2976 748 3026 ut
776 2969 922 3044 quod
953 2974 1142 3043 postea
1179 2969 1398 3026 subdit:
1426 2969 1621 3027 Omnia
1647 2989 1769 3044 ‚quoe
1794 2973 2036 3033 dia-erint
2062 2977 2225 3044 vobis,
2262 2989 2470 3040 servate
2496 2990 2552 3042 et

537 3059 721 3132 facite,
753 3059 820 3116 de
854 3058 962 3116 illis
999 3057 1336 3132 intelligatur
1364 3075 1491 3134 quae
1517 3050 1587 3116 ad
1616 3060 1931 3118 cathedram
1960 3065 2251 3136 pertinent,
2283 3069 2353 3126 ad
2380 3088 2550 3145 quam

539 3164 648 3205 non
676 3148 952 3222 pertinent
978 3163 1044 3207 ea
1067 3164 1194 3222 quae
1220 3154 1349 3206 sunt
1373 3156 1566 3206 contra
1588 3147 1751 3206 fidem
1780 3151 1863 3209 vel
1889 3150 2061 3212 bonos
2084 3170 2281 3216 mores.

1213 3427 1219 3434 ,
1273 3341 1674 3428 QUAESTIO
1728 3341 1811 3418 V.

611 3503 818 3564 Deinde
847 3504 1140 3581 quaesitum
1183 3511 1269 3562 est
1313 3504 1384 3562 de
1422 3504 1511 3561 his
1538 3519 1663 3579 quae
1698 3501 1973 3579 pertinent
2001 3507 2072 3569 ad
2113 3509 2442 3587 religiosos:
2490 3525 2553 3578 et

481 3636 490 3641 -
540 3597 719 3670 primo
743 3602 1008 3669 quantum
1032 3595 1102 3651 ad
1125 3595 1432 3666 ingressum
1462 3593 1767 3666 religionis3
1796 3595 2037 3656 secundo
2074 3610 2340 3674 quantum
2372 3597 2457 3663 ad'
2483 3624 2553 3666 ea

542 3700 667 3757 quae
694 3685 1025 3741 conveniunt
1039 3684 1154 3755 jam
1179 3683 1234 3737 in
1263 3679 1525 3752 religione
1550 3681 1930 3742 existentibus.
1954 3688 2111 3746 Circa
2132 3693 2364 3763 primum
2390 3711 2556 3767 quae..

541 3775 648 3829 sita
675 3779 802 3830 sunt
831 3779 1068 3846 quatuor
1101 3788 1114 3826 ε
1147 3771 1209 3826 40
1239 3777 1422 3827 utrum
1452 3770 1616 3830 liceat
1631 3773 1862 3844 juvenes
1887 3773 2147 3834 inducere
2170 3780 2242 3835 ad
2271 3781 2557 3854 religionis

542 3861 848 3933 ingressum
873 3877 969 3936 per
992 3860 1381 3942 obligationem
1403 3861 1518 3919 voti
1542 3859 1629 3921 vel
1645 3861 1979 3936 juramenti3
2006 3870 2067 3925 20
2095 3872 2275 3926 utrum
2301 3871 2382 3927 sic
2405 3873 2555 3931 obli-
