2800 4492
763 355 854 402 ιιι.
886 355 966 386 --·
993 357 1060 402 ιιι
1110 355 1378 403 nonnum
1420 357 1511 404 nn,
1538 357 1864 408 mmm-ru
2238 347 2245 354 '
2274 345 2318 407 9

292 471 416 530 non
440 467 766 530 accidentali
784 477 942 546 ;·erg0
967 461 1214 546 operatio
1237 472 1439 531 mentis
1464 473 1719 533 humanae
1744 491 1871 550 quae
1900 473 2123 550 est'ejus
2144 475 2314 535 effec-

295 572 398 621 tus
427 564 698 636 proprius,
727 563 940 620 scilicet
963 564 1209 634 cognitio
1243 565 1523 633 veritatiS,
1558 581 1661 622 non
1692 571 1874 639 potest
1920 568 2207 638 provenire
2246 579 2311 624 ex

297 669 370 710 ea
403 654 506 709 nisi
531 661 794 726 operante
811 653 988 726 prima
1018 654 1138 710 luce
1161 652 1447 711 increata:
1476 656 1595 726 ejus
1618 661 1805 712 autem
1828 656 2011 728 opinio
2028 670 2135 712 non
2156 657 2317 714 vide-.-
2430 662 2439 666 “

301 747 398 798 tui·
427 757 546 798 esse
574 742 724 801 aliud
751 743 856 799 nisi
886 743 1220 810 illustratio,
1215 739 1362 816 ergo
1391 749 1499 800 etc.

375 829 434 886 7.
464 833 621 900 Item,
653 832 797 888 sicut
827 847 888 888 se
916 831 1081 889 babet
1119 831 1368 889 voluntas
1407 833 1476 893 ed
1514 831 1654 889 bene
1688 829 2027 904 volendum,
2037 828 2115 894 ἰι3
2145 835 2315 893 intel·

301 921 485 977 lectus
509 921 579 976 ad
607 927 758 976 recte
781 917 1221 996 intelligendum·
1243 921 1341 976 sed
1369 916 1623 978 voluntas
1648 933 1753 978 non
1780 916 1964 995 potest
1990 925 2131 980 bene
2153 925 2310 994 velle,

297 1010 418 1065 nisi
441 1009 629 1065 divina
652 1009 837 1081 gratia
855 1009 1166 1081 adjuvetur,
1197 1018 1260 1066 ut
1289 1009 1423 1066 dicit
1447 1004 1680 1081 August.
1708 1011 1851 1083 Ergo
1876 1006 1977 1068 nec
2000 1013 2311 1071 intellectus

293 1105 492 1170 potest
513 1097 805 1156 veritatem
834 1093 1158 1186 intelligere,
1187 1097 1293 1153 nisi
1318 1093 1506 1155 divina
1530 1098 1649 1154 luce
1680 1097 2004 1158 illustretur.

377 1191 434 1243 8.
458 1188 614 1254 ltem,
634 1185 688 1242 id
697 1186 775 1243 ad
803 1185 949 1258 quod
971 1186 1120 1243 vires
1148 1182 1353 1242 nostrie
1373 1197 1481 1243 non
1510 1186 1787 1244 sufficiunt
1814 1189 2315 1262 reprehensibiliter

299 1275 512 1332 nostris
549 1274 762 1332 viribus
801 1267 1162 1332 adscribimus
1193 1292 1208 1331 ι
1235 1275 1331 1331 sed
1364 1275 1788 1348 reprehensibile
1829 1279 2083 1350 estquod
2113 1278 2313 1352 uliquis

299 1365 597 1422 seientiam
621 1361 872 1420 veritatis
894 1377 994 1419 suo
1023 1357 1300 1420 adscribat
1319 1363 1557 1435 ingenio,
1572 1365 1874 1437 quinimmo
1886 1365 2310 1438 jubemur-‘illam

302 1455 423 1510 Deo
447 1452 777 1519 adscribere,
797 1451 1098 1508 secundum
1127 1451 1260 1509 illud
1287 1447 1660 1510 Ecclesiastici
1690 1454 1790 1509 ult.
1826 1451 2041 1511 :Danti
2064 1455 2198 1511 mihi
2220 1473 2315 1512 sa-

293 1542 586 1615 pientiam,
621 1539 753 1596 dabo
779 1540 1038 1611 ploriam3
1066 1533 1196 1614 ergo
1235 1541 1302 1597 ad
1345 1541 1786 1612 cognoscendum
1827 1537 2135 1611 veritatem,
2167 1543 2313 1601 vires

301 1637 510 1688 nostrae
539 1647 645 1687 non
669 1619 966 1696 sufficiunt,
993 1631 1154 1687 etsie
1179 1630 1324 1687 idem
1348 1630 1495 1703 quod
1524 1631 1697 1703 prius·

376 1721 482 1776 Sed
513 1725 724 1784 contra,
758 1731 910 1772 mens
939 1716 1177 1774 humana
1213 1716 1487 1774 illustrata
1518 1724 1601 1774 est
1623 1717 1889 1788 divinitus
1911 1714 2116 1775 lumine
2146 1711 2313 1776 natu-'-

195 1865 205 1870 ,
298 1807 435 1874 rali,
479 1806 778 1890 secundum
826 1804 960 1861 illud
1001 1805 1145 1862 Psal.
1191 1821 1250 1862 iv
1295 1821 1310 1861 ι
1353 1799 1631 1878 εἰριιαιιιιη
1670 1814 1749 1864 εει
1780 1816 1943 1880 super
1994 1824 2087 1863 nos
2138 1809 2313 1864 lumen

199 1951 210 1958 ,
297 1896 484 1951 vultus
507 1895 614 1960 tui,
641 1892 884 1950 Domine.
901 1895 958 1951 Si
987 1893 1156 1966 igitur
1179 1893 1282 1950 hoc
1305 1894 1488 1950 lumen
1504 1891 1651 1968 quod
1680 1891 1927 1954 creatum
1952 1888 2037 1953 est
2066 1913 2171 1953 non
2196 1897 2313 1954 suf-

293 1985 421 2042 'ficit
449 1983 522 2040 ad
555 1985 845 2040 veritatem
873 1983 1326 2055 cognoscendam,
1359 1984 1456 2041 sed
1485 1985 1716 2058 requirit
1754 1998 1955 2043 novam
1982 1984 2315 2044 illustratio—

296 2089 450 2142 nem,
479 2075 599 2146 pari
645 2074 856 2130 ratione
887 2073 1066 2129 lumen
1095 2063 1511 2146 superadditum
1544 2087 1649 2130 non
1680 2073 1933 2142 sufficiet,
1966 2074 2061 2131 sed
2092 2073 2311 2146 indige—

295 2161 387 2218 bit
411 2162 521 2218 alio
549 2161 772 2228 lumine,
792 2169 847 2219 et
873 2161 1020 2218 sicin
1046 2161 1337 2230 infinitum,
1353 2163 1503 2236 quod
1520 2155 1795 2248 nunquam
1820 2156 2081 2238 compleri
2106 2169 2309 2237 potest,

291 2259 360 2306 et
382 2251 468 2307 sic
490 2249 830 2338 impossibile
857 2258 943 2306 est
969 2263 1296 2322 cognoscere
1321 2251 1563 2324 aliquam
1589 2253 1900 2321 veritatem,
1934 2268 2062 2324 ergo
2091 2257 2313 2325 oportet

291 2343 454 2396 star'e
482 2341 537 2394 in
560 2340 736 2414 primo
763 2339 984 2418 lumine,
1001 2345 1061 2394 ut
1084 2338 1296 2396 seilicet
1311 2355 1467 2396 mens
1494 2340 1705 2397 lumine
1722 2340 1959 2399 naturali
1982 2342 2101 2397 sine
2128 2340 2314 2442 aliquo

293 2423 512 2486 iumine
538 2427 900 2501 superaddito
923 2429 1095 2501 possit
1117 2429 1408 2486 veritatem
1434 2430 1644 2488 videre.

289 2536 304 2545 ·
372 2519 531 2585 ltem,
565 2519 708 2574 sicut
752 2515 1004 2573 visibile
1015 2517 1072 2572 in
1105 2515 1248 2574 actu
1289 2509 1570 2573 sufficiens
1598 2525 1682 2574 est
1727 2517 1797 2574 ed
1844 2516 1949 2574 hoc
1990 2524 2051 2573 ut
2094 2523 2313 2574 moveat

296 2608 505 2674 visum,
525 2609 606 2664 ita
628 2605 971 2678 intelligibile
1013 2605 1288 2664 sufficiens
1329 2612 1415 2662 est
1440 2611 1501 2661 ut
1530 2610 1748 2663 moveat
1775 2596 2135 2673 intellectum,
2164 2607 2211 2662 si
2236 2607 2313 2662 sit

297 2696 780 2776 proportionatum
811 2711 824 2750 ε
857 2695 953 2751 sed
980 2711 1131 2751 mens
1167 2687 1360 2751 'nostra
1391 2693 1555 2750 habet
1579 2695 1635 2750 in
1675 2710 1733 2750 se
1764 2695 1906 2752 unde
1934 2695 2107 2768 possit
2132 2696 2312 2753 facere

293 2783 704 2866 intelligibilem
733 2785 790 2840 in
818 2790 964 2851 actu,
995 2784 1206 2840 scilicet
1239 2781 1578 2841 intellectum
1603 2793 1875 2856 agentem,
1902 2793 1959 2841 et
1998 2786 2109 2842 tale
2146 2785 2314 2841 intel-

297 2874 512 2954 ligibile
541 2881 625 2931 est
649 2875 700 2931 ei
723 2868 1220 2948 proportionatum,
1243 2888 1374 2946 ergo
1402 2889 1509 2930 non
1537 2874 1747 2946 indiget
1774 2874 1975 2948 aliqua.
1988 2889 2130 2932 nova
2155 2874 2315 2932 illus·-

287 2948 562 3033 tratione‚
594 2964 664 3020 ad
692 2964 797 3020 hoc
825 2963 978 3036 quod
1003 2963 1293 3019 veritatem
1321 2971 1637 3035 cognoseat.

369 3055 532 3118 Item,
565 3055 708 3109 sicut
736 3068 799 3108 se
817 3051 984 3108 babet
1015 3051 1107 3108 lux
1129 3052 1427 3124 corporalis
1456 3053 1523 3109 ad
1548 3052 1815 3110 visionem
1842 3051 2203 3126 corporalem,
2232 3054 2311 3110 ila

293 3143 361 3200 'se
386 3141 555 3197 habet
580 3140 894 3196 intellectus
923 3137 992 3196 ad
1033 3140 1430 3212 intelligibilem
1472 3140 1757 3197 visionem.
1788 3141 1896 3196 Sed
1932 3140 2191 3212 quaslibet
2224 3141 2315 3196 lux

289 3229 608 3304 ‘corporalis
637 3223 1140 3303 quantumcumque
1181 3228 1253 3285 sit
1260 3243 1471 3316 parva,
1505 3229 1635 3284 lacit
1662 3229 1872 3308 aliquid
1899 3228 2073 3284 videri
2117 3245 2318 3301 corpo-

295 3320 516 3386 raliter,
543 3318 610 3374 ad
637 3320 820 3374 minus
844 3319 1117 3390 seipsam,
1149 3304 1278 3389 ergo
1303 3325 1357 3373 et
1387 3317 1479 3374 lux
1503 3317 1859 3389 intelligibilis
1881 3333 2007 3390 quae
2036 3323 2119 3374 est
2144 3313 2313 3375 menti

291 3407 685 3486 'connaturalis
711 3404 915 3463 sufficit
937 3407 1006 3464 ad
1033 3407 1322 3463 veritatem
1347 3406 1591 3480 aliquam
1614 3407 2070 3478 cognoscendam.

294 3499 302 3502 ’
372 3481 535 3560 Item,
569 3497 752 3552 omnia
793 3511 961 3568 opera
995 3494 1301 3552 artificialia
1331 3511 1398 3552 ex
1436 3495 1747 3567 cognitione
1796 3495 2051 3567 aliouJus
2068 3493 2317 3553 veritatis

295 3581 638 3660 dependent,
667 3601 792 3642 cum
821 3599 1009 3640 eorum
1033 3585 1360 3658 principium
1391 3585 1464 3640 sit
1491 3585 1743 3641 scientia.
1771 3584 1877 3642 Sed
1905 3585 2183 3664 quaedam
2189 3590 2316 3640 sunt

295 3677 472 3762 'opera
509 3674 838 3741 artificialia,
875 3674 928 3728 in
959 3689 1082 3758 quae
1123 3680 1302 3746 potest
1333 3674 1561 3730 liberum
1610 3673 1895 3729 arbitrium
1938 3691 2033 3746 per
2076 3675 2315 3744 seipsum

300 3751 611 3820 secundum
637 3769 776 3836 Aug.
809 3772 872 3819 ut
908 3751 1183 3820 aedilicare
1213 3763 1404 3820 domos
1448 3769 1505 3820 et
1546 3763 1886 3836 hujusmodi3
1918 3778 2046 3838 ergo
2092 3761 2160 3816 ad
2210 3760 2317 3816 ali-

263 3853 478 3928 'quam
521 3852 812 3930 veritatem
847 3851 1306 3939 cognoscendam
1324 3852 1528 3911 suffieit
1554 3853 1717 3911 homo
1746 3854 1863 3910 sine
1900 3865 2059 3910 nova
2049 3848 2317 3926 illustra·-

301 3940 470 3999 tione'
495 3941 704 4000 divina·
2210 3965 2217 3972 ·
2268 3969 2271 3972 ’
