2800 4492
670 363 761 412 ιι.
791 377 872 396 ·-
895 363 966 412 m
1004 363 1274 411 nemum
1313 365 1394 412 na
1432 365 1760 412 mmmmm
1870 355 1879 364 ’
2138 352 2221 414 99

195 485 320 542 illis
348 483 446 558 qui
474 475 795 552 mittuntur3
811 487 956 554 ‘ergo
983 481 1078 538 illa
1105 481 1173 539 de
1197 483 1396 556 quibus
1418 483 1649 541 scientia
1674 483 1862 544 divina
1888 485 2220 555 considerat,
2298 541 2305 548 .

200 589 322 630 non
341 580 470 630 sunt
503 573 720 630 omnino
750 579 1003 645 separata
1032 586 1064 626 a
1091 577 1266 628 motu.
2121 603 2128 610 -

279 665 336 718 4.
365 663 525 729 ltem,
558 666 620 717 ut
645 661 861 718 videtur
889 661 1298 717 commentator.
1332 660 1517 717 dicere
1551 661 1609 717 in
1642 661 1911 735 principio
1942 662 2217 738 Physieo„

205 765 370 806 omne
398 751 547 831 quod
573 756 680 817 est,
721 753 819 806 aut
844 754 930 806 est
959 748 1190 807 materia
1217 762 1376 822 pura,
1401 749 1491 806 vel
1530 749 1705 807 forma
1748 765 1905 824 pura,
1944 751 2031 809 vel
2066 767 2222 808 com-

206 840 452 911 positum
491 855 562 894 ex
594 839 826 896 materia
853 843 908 894 et
935 837 1150 895 format
1183 839 1280 895 sed
1327 837 1552 910 angelus
1581 854 1690 897 non
1726 846 1811 896 est
1852 840 2045 909 forma,
2091 841 2222 914 quia

211 929 290 984 sic
315 933 466 984 esset
501 933 661 984 actus
687 943 877 1000 purus,
909 927 1058 1000 qued
1083 933 1168 994 est
1205 927 1374 984 solius
1401 927 1523 996 Dei,
1552 943 1653 983 nec
1682 935 1763 984 est
1787 929 2020 986 materia
2048 945 2219 1002 pura3

210 1034 337 1089 ergo
377 1016 743 1088 compositum
771 1032 841 1072 ex
865 1015 1098 1073 materia
1123 1022 1179 1072 et
1207 1015 1400 1084 forma,
1430 1022 1487 1073 et
1516 1017 1595 1074 sic
1622 1018 1854 1075 scientia
1886 1017 2071 1074 divina
2106 1033 2218 1074 non

211 1105 479 1164 abstrahit
505 1120 538 1162 a
566 1103 815 1161 materia.

278 1196 330 1249 5.
373 1195 536 1260 Item,
566 1194 798 1250 seientia
833 1193 1020 1250 divina
1058 1207 1184 1268 quae
1227 1192 1449 1266 ponitur
1487 1207 1613 1264 pars
1658 1192 1823 1251 tertia
1863 1182 2218 1266 speculativa}

215 1281 583 1354 philosophiae,
635 1288 720 1340 est
759 1283 905 1338 idem
953 1283 1099 1353 quod
1147 1281 1539 1354 metaphysica,
1560 1327 1565 1330 .
1590 1283 1747 1353 cujus
1788 1283 2092 1354 subjectum
2136 1294 2221 1340 est

217 1386 320 1438 ens,
359 1377 418 1427 et
445 1369 759 1443 specialiter
785 1386 882 1426 ens
911 1371 1058 1442 quod
1097 1376 1184 1426 est
1209 1369 1537 1436 substantia,
1568 1374 1631 1425 ut
1662 1377 1813 1442 patet
1840 1371 1897 1426 in
1926 1373 2221 1445 metaphy-

217 1460 320 1516 sica
347 1477 364 1515 ε
396 1459 498 1515 sed
521 1474 622 1516 ens
648 1465 702 1514 et
726 1459 1038 1517 substantia
1061 1473 1170 1515 non
1198 1457 1469 1514 abstrahit
1498 1473 1531 1514 a
1556 1458 1807 1528 materia,
1844 1459 1983 1514 alias
2011 1459 2215 1525 nullum

220 1563 304 1604 ens
324 1548 666 1604 inveniretur
693 1548 838 1620 quod
863 1547 1089 1604 haberet
1113 1545 1401 1603 materiam
1423 1562 1436 1616 ;
1468 1560 1601 1617 ergo
1626 1545 1857 1604 scientia
1886 1547 2071 1604 divina
2108 1565 2224 1604 non-

221 1643 292 1692 est
318 1653 348 1692 a
371 1635 606 1692 materia
631 1635 974 1692 abstrahens.

283 1730 331 1781 6.
360 1726 517 1790 ltem,
547 1725 848 1780 secundum
873 1723 1273 1796 Philosophum,
1306 1739 1324 1779 1
1350 1725 1639 1793 Posterio.,
1672 1723 1741 1781 ad
1770 1725 2058 1782 scientiam
2085 1741 2216 1799 per-

223 1815 348 1870 tinet
373 1813 722 1870 considerare
748 1829 856 1869 non
878 1811 1056 1869 solum
1093 1813 1418 1884 subjeetum,
1457 1814 1553 1870 sed
1582 1815 1749 1870 etiam
1776 1820 1958 1886 partes
1994 1823 2048 1878 et
2086 1831 2217 1888 pas-

223 1904 388 1960 siones
410 1903 679 1975 subjecti:
711 1903 808 1958 sed
837 1917 934 1958 ens
962 1909 1047 1956 est
1073 1901 1381 1972 subjectum
1403 1901 1651 1959 scientias
1678 1902 1897 1970 divinae,
1922 1910 1983 1959 ut
2008 1904 2216 1960 dictum

226 1999 332 2060 est;
359 2008 484 2064 ergo
513 1992 583 2048 ad
611 1993 787 2065 ipsam
815 1991 1052 2062 pertinet
1075 1989 1423 2046 considerare
1449 1989 1519 2045 de
1545 1991 1797 2046 omnibus
1820 1988 2035 2047 entibus
2064 2009 2077 2046 ι
2118 1992 2213 2050 sed

229 2083 437 2139 materia
473 2087 532 2136 et
555 2089 738 2136 motus
763 2085 890 2135 sunt
917 2079 1172 2152 quaedam
1197 2079 1373 2150 entia;
1406 2095 1535 2152 ergo
1560 2079 1789 2136 scientia
1817 2080 2002 2144 divina
2036 2080 2109 2137 ab
2135 2081 2216 2137 eis

228 2185 322 2225 non
352 2170 635 2227 abstrahit.

290 2259 340 2311 ι7.
363 2257 512 2325 Ιιειιι,
545 2259 688 2312 εἰειιι
717 2256 854 2312 dicit
881 2256 1289 2316 commentator
1313 2271 1330 2313 ι
1357 2256 1735 2331 Physicorum,
1762 2260 1992 2315 scientia
2032 2259 2219 2318 divina

232 2347 544 2402 demonstrat
580 2362 680 2418 per
731 2352 842 2400 tres
884 2360 1099 2413 causas,
1149 2344 1360 2402 scilicet
1401 2345 1745 2414 efficientem,
1800 2347 2103 2418 formalem,
2162 2356 2219 2404 et

235 2433 423 2490 finalem
449 2451 462 2490 ι
493 2435 590 2490 sed
617 2448 786 2492 causa
813 2433 1053 2490 efficiens
1096 2429 1202 2488 non
1234 2440 1415 2506 potest
1452 2434 1789 2490 considerari
1817 2435 1934 2492 sine
1962 2435 2217 2491 conside-

235 2523 420 2576 ratione
445 2529 645 2589 ιιιοιιιε,
676 2521 928 2578 similiter
955 2537 1057 2578 neo
1079 2522 1221 2586 finiS,
1252 2529 1314 2578 ut
1337 2521 1615 2576 diciturin
1636 2537 1705 2578 ιιι
1726 2523 2051 2595 Metaphysi.
2077 2523 2219 2578 unde

237 2607 284 2662 in
307 2608 716 2674 mathematicis,
745 2609 877 2680 quia
901 2616 1030 2665 sunt
1054 2607 1373 2674 immobilia,
1404 2606 1551 2664 nulla
1580 2608 1976 2664 demonstratio
2006 2625 2105 2680 per
2126 2609 2221 2664 hu·

239 2697 441 2766 jusmodi
463 2713 660 2756 causas
681 2697 880 2768 datur3
911 2713 1040 2769 ergo
1063 2695 1292 2753 scientia
1319 2695 1506 2754 divina
1535 2713 1643 2753 non
1670 2696 1941 2761 abstrahit
1979 2713 2011 2753 a
2041 2704 2213 2754 motu.

297 2791 342 2840 8.
369 2787 513 2856 Item,
547 2789 602 2842 in
631 2785 926 2858 Theologia
955 2786 1353 2842 determinatur
1375 2785 1447 2840 de
1476 2785 1753 2842 creatione
1771 2786 1901 2842 coeii
1936 2794 1994 2843 et
2026 2794 2213 2853 terrae,

242 2880 287 2930 et
319 2875 513 2933 actibus
553 2877 856 2942 homiuum,
897 2879 954 2930 et
995 2873 1181 2930 multis
1225 2874 1555 2946 hujusmodi,
1588 2891 1713 2947 quae
1741 2875 1795 2930 in
1822 2891 1883 2930 se
1926 2876 2216 2931 materiam

242 2967 288 3016 et
315 2973 505 3021 motum
540 2965 862 3033 continent3
888 2978 1021 3034 ergo
1048 2977 1155 3019 non
1184 2960 1401 3019 videtur
1432 2962 1725 3034 Theologia
1762 2979 1795 3020 a
1824 2964 2055 3023 materia
2096 2969 2150 3018 ει
2183 2978 2215 3018 a

244 3059 366 3108 motu
388 3053 718 3110 abstrahere.

297 3141 388 3196 Sed
425 3148 612 3203 contra
647 3146 753 3210 est,
799 3140 946 3214 quod
979 3139 1114 3196 dicit
1151 3139 1505 3212 Philosophus
1546 3155 1606 3197 v1
1645 3141 1809 3196 Meta.
1826 3091 1996 3214 quod
2036 3139 2218 3212 prima

247 3226 540 3303 philosophia
569 3237 656 3286 est
677 3231 825 3286 circa
849 3229 1193 3302 separabilia,
1217 3229 1484 3286 sciliceta
1513 3231 1763 3295 materia,
1788 3233 1844 3285 et
1868 3227 2215 3287 immobilia.

248 3316 386 3386 prima
407 3326 586 3376 autem
613 3319 955 3392 philosophia
982 3327 1066 3376 εει
1088 3318 1318 3376 scientia
1344 3317 1551 3387 divina,
1583 3325 1646 3375 ut
1666 3318 1869 3375 ibidem
1892 3317 2061 3390 dicit3
2084 3333 2215 3391 ergo

249 3403 340 3472 ipsa
361 3414 437 3464 εει
464 3408 742 3466 abstracta
765 3423 798 3464 a
823 3415 976 3464 motu
1003 3407 1335 3465 elz-materia.

298 3493 432 3562 Item,
458 3496 794 3554 nobilissima
813 3495 1042 3553 scientia
1067 3501 1151 3553 est
1169 3497 1240 3554 de
1259 3495 1611 3558 nobilissimis
1632 3496 1851 3554 entibus
1876 3513 1891 3553 t
1914 3497 2010 3553 sed
2032 3495 2218 3552 scien-

249 3578 310 3636 tia
335 3580 504 3640 divina
529 3589 613 3640 est
646 3584 986 3644 nobilissima
1008 3584 1258 3642 scientia.
1285 3586 1421 3642 Cum
1449 3585 1619 3657 igitur
1644 3581 1794 3643 entia
1825 3584 2215 3652 immaterialia

249 3674 292 3722 et
313 3668 588 3730 immobilia
609 3674 722 3730 sint
745 3673 1100 3742 nobilissima,
1127 3675 1196 3730 de
1219 3675 1299 3730 eis
1327 3675 1435 3736 erit
1462 3674 1692 3731 scientia
1719 3675 1925 3730 divina.

277 3755 438 3828 ·ltem,
480 3761 853 3835 Philosophus·
875 3763 1011 3820 dicit
1047 3762 1104 3818 in
1147 3761 1413 3836 principio
1456 3763 1737 3836 metaphy.
1792 3762 1938 3835 quod
1983 3759 2215 3817 scientia

250 3841 404 3903 divina
425 3855 505 3906 est
530 3850 600 3908 de
625 3852 818 3925 primis
841 3851 1122 3926 principiis
1158 3857 1214 3912 et
1240 3853 1477 3913 causis:
1517 3851 1826 3926 hujusmodi
1865 3856 2051 3905 autem
2069 3854 2214 3908 ειιιιι

252 3929 592 3998 immaterialia
615 3947 672 3998 ει
699 3941 1030 4001 immobilia·
1009 3979 1035 4010 ,
1059 3957 1188 4014 ergo
1213 3942 1284 3999 de
1311 3942 1512 4000 talibus
1534 3949 1621 3999 est
1644 3939 1873 3998 scientia
1896 3937 2105 3999 divina.
