2800 4492
847 318 960 367 ΧΠ.
991 334 1070 351 -
1101 320 1525 372 ouonmss‘ruu
1566 318 1786 367 nomm
2199 306 2319 368 493

383 434 488 493 Sed
526 440 737 517 contra,
770 433 824 491 in
860 434 1103 493 Ecclesia
1145 452 1252 492 non
1287 443 1468 509 potest
1496 452 1615 493 esse
1642 452 1794 495 error
1837 436 2182 495 damnabili&
2213 440 2319 496 Sed

311 524 404 583 hic
430 530 576 582 esset
615 540 766 583 error
791 524 1134 594 damnabilis,
1181 526 1226 582 si
1263 531 1618 583 veneraretur
1655 534 1936 601 tamquam
1964 530 2195 585 Sanctus
2222 528 2319 604 qui

313 613 417 671 suit
445 619 719 687 peccator,
764 614 895 689 quia
941 614 1110 687 aliqui
1157 614 1390 671 scientes
1438 622 1664 688 peccata
1705 618 1842 690 ejuS,
1888 617 2172 674 crederent
2217 617 2321 674 hoc

312 719 432 760 esse
455 703 684 774 falsum3
711 708 765 759 et
789 704 834 760 si
859 704 938 761 ita
962 704 1272 775 contigerit,
1299 710 1521 775 possent
1548 704 1615 761 ad
1640 720 1881 763 errorem
1903 705 2151 779 perduci.
2176 706 2319 779 Ergo
2354 716 2359 720 ’

312 792 558 849 Ecclesia
587 791 640 848 in
667 792 865 849 talibus
894 806 1076 861 errare
1102 806 1208 849 non
1231 800 1435 865 potest.

325 957 333 963 ι
384 884 672 947 Praeterea,
713 883 1050 954 Augustinus
1079 881 1214 938 dicit
1257 881 1310 937 in
1349 880 1580 955 epistola
1624 882 1690 939 ad
1729 883 2137 957 Hieronymum,
2171 884 2319 959 quod

312 972 360 1029 si
394 972 448 1025 in
477 971 756 1043 Scriptura
795 970 1058 1028 canonica
1087 970 1308 1043 aliquod
1345 971 1692 1027 mendacium
1730 971 2069 1040 admittatur,
2104 974 2319 1030 nutabit

313 1060 448 1117 fides
477 1068 680 1126 nostra,
707 1075 836 1134 quae
872 1076 940 1116 ex
967 1060 1248 1133 Scriptura
1289 1060 1551 1116 canonica
1580 1060 1871 1133 dependet.
1904 1061 2009 1117 Sed
2046 1060 2188 1117 sicut
2231 1071 2319 1118 te-

312 1164 504 1204 nemur
538 1147 762 1203 credere
796 1148 926 1204 illud
968 1147 1113 1220 quod
1151 1155 1233 1204 est
1269 1148 1324 1205 in
1353 1162 1513 1204 sacra
1552 1148 1853 1221 Scriptura,
1892 1148 1970 1205 ita
2012 1147 2141 1203 illud
2174 1150 2319 1223 quod

313 1244 396 1293 est
422 1236 782 1293 communiter
823 1254 921 1309 per
963 1236 1265 1293 Ecclesiam
1311 1236 1733 1292 determinatum
1781 1253 1796 1291 z
1839 1237 1983 1293 unde
2028 1236 2320 1295 haereticus

304 1325 589 1398 judicatur
635 1326 728 1399 qui
775 1325 942 1381 sentit
987 1332 1178 1382 contra
1206 1326 1716 1381 determinationem
1744 1324 2129 1383 conciliorum.
2179 1328 2320 1399 Ergo

311 1430 599 1474 commune
637 1414 908 1486 judicium
949 1413 1207 1471 Ecclesiae
1252 1429 1543 1469 erroneum
1584 1428 1703 1470 esse
1746 1430 1852 1471 non
1893 1420 2103 1489 potest;
2146 1420 2202 1471 et
2242 1418 2321 1473 sic

311 1501 459 1558 idem
488 1500 634 1576 quod
663 1502 833 1574 prius.

381 1591 703 1663 Respondeo
750 1590 1058 1657 dicendum,
1106 1590 1251 1663 quod
1301 1590 1507 1664 aliquid
1550 1598 1729 1663 potest
1770 1591 2007 1663 judicari
2067 1591 2321 1664 possibile

311 1679 612 1736 secundum
655 1691 716 1735 se
760 1679 1183 1747 consideratum,
1231 1680 1375 1753 quod
1423 1679 1657 1735 relatum
1685 1680 1755 1737 ad
1798 1679 2005 1753 aliquid
2048 1668 2322 1738 extrinse-

310 1784 456 1835 cum,
495 1768 826 1841 impossibile
856 1770 1149 1825 invenitur.
1192 1769 1325 1824 Dico
1359 1784 1509 1841 erge,
1544 1770 1687 1842 quod
1712 1768 1980 1841 judicium
2010 1784 2195 1825 eorum
2226 1770 2319 1844 qui

311 1864 556 1931 praesunt
581 1858 858 1925 Ecclesiae,
889 1863 1068 1930 potest
1101 1872 1285 1913 errare
1313 1858 1367 1913 in
1395 1856 1748 1930 quibuslibet,
1780 1858 1823 1913 si
1856 1872 2104 1930 personae
2132 1862 2321 1915 eorum

313 1952 526 2004 tantum
551 1948 933 2021 respiciantur.
961 1947 1013 2003 Si
1041 1960 1170 2003 vero
1195 1946 1573 2003 consideretur
1596 1946 1781 2004 divina
1810 1946 2171 2018 providentia,
2198 1964 2322 2021 quae

313 2036 611 2093 Ecclesiam
654 2052 809 2093 suam
859 2036 1064 2108 Spiritu
1105 2042 1296 2091 sancto
1338 2036 1527 2107 dirigit
1573 2042 1770 2091 utnon
1814 2043 1979 2103 erret,
2023 2038 2167 2092 sicut
2206 2037 2322 2109 ipse

229 2164 244 2173 .
313 2124 581 2197 promisit,
632 2126 787 2180 Joan.
843 2139 963 2189 xxv,
1009 2124 1153 2195 quod
1209 2124 1445 2195 Spiritus
1498 2123 1793 2180 adveniens
1840 2123 2060 2179 doceret
2106 2140 2323 2181 omnem

314 2214 620 2277 veritatem,
662 2210 730 2266 de
775 2208 1097 2265 necessariis
1137 2209 1347 2266 scilicet
1385 2210 1455 2266 ad
1497 2209 1760 2279 salutem3
1805 2217 2015 2266 certum
2059 2213 2323 2285 estquod

306 2300 576 2373 judicium
603 2298 864 2355 Ecclesiae
903 2298 1228 2355 universalis
1257 2312 1442 2354 errare
1479 2298 1533 2353 in
1577 2297 1661 2354 his
1699 2314 1823 2371 quae
1852 2300 1919 2355 ad
1944 2300 2113 2355 fidem
2148 2298 2324 2373 perti-

314 2394 463 2459 nent,
496 2388 830 2461 impossibile
865 2394 972 2444 est.
1013 2386 1168 2443 Unde
1195 2387 1371 2458 magis
1397 2392 1484 2442 est
1510 2387 1769 2443 standum
1806 2389 2095 2446 sententiae
2136 2390 2319 2462 Papae,

311 2477 383 2533 ad
427 2478 590 2551 quem
628 2477 864 2549 pertinet
895 2474 1262 2531 determinare
1299 2474 1368 2530 de
1408 2475 1533 2542 fide,
1576 2490 1739 2549 quam
1770 2476 2055 2547 injudicio
2094 2478 2320 2549 profert,

315 2580 479 2640 quam
527 2565 893 2640 quorumlibet
936 2565 1243 2636 sapientum
1281 2563 1560 2619 hominum
1606 2566 1658 2619 in
1706 2566 2003 2637 Scripturis
2044 2565 2319 2639 opinioni3

313 2668 443 2711 curn
487 2654 740 2727 Caiphae,
787 2653 1038 2726 quamvis
1078 2666 1335 2725 nequam,
1379 2658 1564 2708 tamen
1616 2651 1748 2725 quia
1790 2652 2057 2724 Pontifex,
2113 2653 2325 2727 legatur

315 2744 483 2800 etiam
511 2744 715 2800 inscius
747 2742 1118 2816 prophetasse,
1156 2742 1312 2797 joan.
1345 2754 1430 2796 xl.
1463 2741 1523 2795 In
1562 2740 1682 2811 aliis
1719 2755 1850 2799 vero
1886 2744 2170 2799 sententiis
2201 2760 2325 2817 quee

319 2834 388 2889 ad
429 2832 780 2905 particularia
810 2830 954 2887 facta
991 2830 1286 2903 pertinent,
1311 2840 1371 2885 ut
1395 2844 1522 2885 cum
1560 2828 1738 2901 agitur
1774 2832 1842 2887 de
1871 2832 2323 2905 possessionibuS,

313 2921 402 2978 vel
445 2922 512 2977 de
540 2920 877 2988 criminibus,
909 2918 993 2976 vel
1029 2918 1096 2975 de
1137 2917 1468 2991 huiusmodi,
1514 2918 1774 2991 possibile
1803 2929 1887 2975 est
1910 2921 2180 2991 judicium
2216 2920 2327 2975 Ec-

313 3010 500 3067 clesiae
543 3024 725 3065 errare
771 3014 992 3081 propter
1023 3006 1190 3063 falsos
1232 3014 1421 3063 testes·
1452 3008 1805 3062 canonizatio
1834 3009 2157 3063 Sanctorum
2204 3024 2326 3064 me-

316 3099 470 3155 dium
500 3106 583 3153 est
622 3096 762 3150 inter
793 3095 912 3151 haec
941 3096 1048 3150 duo
1085 3111 1100 3150 ε
1140 3095 1270 3168 quia
1310 3100 1493 3150 tamen
1536 3094 1709 3150 honor
1738 3110 1901 3166 quem
1930 3096 2143 3167 Sanctis
2168 3096 2327 3171 exhi-

316 3188 527 3251 bemus,
591 3182 846 3257 quaedam
892 3182 1159 3255 professio
1221 3182 1346 3237 fidei
1392 3188 1496 3248 est,
1556 3198 1665 3255 qua
1720 3183 2043 3257 Sanctorum
2098 3184 2327 3257 gloriam

316 3276 611 3342 credimuS,
658 3273 748 3345 pie
791 3270 1125 3328 credendum
1165 3276 1268 3337 est,
1316 3268 1461 3342 quod
1500 3286 1601 3327 nec
1630 3270 1795 3328 etiam
1840 3272 1898 3327 in
1940 3271 2024 3329 his
2054 3272 2325 3345 judicium

317 3364 579 3423 Ecclesiae
603 3372 787 3417 errare
807 3358 1000 3433 possit.

387 3453 470 3510 Ad
494 3452 732 3527 primum
755 3464 885 3521 ergo
910 3445 1218 3514 dicendum,
1249 3445 1393 3519 quod
1418 3438 1687 3517 Pontifex,
1714 3449 1869 3522 cujus
1897 3457 1981 3505 est
2005 3449 2326 3507 canonizare

319 3542 566 3609 SanctOS,
593 3544 796 3613 ,potest
850 3536 1140 3594 certificari
1192 3536 1260 3591 de
1307 3540 1455 3591 statu
1496 3536 1725 3608 alicujus
1774 3554 1871 3609 per
1917 3536 2327 3611 inquisitionem

318 3634 450 3689 vitae
479 3637 533 3687 et
573 3627 983 3686 attestationem
1021 3622 1438 3695 miraculorum3
1476 3632 1534 3681 et,
1562 3625 1834 3696 praecipue
1880 3642 1976 3697 per
2005 3628 2326 3686 instinctum

318 3719 551 3792 Spiritus
575 3718 771 3783 sancti,
799 3716 894 3790 qui
923 3714 1104 3773 omnia
1131 3718 1431 3778 scrutatur,
1464 3714 1631 3768 etiam
1656 3712 1922 3785 profunda
1956 3714 2076 3771 Dei.

391 3807 474 3863 Ad
511 3806 809 3863 secundum
857 3804 1166 3869 dicendum,
1193 3802 1365 3879 *quod
1407 3800 1592 3855 divina
1642 3800 1981 3873 providentia
2026 3813 2328 3877 praeservat
2426 3819 2428 3823 “

261 3881 265 3885 ’
319 3896 621 3955 Ecclesiam
646 3912 714 3953 ne
732 3896 789 3951 in
814 3893 1013 3952 talibus
1036 3908 1132 3982 per
1153 3888 1375 3947 fallibile
1393 3890 1761 3947 testimonium
1783 3890 2061 3950 hominum
2084 3892 2323 3957 fallatur.
