2800 4492
497 345 583 410 90
966 363 1028 411 fe.
1073 366 1305 412 mouns.
1346 351 1675 418 Aetium-rra
1717 344 2053 414 opuseum'

500 478 730 537 scientia
753 479 824 537 de
848 482 1170 538 necessariis
1197 491 1280 540 est
1305 476 1451 540 'z'sed
1480 499 1663 540 rerum
1690 498 1922 558 quarum
1952 489 2079 540 sunt
2102 482 2212 542 illae
2242 481 2526 548 ratione-e,

501 569 754 641 quaedam
780 578 908 628 sunt
947 573 1268 630 necessari-ae
1309 580 1365 628 et
1393 571 1717 641 immobiles„
1751 572 2004 646 quaedam
2042 573 2430 644 contingentes
2466 577 2531 626 et

503 657 747 727 mobiles,
775 668 831 716 et
858 667 1124 733 quantum
1158 661 1227 717 ad
1252 661 1356 718 hoc
1380 662 1450 719 de
1476 659 1641 718 rebus
1670 661 2109 735 contingentibus
2136 667 2194 718 et
2220 659 2533 717 mobilibus

503 745 758 804 dicuntur
787 763 906 804 esse
929 748 1192 806 scientiae.
1235 773 1240 780 ·

573 835 656 892 Ad
689 834 940 909 quintum
968 836 1278 905 dicendum,
1320 838 1468 910 quod
1504 835 1758 912 quamvis
1796 836 2105 896 universale
2132 852 2243 894 non
2285 853 2533 894 movea-

505 928 612 992 tur,
643 932 935 982 esttamen
959 926 1099 983 ratio
1120 927 1197 982 rei
1225 925 1464 990 mobilis

572 1012 658 1070 Ad
700 1020 914 1071 sextum
953 1015 1262 1083 dicendum,
1310 1017 1457 1088 quod
1500 1013 1681 1072 anima
1719 1021 1776 1071 et
1818 1013 1941 1072 aliae
1982 1016 2173 1072 sormae
2210 1013 2526 1084 naturaleS,

505 1102 757 1175 quamvis
779 1119 884 1159 non
920 1109 1244 1160 moveantur
1282 1120 1378 1176 per
1419 1119 1497 1172 se,
1543 1111 1831 1161 moventur
1856 1112 2040 1161 tamen
2070 1119 2167 1178 per
2195 1102 2457 1161 accidens
2506 1117 2529 1180 ς

507 1197 564 1247 et
603 1190 823 1264 insuper
863 1198 989 1249 sunt
1015 1191 1378 1264 perfectiones
1417 1207 1600 1249 rerum
1640 1191 1941 1259 mobilium,
1990 1199 2044 1248 et
2072 1193 2373 1249 secundum
2409 1181 2533 1248 hoc

504 1279 710 1336 cadunt
735 1280 792 1336 in
827 1280 1262 1338 consideratione
1297 1280 1584 1339 naturalis·
1614 1281 1784 1338 Terra
1813 1290 1997 1338 autem
2026 1280 2277 1354 quamvis
2314 1276 2533 1336 secun-2

507 1367 638 1425 dum
674 1384 733 1424 se
772 1374 944 1425 totam
977 1385 1087 1426 non
1129 1375 1432 1437 moveatur,
1474 1371 1620 1444 quod
1651 1370 1852 1427 accidit
1880 1370 1930 1426 ei
1961 1369 2015 1425 in
2046 1376 2313 1444 quantum
2335 1375 2425 1426 ¹est
2460 1369 2527 1425 in

505 1456 625 1514 loco
666 1457 922 1526 naturali,
961 1457 1017 1513 in
1047 1473 1155 1532 quo
1197 1457 1432 1533 quiescit
1473 1473 1568 1532 per
1611 1459 1859 1516 eamdem
1903 1467 2175 1525 naturam,
2210 1474 2305 1530 per
2350 1473 2529 1531 quam

506 1553 754 1604 movetur
783 1546 852 1603 ad
876 1545 1055 1603 locum
1082 1562 1095 1602 ε
1119 1552 1303 1603 tamen
1325 1554 1509 1620 partes
1528 1548 1645 1620 ejus
1669 1552 1953 1604 moventur
1982 1547 2053 1603 ad
2073 1547 2271 1614 locum,
2297 1538 2527 1619 quando

506 1641 634 1691 sunt
659 1644 814 1693 extra
843 1634 1022 1692 locum
1050 1634 1440 1712 proprium,le.t
1476 1635 1555 1692 sic
1582 1641 1731 1693 terra
1764 1635 1977 1692 ratione
2006 1634 2210 1709 quietis
2240 1635 2427 1704 totiuS,
2460 1640 2526 1690 et

508 1729 690 1779 motus
712 1723 970 1796 partium,
996 1723 1146 1779 cadit
1174 1723 1229 1778 in
1258 1722 1693 1780 consideratione
1717 1723 2003 1781 natur-alie.

576 1810 662 1867 Ad
707 1812 997 1884 septimum
1037 1810 1349 1879 dicendum,
1395 1811 1543 1886 quod
1582 1811 1920 1870 mutabilitas
1957 1812 2050 1869 illa
2090 1828 2215 1885 quae
2254 1811 2527 1884 competit

510 1900 653 1955 omni
679 1905 966 1970 creaturae,
999 1916 1104 1958 non
1129 1907 1212 1956 est
1237 1901 1540 1957 secundum
1562 1901 1801 1974 aliquem
1826 1907 2035 1958 motum
2064 1899 2390 1972 naturalem,
2420 1901 2527 1956 sed

509 1989 807 2046 secundum
843 1989 1262 2061 dependentiam
1305 1989 1373 2046 ad
1403 1991 1597 2056 Deum,
1644 2005 1677 2048 a
1718 2006 1827 2063 quo
1858 1989 1903 2047 si
1946 1991 2346 2057 desererentur,
2378 1988 2528 2046 deii-

513 2084 698 2134 cerent
725 2077 795 2135 ab
819 2092 884 2134 eo
909 2077 1052 2151 quod
1079 2083 1225 2134 sunt.
1256 2079 1632 2151 Dependentia
1662 2083 1846 2138 autem
1874 2078 1981 2136 ista
2010 2079 2247 2151 pertinet
2277 2077 2346 2134 ad
2384 2094 2527 2134 con-

511 2166 896 2224 siderationem
923 2165 1312 2240 metaphysicae
1331 2167 1513 2240 potius
1532 2183 1697 2242 quam
1726 2166 2009 2236 naturalis,
2038 2175 2306 2225 creaturae
2335 2175 2527 2224 autem

513 2255 824 2328 spirituales
864 2270 972 2312 non
1013 2263 1137 2313 sunt
1171 2255 1481 2326 mutabiles,
1515 2257 1619 2313 nisi
1647 2256 1947 2313 secundum
1985 2255 2327 2312 electionem.
2372 2255 2525 2313 Talis

515 2345 745 2404 mutatio
772 2360 879 2403 non
903 2346 1142 2420 pertinet
1171 2343 1241 2404 ad
1269 2344 1597 2414 naturalem,
1626 2345 1722 2402 sed
1752 2345 1927 2420 magis
1955 2345 2025 2404 ad
2046 2344 2313 2404 divinum.

1205 2523 1663 2586 ARTIOULUS
1704 2523 1819 2586 111.

566 2657 784 2722 Utrum
809 2654 1232 2722 mathematica
1258 2657 1656 2720 consideratio
1678 2657 1764 2720 sic
1785 2655 1914 2720 sino
1933 2661 2102 2720 motu
2123 2659 2181 2720 et
2200 2653 2481 2720 materia.

585 2786 669 2843 Ad
699 2785 923 2842 tertium
945 2785 1026 2842 sic
1049 2771 1383 2859 proceditur.
1412 2787 1466 2843 l.
1490 2785 1721 2844 Videtur
1748 2787 1895 2862 quod
1920 2786 2309 2845 mathematica
2337 2784 2528 2843 consi-

517 2874 728 2932 deratio
755 2889 863 2930 non
897 2871 970 2930 sit
998 2873 1116 2931 sine
1146 2874 1372 2931 materia
1410 2873 1480 2932 de
1506 2875 1591 2931 his
1625 2891 1750 2950 quae
1777 2875 1979 2933 habent
2008 2891 2129 2932 esse
2173 2875 2228 2930 in
2267 2875 2523 2932 materia.

517 2967 653 3021 Cum
689 2963 833 3020 enim
869 2963 1072 3020 veritas
1112 2965 1378 3020 consistat
1419 2964 1475 3020 in
1515 2965 1896 3038 adaequatione
1936 2965 2013 3021 rei
2053 2965 2122 3020 ad
2160 2963 2520 3033 intellectum,

517 3057 732 3126 oportet
758 3067 897 3120 esse,
925 3052 1380 3126 quandocumque
1409 3067 1497 3110 res
1522 3053 1681 3111 aliter
1702 3053 2080 3110 consideratur
2102 3069 2265 3127 quam
2295 3053 2387 3121 sit,
2414 3052 2527 3110 fal·-

518 3157 636 3198 sam
675 3141 1185 3198 considerationem.
1231 3141 1288 3199 Si
1331 3157 1461 3214 ergo
1502 3157 1690 3200 omnes
1734 3159 1821 3198 res
1849 3158 1973 3216 quae
2002 3149 2131 3198 sunt
2172 3142 2227 3197 in
2266 3141 2520 3208 materia,

521 3229 930 3288 considerantur
979 3229 1096 3286 sine
1155 3230 1384 3287 materia
1428 3231 1487 3286 in
1534 3229 1941 3297 mathematica,
1993 3231 2111 3304 ejus
2157 3229 2525 3288 consideratio

485 3313 492 3318 ’
519 3320 624 3374 erit
650 3317 806 3384 salsa,
834 3324 889 3373 et
917 3315 997 3373 sic
1019 3333 1125 3373 non
1149 3317 1254 3374 erit
1281 3319 1530 3388 scientia,
1559 3335 1683 3376 cum
1706 3317 1881 3376 omnis
1902 3317 2132 3376 scientia
2155 3318 2228 3374 sit
2247 3332 2524 3374 verorum.

589 3411 643 3465 2.
689 3407 846 3472 ltem,
901 3405 1202 3462 secundum
1255 3405 1637 3480 Philosophum
1672 3406 1849 3480 primo
1907 3407 2173 3463 Poster10.
2224 3404 2528 3478 cujuslibet

518 3493 763 3552 scientiae
787 3498 870 3550 est
892 3494 1239 3552 considerare
1260 3494 1563 3568 subjectum
1586 3503 1643 3552 et
1668 3501 1851 3568 partes
1868 3493 2141 3569 subjectin
2162 3495 2257 3551 sed
2281 3494 2528 3551 omnium

519 3583 883 3642 materialium
909 3583 1206 3640 secundum
1230 3597 1349 3640 esse
1373 3586 1605 3642 materia
1626 3601 1753 3660 pars
1777 3590 1895 3654 est3
1923 3600 2050 3656 ergo
2078 3599 2182 3640 non
2207 3588 2529 3658 potestesse

520 3674 663 3745 quod
685 3673 868 3745 aliqua
891 3671 1121 3729 scientia
1145 3671 1453 3748 consideret
1474 3673 1543 3730 de
1566 3673 1651 3730 his
1674 3689 1799 3747 quae
1828 3673 2033 3731 suntin
2064 3672 2295 3730 materia
2319 3670 2530 3748 absque

520 3761 621 3818 hoc
647 3761 792 3836 quod
823 3760 1107 3818 materiam
1137 3761 1467 3818 consideret.

590 3853 643 3904 3.
683 3851 837 3918 Item,
871 3865 1056 3907 omnes
1084 3847 1243 3906 lineae
1270 3858 1437 3908 rectae
1465 3857 1593 3910 sunt
1614 3839 1860 3924 ejusdem
1888 3815 2139 3924 speciei.
2172 3847 2269 3906 sed
2307 3848 2532 3906 mathe-

520 3936 754 3996 maticus
781 3939 1091 3997 considerat
1129 3937 1299 3998 lineas
1325 3947 1507 3998 rectas
1535 3939 1869 3998 numerando
1908 3937 2048 4009 illas,
2081 3938 2219 3996 alias
2253 3953 2362 3996 non
2388 3953 2533 3996 con-
