2800 4492
459 345 582 410 396
937 359 994 412 s.
1038 355 1271 423 'rnouajx
1311 351 1642 408 aemulius
1681 351 1990 400 croscum

465 481 560 537 dat
584 479 921 538 intellectum.
953 475 1058 535 Sed
1083 473 1462 548 multiplicitas
1489 486 1749 531 sensuum
1783 469 2067 530 obnubilat
2103 467 2498 530 intellectum.

463 571 606 644 Ergo
630 585 739 626 non
764 567 965 625 debent
985 567 1041 624 in
1067 580 1226 623 sacra
1251 563 1536 638 Scriptura
1564 561 1721 618 multi
1750 577 1945 618 sensus
1974 577 2113 620 esse.

535 663 588 716 3.
611 661 904 722 Praeterea,
932 655 986 712 id
1016 654 1164 728 quod
1193 660 1374 727 potest
1402 668 1523 709 esse
1547 651 1762 709 occasio
1789 650 2009 720 erroriS,
2041 651 2206 708 debet
2228 651 2285 708 in
2312 668 2499 711 sacra

465 749 748 821 Scriptura
800 745 985 802 vitari.
1011 744 1120 802 Sed
1167 759 1369 820 ponere
1416 743 1554 799 alios
1594 757 1787 798 sensus
1836 746 2039 814 praeter
2087 741 2381 799 litteralem
2425 745 2493 798 in

465 837 764 911 Scriptura,
793 842 973 910 potest
1002 849 1124 892 esse
1151 833 1368 890 occasio
1392 833 1628 901 erroris3
1655 830 1785 904 quia
1813 830 2046 904 quilibet
2072 838 2258 906 posset
2297 847 2496 904 expo-

467 943 597 986 nere
615 941 830 984 sacram
857 924 1198 998 scripturam
1219 922 1523 979 secundum
1546 921 1692 995 quod
1722 921 1840 992 ipse
1863 919 2050 989 vellet,
2076 918 2146 976 ad
2176 920 2493 978 confirma-

469 1018 670 1074 tionem
690 1014 962 1087 opinionis
985 1029 1121 1072 suae.
1134 1013 1277 1084 Ergo
1307 1027 1415 1069 non
1440 1011 1641 1068 debent
1672 1025 1793 1068 esse
1812 1008 1997 1084 plures
2024 1025 2217 1067 sensus
2238 1010 2293 1066 in
2312 1026 2489 1069 sacra

465 1107 768 1178 Scriptura.

539 1199 590 1254 4.
621 1197 912 1261 Praeterea,
947 1192 1282 1264 Augustinus
1325 1190 1479 1258 dicit,
1526 1190 1577 1246 11
1612 1204 1776 1262 super
1816 1186 2059 1246 Genesim
2102 1189 2175 1245 acl
2212 1189 2483 1258 litteram,

469 1282 614 1357 quod
639 1285 812 1356 major
839 1288 924 1339 est
945 1295 1118 1338 sacrae
1145 1280 1443 1353 Scripturae
1476 1278 1779 1336 auctoritas
1824 1292 1993 1351 quam
2028 1276 2205 1335 omnis
2250 1277 2487 1335 humani

469 1373 672 1446 ingenii
703 1371 1114 1446 perspicacitas.
1137 1370 1279 1441 Ergo
1309 1367 1400 1425 ille
1424 1382 1618 1424 sensus
1640 1368 1868 1440 quinon
1894 1366 2061 1424 habet
2085 1369 2483 1427 auctoritatem

471 1464 540 1520 ad
568 1461 775 1536 aliquid
800 1459 1250 1526 confirmandum,
1269 1473 1376 1515 non
1406 1464 1490 1514 est
1508 1455 1839 1513 conveniens
1865 1471 2057 1514 sensus
2084 1473 2258 1514 sacrae
2284 1459 2483 1532 Scrip-

471 1559 630 1610 turae.
661 1550 767 1610 Sed
796 1550 976 1608 nullus
1001 1564 1193 1606 sensus
1230 1554 1431 1621 praeter
1460 1544 1753 1603 litteralem
1779 1544 1945 1616 habet
1975 1545 2142 1602 robur
2169 1546 2239 1603 ad
2264 1547 2483 1620 aliquid

469 1641 919 1707 confirmandum,
947 1646 1008 1696 ut
1033 1643 1185 1712 patet
1213 1654 1310 1713 per
1333 1636 1658 1710 Dionysium
1694 1633 1751 1690 in
1784 1634 1946 1708 epist.
1978 1634 2049 1691 ad
2076 1635 2263 1692 Titum
2293 1654 2307 1692 ε
2338 1637 2487 1694 dicit.

469 1731 634 1801 enim,
667 1729 812 1804 quod
840 1728 1120 1800 symbolica
1149 1724 1475 1799 Theoloqica,
1495 1723 1639 1781 idest
1662 1739 1789 1797 quae
1814 1738 1883 1780 ex
1910 1722 2181 1782 similibus
2202 1727 2477 1797 procedit,

468 1837 576 1894 nnn
605 1825 678 1874 est
705 1816 1158 1890 argumentative.
1187 1816 1331 1887 Ergo
1376 1829 1536 1872 sacra
1563 1814 1845 1889 Scriptura
1881 1812 2021 1872 alios
2056 1830 2249 1874 sensus
2278 1825 2486 1891 praeter

469 1906 764 1965 litteralem
792 1920 898 1962 non
928 1903 1113 1960 habet.

539 1999 594 2052 5.
630 1996 922 2061 Praeterea,
969 1993 1301 2066 quicumque
1343 2007 1537 2048 sensus
1582 2009 1650 2050 ex
1694 1991 1877 2050 verbis
1918 1993 2151 2068 alicujus
2188 1995 2484 2069 scripturae

473 2085 708 2156 trahitur
737 2098 903 2167 quem
927 2090 1118 2139 auctor
1141 2099 1249 2140 non
1277 2080 1533 2151 intendit,
1560 2097 1671 2142 non
1688 2087 1773 2140 est
1808 2099 2003 2142 sensus
2036 2086 2321 2159 proprius;
2348 2088 2484 2160 quia

469 2180 661 2233 auctor
696 2189 795 2246 per
831 2187 994 2229 unam
1035 2171 1364 2244 scripturam
1410 2187 1519 2228 non
1566 2177 1748 2245 potest
1784 2171 2087 2245 intelligere
2124 2173 2229 2232 nisi
2286 2193 2477 2246 unum,

470 2263 602 2338 quia
647 2278 753 2320 non
795 2261 1064 2333 contingit
1114 2260 1272 2334 plura
1315 2259 1481 2316 simul
1522 2259 1849 2332 intelligere,
1891 2263 2192 2320 secundum
2226 2265 2485 2323 Philoso-

470 2353 658 2426 phum.
688 2352 831 2426 Ergo
859 2366 968 2409 non
992 2356 1220 2424 possunt
1247 2365 1369 2407 esse
1410 2346 1595 2424 plures
1616 2364 1807 2408 sensus
1835 2352 2039 2430 proprii
2075 2369 2250 2412 sacrae
2291 2357 2486 2433 Scrip-

470 2450 633 2500 turae.

541 2531 648 2590 Sed
671 2536 864 2589 contra
910 2534 994 2587 est
1040 2529 1188 2604 quod
1223 2528 1428 2587 dicitur
1474 2529 1614 2586 Dan.
1649 2543 1763 2605 κη,
1793 2532 1862 2588 4·
1892 2531 2317 2614 Pertransibuyl
2348 2537 2487 2618 plu-

471 2620 630 2687 rimi,
656 2629 709 2680 et
734 2620 1016 2694 multiplex
1038 2619 1145 2676 erit
1172 2617 1417 2678 scientia.
1458 2689 1463 2694 ·

539 2713 834 2776 Praeterea,
861 2710 1226 2782 Hieronymus
1248 2707 1382 2763 dicit
1413 2707 1468 2764 in
1492 2707 1715 2780 prologo
1740 2708 1947 2778 Bibliae,
1979 2709 2207 2786 loquens
2231 2713 2303 2772 de
2330 2717 2489 2790 Apo-

473 2799 682 2874 calypsi
712 2815 726 2854 ε
755 2797 822 2854 In
844 2795 1019 2852 verbis
1045 2796 1269 2869 singulis
1295 2795 1617 2869 multiplices
1638 2797 1805 2857 latent
1832 2798 2215 2874 intelliqentiae.

542 2886 865 2962 Respondeo
906 2885 1216 2953 dicendum,
1266 2885 1414 2957 quod
1452 2900 1611 2943 sacra
1646 2887 1929 2960 Scriptura
1966 2889 2035 2946 ad
2071 2889 2175 2948 hoc
2216 2891 2487 2954 divinitus

473 2987 557 3036 est
585 2977 836 3037 ordinata
864 2983 926 3033 ut
952 2991 1050 3048 per
1077 2980 1200 3032 eam
1234 2973 1392 3031 nobis
1420 2975 1626 3034 veritas
1665 2975 2046 3036 manifestetur
2072 2985 2385 3041 necessaria
2414 2987 2486 3044 ad

473 3068 727 3126 salutem.
756 3063 1120 3125 Manifestatio
1145 3072 1331 3123 autem
1353 3063 1441 3122 vel
1464 3065 1741 3139 expressio
1769 3065 2001 3142 alicujus
2024 3070 2276 3130 veritatis
2300 3083 2489 3148 potest

473 3158 592 3214 fieri
616 3156 684 3214 de
717 3156 900 3232 aliquo
927 3155 1090 3212 rebus
1117 3160 1174 3213 et
1195 3154 1406 3225 verbis;
1438 3151 1497 3211 in
1524 3163 1791 3228 quantum
1828 3156 2041 3216 scilicet
2067 3161 2235 3219 verba
2268 3165 2490 3236 signifi-

473 3253 602 3304 cant
642 3261 752 3314 ree,
795 3252 850 3302 et
892 3261 1002 3302 una
1041 3261 1130 3301 res
1165 3248 1498 3318 potestesse
1534 3245 1711 3317 figura
1756 3245 2002 3305 alterius.
2043 3252 2253 3310 Auctor
2297 3261 2489 3313 autem

473 3351 658 3392 rerum
694 3349 802 3390 non
828 3333 1009 3391 solum
1041 3338 1222 3406 potest
1249 3333 1418 3392 verba
1459 3334 1871 3393 accommodare
1914 3334 1985 3393 ad
2024 3338 2231 3413 aliquid
2268 3343 2489 3416 signifi-

475 3424 732 3490 candum,
763 3423 861 3481 sed
898 3420 1064 3479 etiam
1103 3437 1192 3479 res
1230 3428 1411 3494 potest
1438 3423 1727 3496 disponere
1758 3424 1815 3481 in
1852 3423 2084 3498 figuram
2112 3428 2341 3488 alterius
2380 3449 2395 3488 :
2428 3440 2489 3490 et

476 3513 777 3572 secundum
811 3511 916 3568 hoc
943 3512 998 3568 in
1031 3526 1189 3568 sacra
1215 3512 1497 3586 Scriptura
1524 3511 1907 3570 manifestatur
1934 3516 2140 3574 veritas
2166 3519 2489 3592 dupliciters

472 3604 592 3662 Uno
622 3603 782 3660 modo
806 3599 1105 3659 secundum
1133 3600 1281 3676 quod
1316 3616 1409 3657 res
1434 3601 1813 3673 significantur
1842 3619 1940 3677 per
1960 3604 2180 3664 verba.
2212 3616 2269 3665 et
2296 3609 2354 3667 in
2379 3609 2490 3668 hoo

474 3693 728 3752 consistit
766 3707 959 3750 sensus
1002 3689 1271 3748 litteralis·
1312 3689 1436 3748 Alio
1477 3689 1641 3746 modo
1680 3693 1981 3750 secundum
2026 3695 2173 3768 quod
2222 3713 2313 3754 res
2352 3713 2489 3769 sung

474 3782 665 3855 figurae
691 3782 924 3841 aliarum
949 3795 1168 3850 rerum;
1197 3763 1257 3836 et'
1277 3779 1332 3835 in
1361 3777 1467 3836 hoc
1488 3779 1740 3840 consistit
1762 3797 1955 3862 sensns
1976 3784 2300 3858 spiritualis»,
2326 3789 2489 3848 etsie

473 3887 648 3930 sacrae
665 3871 963 3946 Scripturae
985 3868 1167 3944 plures
1194 3883 1388 3925 sensus
1414 3875 1753 3946 competunt.

543 3960 630 4019 Ad
669 3960 907 4034 primum
939 3972 1070 4030 ergo
1109 3957 1421 4030 dicendum,
1470 3961 1619 4035 quod
1658 3961 1900 4024 varietas
1937 3978 2219 4040 sensuum,
2250 3981 2487 4044 quorum
