2800 4492
768 316 857 360 11.
891 332 972 344 —
996 317 1064 361 m
1104 318 1373 363 nos-rum
1414 321 1493 363 nu
1535 320 1863 367 mmm-ram
2240 305 2321 365 59

385 426 593 573 Τοιὲῑίο.
621 430 819 573 {Iu-um
849 431 958 489 duo
981 448 1208 507 corpora
1237 434 1448 508 possint
1472 452 1612 505 esse,
1643 437 1731 495 vel
1754 436 1984 509 intelligi
2014 436 2175 494 simul
2204 452 2325 494 esse

314 514 376 573 in
407 533 470 574 eo
512 535 598 575 em
646 535 766 577 oco.

387 605 615 675 Quarto.
641 608 838 665 Utrum
867 611 1110 669 varietas
1154 611 1259 670 loci
1297 613 1506 688 aliquid
1540 619 1797 689 operetur
1842 614 1912 671 ad
1958 614 2319 727 differentiam

313 695 618 753 secundum
645 713 952 755 numerum.

1028 934 1488 997 ARTICULUS
1550 936 1604 999 1.

671 1052 894 1147 Utrum
921 1084 1202 1149 alteritas
1237 1085 1322 1149 sit
1349 1104 1535 1151 causa
1558 1086 1973 1167 pluralitatis.

382 1234 466 1291 Ad
481 1234 718 1308 primum
736 1234 815 1291 sic
832 1236 1166 1309 proceditur.
1189 1239 1243 1295 4.
1266 1237 1494 1293 Videtur
1512 1238 1657 1324 quod
1674 1202 2005 1310 pluralitatis
2024 1250 2190 1293 causa
2214 1253 2320 1294 non

308 1324 387 1380 sit
407 1322 675 1381 alteritas.
690 1323 762 1380 Ut
787 1326 929 1379 enim
951 1324 1182 1381 dicitur·
1169 1342 1222 1381 in
1247 1318 1606 1382 Aritbmetica
1625 1326 1820 1393 Boetii‚
1834 1327 2015 1382 omnia
2037 1340 2322 1399 quaecum-

310 1428 420 1486 que
449 1428 480 1468 a
511 1428 720 1468 summa
740 1429 925 1467 rerum
953 1422 1147 1469 natura
1177 1422 1493 1472 constructa
1526 1423 1672 1481 sunt,
1691 1430 2043 1470 numerorum
2063 1414 2320 1470 videntur

309 1517 434 1557 esse
460 1501 672 1556 ratione
701 1500 955 1557 formatas
987 1503 1102 1557 Hoc
1147 1503 1291 1557 enim
1333 1504 1437 1558 fuit
1476 1503 1776 1575 principale
1811 1502 1868 1557 in
1908 1504 2087 1558 animo
2126 1503 2322 1557 condi-

311 1589 452 1645 toris
479 1588 754 1662 exemplar
786 1605 799 1643 ε
833 1594 890 1645 et
923 1589 1026 1646 hoc
1061 1597 1326 1646 consonat
1367 1591 1417 1646 ei
1458 1591 1602 1664 quod
1645 1589 1845 1646 dicitur
1886 1590 2181 1661 Sapientiae
2205 1605 2267 1645 xi
2302 1606 2315 1644 ε

311 1677 512 1735 Omuia
556 1678 616 1733 in
644 1678 896 1750 pondere,
924 1694 1163 1744 numero,
1193 1687 1245 1735 et
1285 1696 1538 1735 mansura
1572 1678 1880 1751 disposuisti
1890 1695 1911 1745 ‚·
1958 1694 2085 1749 ergo
2129 1678 2321 1752 plura-

309 1766 459 1833 litas,
487 1766 604 1825 sive
638 1782 894 1822 numerus
923 1773 1006 1822 est
1030 1767 1264 1839 primum
1291 1769 1435 1825 inter
1462 1784 1549 1823 res
1574 1775 1809 1835 creatas,
1842 1774 1898 1823 et
1937 1782 2043 1822 non
2082 1772 2167 1822 est
2200 1768 2318 1839 ejus

226 1914 234 1921 ,
309 1854 498 1928 aliqua
522 1870 687 1911 causa
717 1854 1032 1929 quaerenda.

385 1948 438 2001 2.
464 1945 619 2009 Item,
653 1944 854 2001 dicitur
881 1945 936 1999 in
965 1944 1086 2001 libr.
1119 1944 1187 2000 de
1211 1944 1400 2001 Causis
1434 1962 1447 1999 ε
1476 1944 1653 2001 Prima
1684 1959 1866 2000 rerum
1894 1950 2205 2001 creatarum
2234 1953 2318 2002 est

310 2046 434 2101 esse
458 2049 471 2086 ε
497 2032 592 2087 sed
617 2047 714 2088 ens
739 2032 796 2088 in
823 2032 999 2105 primo
1027 2032 1290 2089 dividitur
1317 2049 1413 2105 per
1441 2048 1611 2089 unum
1652 2038 1707 2101 et
1734 2033 1938 2100 multa;
1966 2048 2095 2103 ergo
2124 2033 2317 2089 multi-

308 2120 504 2177 tudine
529 2120 661 2176 nihil
693 2126 864 2193 potest
897 2137 1018 2177 esse
1045 2122 1194 2194 prius
1219 2121 1322 2177 nisi
1357 2138 1453 2178 ens
1480 2130 1535 2178 et
1562 2138 1729 2177 unum
1755 2138 1768 2191 3
1800 2137 1930 2193 ergo
1964 2137 2073 2177 non
2097 2123 2315 2179 videtur

309 2224 433 2267 esse
458 2225 664 2277 verum,
697 2210 844 2282 quod
872 2209 1078 2283 aliquid
1103 2210 1251 2267 aliud
1280 2210 1353 2266 sit
1380 2212 1497 2281 ejus
1525 2227 1713 2267 causa.

381 2302 437 2354 3.
464 2299 618 2365 item,
669 2298 952 2371 pluralitas
989 2298 1073 2355 vel
1119 2299 1315 2355 circuit
1347 2299 1529 2355 omnia
1570 2314 1790 2370 genera,
1816 2300 2125 2379 ’secundum
2168 2299 2312 2372 quod

309 2386 576 2444 dividitur
601 2394 791 2444 contra
835 2402 1021 2454 unum,
1049 2387 1196 2460 quod
1238 2393 1322 2443 est
1360 2388 1719 2443 convertibile
1758 2403 1883 2444 cum
1924 2396 2051 2443 ente
2080 2405 2092 2441 :
2121 2388 2205 2443 vel
2234 2394 2317 2443 est

310 2475 368 2531 in
395 2492 592 2547 genere
630 2477 974 2548 quantitatiS,
1005 2476 1304 2533 secundum
1329 2476 1475 2548 quod
1500 2475 1867 2531 condividitur
1903 2475 2019 2529 uni.
2046 2476 2189 2546 quod
2231 2482 2315 2531 est

308 2565 640 2637 principium
673 2565 880 2620 numeri
914 2580 927 2617 ε
961 2564 1054 2621 sed
1099 2563 1346 2619 alteritas
1374 2571 1460 2619 est
1496 2564 1553 2618 in
1600 2578 1797 2635 genere
1837 2562 2138 2627 relationi3‚
2168 2563 2316 2619 reia-

309 2654 490 2710 tiones
519 2659 701 2708 autem
731 2669 838 2708 non
867 2658 994 2709 sunt
1018 2668 1201 2709 causae
1225 2653 1616 2724 quantitatum,
1640 2651 1735 2707 sed
1765 2652 1947 2724 potius
1972 2667 2003 2705 e
2027 2667 2309 2718 converso,

310 2742 486 2797 multo
509 2741 676 2798 etiam
699 2743 880 2797 minus
903 2742 1096 2797 relatio
1119 2748 1203 2797 est
1227 2757 1392 2797 causa
1419 2743 1537 2813 ejus
1566 2741 1713 2814 quod
1742 2746 1827 2796 est
1854 2740 1909 2795 in
1939 2740 2190 2796 omnibus
2214 2757 2315 2812 ge-

308 2831 553 2896 neribus„
598 2832 728 2903 quia
763 2831 845 2886 sic
885 2836 1032 2886 esset
1076 2846 1258 2887 causae
1293 2830 1636 2896 substantiae,
1688 2844 1818 2901 ergo
1866 2828 2117 2886 alteritas
2165 2829 2314 2886 nullo

309 2920 475 2976 modo
504 2923 588 2975 est
614 2934 782 2976 causa
810 2918 1160 2995 pluralitatis.

380 3011 436 3065 4.
463 3009 618 3075 Item,
651 3009 1048 3065 contrariorum
1085 3008 1376 3065 contrariae
1415 3013 1543 3063 sunt
1578 3020 1761 3063 causae
1786 3023 1799 3061 τ
1827 3007 1926 3062 sed
1964 3007 2224 3063 identitas
2262 3012 2318 3062 et

309 3097 580 3165 alteritaS,
626 3097 742 3153 sive
777 3096 1068 3153 diversitas
1109 3104 1236 3153 sunt
1274 3095 1577 3169 oppositae;
1606 3110 1734 3167 ergo
1782 3094 1986 3151 habent
2034 3097 2317 3168 oppositas

309 3202 506 3244 causas
529 3204 543 3241 z
566 3185 662 3243 sed
688 3187 870 3243 unitas
897 3192 982 3242 est
1010 3200 1176 3241 causa
1205 3186 1531 3250 identitatis,
1556 3192 1619 3240 ut
1645 3190 1801 3257 patet
1826 3184 1884 3239 in
1910 3200 1946 3239 v
1970 3186 2133 3240 Meta.
2150 3200 2164 3253 ;
2184 3198 2312 3256 ergo

308 3274 617 3349 pluralitas,
643 3274 729 3330 vel
758 3274 1051 3330 multitudo
1074 3281 1158 3330 est
1181 3288 1348 3329 cansa
1375 3272 1711 3329 diversitatis
1732 3290 1745 3342 ;
1769 3287 1898 3344 ergo
1923 3272 2170 3331 alteritas
2210 3288 2315 3328 non

309 3369 394 3418 est
423 3379 592 3419 causa
625 3362 973 3434 pluralitatis.

378 3452 538 3516 Item,
571 3450 866 3507 alteritatis
892 3451 1218 3523 principium
1242 3456 1325 3506 est
1355 3448 1711 3507 accidentalis
1746 3450 2052 3505 differentia
2079 3466 2093 3504 z
2122 3449 2318 3522 hujus-

307 3539 458 3595 modi
502 3540 647 3594 enim
686 3539 1010 3595 differentiae
1044 3539 1343 3595 secundum
1369 3539 1746 3611 'Porphyrium
1791 3537 1999 3594 faciunt
2046 3538 2315 3593 alterum:

310 3628 404 3685 sed
434 3628 616 3683 nonin
644 3628 895 3685 omnibus
921 3629 976 3682 in
1004 3627 1204 3707 quibus
1232 3636 1316 3684 est
1339 3627 1645 3699 pluralitem,
1668 3627 1941 3683 invenitur
1962 3623 2317 3683 accidentalis

312 3716 634 3783 differentia,
673 3732 773 3773 nec
818 3718 985 3773 etiam
1023 3718 1328 3772 differentia
1377 3717 1815 3789 qualiscumque.
1859 3716 2124 3784 Quaedam
2171 3714 2314 3767 enim

310 3813 437 3861 sunt
467 3822 594 3878 quae
619 3806 998 3863 accidentibus
1021 3805 1217 3877 subjici
1251 3820 1357 3861 non
1392 3793 1639 3878 possunt,
1666 3813 1725 3861 ut
1766 3805 1957 3860 formae
1992 3800 2266 3873 simplices
2298 3816 2313 3857 t

311 3894 570 3969 quaedam
593 3911 724 3956 vero
762 3902 891 3953 sunt
927 3896 1148 3971 quae.in
1195 3894 1342 3953 nullo
1381 3894 1735 3967 conveniunt,
1760 3892 1905 3949 unde
1933 3906 2041 3949 non
2062 3904 2067 3910 ·
2088 3896 2317 3965 possunt
