<?xml version="1.0" encoding="UTF-8"?>
<!DOCTYPE html PUBLIC "-//W3C//DTD XHTML 1.0 Transitional//EN"
    "http://www.w3.org/TR/xhtml1/DTD/xhtml1-transitional.dtd">
<html xmlns="http://www.w3.org/1999/xhtml" xml:lang="en" lang="en">
 <head>
  <title>
</title>
<meta http-equiv="Content-Type" content="text/html;charset=utf-8" />
  <meta name='ocr-system' content='tesseract 3.04.00' />
  <meta name='ocr-capabilities' content='ocr_page ocr_carea ocr_par ocr_line ocrx_word'/>
</head>
<body>
  <div class='ocr_page' id='page_1' title='image "./sthomaquinatisd00thomgoog_0583.png"; bbox 0 0 2800 4492; ppageno 0'>
   <div class='ocr_carea' id='block_1_1' title="bbox 1966 0 2146 192">
    <p class='ocr_par' dir='ltr' id='par_1_1' title="bbox 1966 0 2146 192">
     <span class='ocr_line' id='line_1_1' title="bbox 1966 0 2146 192; baseline 0 0"><span class='ocrx_word' id='word_1_1' title='bbox 1966 0 2146 192; x_wconf 69' lang='lat' dir='ltr'><em>l</em></span> 
     </span>
    </p>
   </div>
   <div class='ocr_carea' id='block_1_2' title="bbox 703 304 2269 368">
    <p class='ocr_par' dir='ltr' id='par_1_2' title="bbox 703 304 2269 368">
     <span class='ocr_line' id='line_1_2' title="bbox 703 304 2269 368; baseline 0.001 -5"><span class='ocrx_word' id='word_1_2' title='bbox 703 315 817 363; x_wconf 71' lang='grc' dir='ltr'><strong>ιιι.</strong></span> <span class='ocrx_word' id='word_1_3' title='bbox 846 330 926 347; x_wconf 90' lang='grc'><strong>-</strong></span> <span class='ocrx_word' id='word_1_4' title='bbox 954 316 1378 368; x_wconf 71' lang='lat' dir='ltr'><strong>ouonmnmmr</strong></span> <span class='ocrx_word' id='word_1_5' title='bbox 1434 316 1833 365; x_wconf 72' lang='lat' dir='ltr'><strong>nuonncmnu</strong></span> <span class='ocrx_word' id='word_1_6' title='bbox 2148 304 2269 367; x_wconf 81' lang='lat'><strong>569</strong></span> 
     </span>
    </p>
   </div>
   <div class='ocr_carea' id='block_1_3' title="bbox 262 416 2271 685">
    <p class='ocr_par' dir='ltr' id='par_1_3' title="bbox 262 416 2271 685">
     <span class='ocr_line' id='line_1_3' title="bbox 263 416 2271 507; baseline 0.005 -23"><span class='ocrx_word' id='word_1_7' title='bbox 263 424 348 484; x_wconf 86' lang='lat' dir='ltr'><strong>his</strong></span> <span class='ocrx_word' id='word_1_8' title='bbox 374 430 632 501; x_wconf 77' lang='lat' dir='ltr'><strong>poterant</strong></span> <span class='ocrx_word' id='word_1_9' title='bbox 672 444 889 500; x_wconf 82' lang='lat' dir='ltr'><strong>errare3</strong></span> <span class='ocrx_word' id='word_1_10' title='bbox 930 436 1111 489; x_wconf 86' lang='lat' dir='ltr'><strong>tamen</strong></span> <span class='ocrx_word' id='word_1_11' title='bbox 1149 430 1298 488; x_wconf 82' lang='lat' dir='ltr'><strong>dicta</strong></span> <span class='ocrx_word' id='word_1_12' title='bbox 1339 434 1709 507; x_wconf 86' lang='lat' dir='ltr'><strong>expositorum</strong></span> <span class='ocrx_word' id='word_1_13' title='bbox 1752 434 2138 494; x_wconf 76' lang='lat' dir='ltr'><strong>nenessitatem</strong></span> <span class='ocrx_word' id='word_1_14' title='bbox 2167 416 2271 494; x_wconf 80' lang='lat' dir='ltr'><strong>non</strong></span> 
     </span>
     <span class='ocr_line' id='line_1_4' title="bbox 263 517 2271 599; baseline 0.004 -28"><span class='ocrx_word' id='word_1_15' title='bbox 263 517 532 574; x_wconf 80' lang='lat' dir='ltr'><strong>inducunt</strong></span> <span class='ocrx_word' id='word_1_16' title='bbox 555 520 700 591; x_wconf 87' lang='lat' dir='ltr'><strong>quod</strong></span> <span class='ocrx_word' id='word_1_17' title='bbox 727 534 947 576; x_wconf 85' lang='lat' dir='ltr'><strong>necesse</strong></span> <span class='ocrx_word' id='word_1_18' title='bbox 977 520 1050 576; x_wconf 86' lang='lat' dir='ltr'><strong>sit</strong></span> <span class='ocrx_word' id='word_1_19' title='bbox 1071 520 1153 576; x_wconf 89' lang='lat' dir='ltr'><strong>eis</strong></span> <span class='ocrx_word' id='word_1_20' title='bbox 1181 519 1425 589; x_wconf 84' lang='lat' dir='ltr'><strong>credere,</strong></span> <span class='ocrx_word' id='word_1_21' title='bbox 1457 522 1553 578; x_wconf 83' lang='lat' dir='ltr'><strong>sed</strong></span> <span class='ocrx_word' id='word_1_22' title='bbox 1582 524 1755 580; x_wconf 85' lang='lat' dir='ltr'><strong>solum</strong></span> <span class='ocrx_word' id='word_1_23' title='bbox 1794 525 2072 599; x_wconf 84' lang='lat' dir='ltr'><strong>Scriptura</strong></span> <span class='ocrx_word' id='word_1_24' title='bbox 2102 541 2271 582; x_wconf 81' lang='lat' dir='ltr'><strong>cano·</strong></span> 
     </span>
     <span class='ocr_line' id='line_1_5' title="bbox 262 606 1665 685; baseline 0.006 -24"><span class='ocrx_word' id='word_1_25' title='bbox 262 606 405 676; x_wconf 79' lang='lat' dir='ltr'><strong>nica,</strong></span> <span class='ocrx_word' id='word_1_26' title='bbox 441 622 567 680; x_wconf 85' lang='lat' dir='ltr'><strong>quae</strong></span> <span class='ocrx_word' id='word_1_27' title='bbox 589 609 644 664; x_wconf 90' lang='lat' dir='ltr'><strong>in</strong></span> <span class='ocrx_word' id='word_1_28' title='bbox 675 608 847 669; x_wconf 81' lang='lat' dir='ltr'><strong>veteri</strong></span> <span class='ocrx_word' id='word_1_29' title='bbox 875 613 931 665; x_wconf 87' lang='lat' dir='ltr'><strong>et</strong></span> <span class='ocrx_word' id='word_1_30' title='bbox 958 609 1012 663; x_wconf 87' lang='lat' dir='ltr'><strong>in</strong></span> <span class='ocrx_word' id='word_1_31' title='bbox 1043 623 1183 665; x_wconf 81' lang='lat' dir='ltr'><strong>novo</strong></span> <span class='ocrx_word' id='word_1_32' title='bbox 1210 618 1540 685; x_wconf 71' lang='lat' dir='ltr'><strong>testamento</strong></span> <span class='ocrx_word' id='word_1_33' title='bbox 1562 621 1665 669; x_wconf 86' lang='lat' dir='ltr'><strong>est.</strong></span> 
     </span>
    </p>
   </div>
   <div class='ocr_carea' id='block_1_4' title="bbox 910 792 1621 885">
    <p class='ocr_par' dir='ltr' id='par_1_4' title="bbox 910 792 1621 885">
     <span class='ocr_line' id='line_1_6' title="bbox 910 792 1621 885; baseline 0.006 -13"><span class='ocrx_word' id='word_1_34' title='bbox 910 792 1306 885; x_wconf 80' lang='lat' dir='ltr'>QUAESTIO</span> <span class='ocrx_word' id='word_1_35' title='bbox 1373 807 1621 877; x_wconf 88' lang='lat' dir='ltr'>XVIII.</span> 
     </span>
    </p>
   </div>
   <div class='ocr_carea' id='block_1_5' title="bbox 262 962 2267 1111">
    <p class='ocr_par' dir='ltr' id='par_1_5' title="bbox 262 962 2267 1111">
     <span class='ocr_line' id='line_1_7' title="bbox 335 962 2267 1043; baseline 0.004 -25"><span class='ocrx_word' id='word_1_36' title='bbox 335 962 542 1020; x_wconf 82' lang='lat' dir='ltr'><strong>Deinde</strong></span> <span class='ocrx_word' id='word_1_37' title='bbox 568 964 860 1038; x_wconf 80' lang='lat' dir='ltr'><strong>quaesitum</strong></span> <span class='ocrx_word' id='word_1_38' title='bbox 887 971 970 1021; x_wconf 82' lang='lat' dir='ltr'><strong>est</strong></span> <span class='ocrx_word' id='word_1_39' title='bbox 1012 965 1081 1021; x_wconf 92' lang='lat' dir='ltr'><strong>de</strong></span> <span class='ocrx_word' id='word_1_40' title='bbox 1109 963 1562 1037; x_wconf 74' lang='lat' dir='ltr'><strong>praedicatoribus</strong></span> <span class='ocrx_word' id='word_1_41' title='bbox 1606 982 1620 1023; x_wconf 75' lang='grc' dir='ltr'><strong>ι</strong></span> <span class='ocrx_word' id='word_1_42' title='bbox 1652 972 1708 1023; x_wconf 85' lang='lat' dir='ltr'><strong>et</strong></span> <span class='ocrx_word' id='word_1_43' title='bbox 1732 966 1880 1025; x_wconf 77' lang='lat' dir='ltr'><strong>circa</strong></span> <span class='ocrx_word' id='word_1_44' title='bbox 1907 968 2010 1025; x_wconf 88' lang='lat' dir='ltr'><strong>hoc</strong></span> <span class='ocrx_word' id='word_1_45' title='bbox 2035 968 2267 1043; x_wconf 83' lang='lat' dir='ltr'><strong>quaesita</strong></span> 
     </span>
     <span class='ocr_line' id='line_1_8' title="bbox 262 1053 829 1111; baseline 0.005 -2"><span class='ocrx_word' id='word_1_46' title='bbox 262 1053 547 1111; x_wconf 86' lang='lat' dir='ltr'><strong>suntduo.</strong></span> <span class='ocrx_word' id='word_1_47' title='bbox 819 1064 829 1079; x_wconf 85' lang='lat'><strong>·</strong></span> 
     </span>
    </p>
   </div>
   <div class='ocr_carea' id='block_1_6' title="bbox 339 1230 2144 1445">
    <p class='ocr_par' dir='ltr' id='par_1_6' title="bbox 339 1230 2144 1445">
     <span class='ocr_line' id='line_1_9' title="bbox 883 1230 1642 1294; baseline 0.004 -3"><span class='ocrx_word' id='word_1_48' title='bbox 883 1230 1338 1293; x_wconf 85' lang='lat' dir='ltr'>ARTICULUS</span> <span class='ocrx_word' id='word_1_49' title='bbox 1379 1230 1642 1294; x_wconf 88' lang='lat' dir='ltr'>XXVII.</span> 
     </span>
     <span class='ocr_line' id='line_1_10' title="bbox 339 1334 2144 1445; baseline -0.001 -14"><span class='ocrx_word' id='word_1_50' title='bbox 339 1334 344 1339; x_wconf 21' lang='grc' dir='ltr'>ι</span> <span class='ocrx_word' id='word_1_51' title='bbox 393 1366 612 1431; x_wconf 79' lang='lat' dir='ltr'><strong>Utrum</strong></span> <span class='ocrx_word' id='word_1_52' title='bbox 653 1334 883 1445; x_wconf 57' lang='lat' dir='ltr'><strong>aliquis</strong></span> <span class='ocrx_word' id='word_1_53' title='bbox 899 1365 1101 1444; x_wconf 75' lang='lat' dir='ltr'><strong>possit</strong></span> <span class='ocrx_word' id='word_1_54' title='bbox 1118 1363 1457 1443; x_wconf 60' lang='lat' dir='ltr'><strong>praedicare</strong></span> <span class='ocrx_word' id='word_1_55' title='bbox 1478 1364 1737 1445; x_wconf 74' lang='lat' dir='ltr'><strong>propria</strong></span> <span class='ocrx_word' id='word_1_56' title='bbox 1762 1364 2144 1429; x_wconf 78' lang='lat' dir='ltr'><strong>auctoritate.</strong></span> 
     </span>
    </p>
   </div>
   <div class='ocr_carea' id='block_1_7' title="bbox 214 1497 2267 3159">
    <p class='ocr_par' dir='ltr' id='par_1_7' title="bbox 259 1497 2266 1834">
     <span class='ocr_line' id='line_1_11' title="bbox 337 1497 2265 1571; baseline 0.001 -16"><span class='ocrx_word' id='word_1_57' title='bbox 337 1498 514 1555; x_wconf 88' lang='lat' dir='ltr'><strong>Primo</strong></span> <span class='ocrx_word' id='word_1_58' title='bbox 552 1504 735 1553; x_wconf 85' lang='lat' dir='ltr'><strong>utrum</strong></span> <span class='ocrx_word' id='word_1_59' title='bbox 777 1497 978 1570; x_wconf 75' lang='lat' dir='ltr'><strong>aliquis</strong></span> <span class='ocrx_word' id='word_1_60' title='bbox 1014 1498 1186 1570; x_wconf 84' lang='lat' dir='ltr'><strong>possit</strong></span> <span class='ocrx_word' id='word_1_61' title='bbox 1215 1497 1513 1569; x_wconf 82' lang='lat' dir='ltr'><strong>praedicare</strong></span> <span class='ocrx_word' id='word_1_62' title='bbox 1541 1497 1759 1571; x_wconf 85' lang='lat' dir='ltr'><strong>propria</strong></span> <span class='ocrx_word' id='word_1_63' title='bbox 1795 1500 2141 1565; x_wconf 75' lang='lat' dir='ltr'><strong>auctoritate,</strong></span> <span class='ocrx_word' id='word_1_64' title='bbox 2193 1502 2265 1557; x_wconf 77' lang='lat' dir='ltr'><strong>ila</strong></span> 
     </span>
     <span class='ocr_line' id='line_1_12' title="bbox 259 1586 2266 1661; baseline 0 -17"><span class='ocrx_word' id='word_1_65' title='bbox 259 1596 324 1644; x_wconf 86' lang='lat' dir='ltr'><strong>ut</strong></span> <span class='ocrx_word' id='word_1_66' title='bbox 349 1587 512 1643; x_wconf 80' lang='lat' dir='ltr'><strong>liceat</strong></span> <span class='ocrx_word' id='word_1_67' title='bbox 537 1586 837 1658; x_wconf 83' lang='lat' dir='ltr'><strong>praedicare</strong></span> <span class='ocrx_word' id='word_1_68' title='bbox 861 1586 978 1642; x_wconf 89' lang='lat' dir='ltr'><strong>sine</strong></span> <span class='ocrx_word' id='word_1_69' title='bbox 1003 1586 1221 1642; x_wconf 82' lang='lat' dir='ltr'><strong>licentia</strong></span> <span class='ocrx_word' id='word_1_70' title='bbox 1245 1586 1459 1658; x_wconf 81' lang='lat' dir='ltr'><strong>praelati</strong></span> <span class='ocrx_word' id='word_1_71' title='bbox 1477 1603 1491 1652; x_wconf 76' lang='grc' dir='ltr'><strong>ς</strong></span> <span class='ocrx_word' id='word_1_72' title='bbox 1512 1591 1568 1641; x_wconf 88' lang='lat' dir='ltr'><strong>et</strong></span> <span class='ocrx_word' id='word_1_73' title='bbox 1593 1587 1806 1642; x_wconf 84' lang='lat' dir='ltr'><strong>videtur</strong></span> <span class='ocrx_word' id='word_1_74' title='bbox 1831 1587 1975 1661; x_wconf 86' lang='lat' dir='ltr'><strong>quod</strong></span> <span class='ocrx_word' id='word_1_75' title='bbox 2000 1587 2100 1644; x_wconf 89' lang='lat' dir='ltr'><strong>sic.</strong></span> <span class='ocrx_word' id='word_1_76' title='bbox 2124 1589 2266 1659; x_wconf 79' lang='lat' dir='ltr'><strong>&#39;Quia</strong></span> 
     </span>
     <span class='ocr_line' id='line_1_13' title="bbox 260 1673 2263 1749; baseline 0.001 -17"><span class='ocrx_word' id='word_1_77' title='bbox 260 1676 560 1749; x_wconf 81' lang='lat' dir='ltr'><strong>praedicare</strong></span> <span class='ocrx_word' id='word_1_78' title='bbox 590 1682 673 1731; x_wconf 84' lang='lat' dir='ltr'><strong>est</strong></span> <span class='ocrx_word' id='word_1_79' title='bbox 710 1674 912 1730; x_wconf 91' lang='lat' dir='ltr'><strong>bonum</strong></span> <span class='ocrx_word' id='word_1_80' title='bbox 947 1673 1038 1729; x_wconf 80' lang='lat' dir='ltr'><strong>alii</strong></span> <span class='ocrx_word' id='word_1_81' title='bbox 1070 1674 1268 1729; x_wconf 83' lang='lat' dir='ltr'><strong>facere.</strong></span> <span class='ocrx_word' id='word_1_82' title='bbox 1302 1674 1407 1731; x_wconf 87' lang='lat' dir='ltr'><strong>Sed</strong></span> <span class='ocrx_word' id='word_1_83' title='bbox 1435 1674 1694 1730; x_wconf 88' lang='lat' dir='ltr'><strong>debemus</strong></span> <span class='ocrx_word' id='word_1_84' title='bbox 1722 1675 1921 1731; x_wconf 89' lang='lat' dir='ltr'><strong>bonum</strong></span> <span class='ocrx_word' id='word_1_85' title='bbox 1951 1678 2163 1749; x_wconf 81' lang='lat' dir='ltr'><strong>operari</strong></span> <span class='ocrx_word' id='word_1_86' title='bbox 2198 1680 2263 1734; x_wconf 84' lang='lat' dir='ltr'><strong>ad</strong></span> 
     </span>
     <span class='ocr_line' id='line_1_14' title="bbox 261 1762 1190 1834; baseline -0.002 -14"><span class='ocrx_word' id='word_1_87' title='bbox 261 1780 469 1829; x_wconf 81' lang='lat' dir='ltr'><strong>omnes,</strong></span> <span class='ocrx_word' id='word_1_88' title='bbox 498 1763 564 1819; x_wconf 79' lang='lat' dir='ltr'><strong>ad</strong></span> <span class='ocrx_word' id='word_1_89' title='bbox 591 1762 774 1819; x_wconf 76' lang='lat' dir='ltr'><strong>Galat.</strong></span> <span class='ocrx_word' id='word_1_90' title='bbox 806 1778 885 1819; x_wconf 74' lang='lat' dir='ltr'><strong>vr.</strong></span> <span class='ocrx_word' id='word_1_91' title='bbox 917 1762 1058 1834; x_wconf 86' lang='lat' dir='ltr'><strong>Ergo</strong></span> <span class='ocrx_word' id='word_1_92' title='bbox 1083 1769 1190 1818; x_wconf 82' lang='lat' dir='ltr'><strong>etc.</strong></span> 
     </span>
    </p>

    <p class='ocr_par' dir='ltr' id='par_1_8' title="bbox 260 1847 2267 2011">
     <span class='ocr_line' id='line_1_15' title="bbox 333 1847 2267 1923; baseline 0.002 -17"><span class='ocrx_word' id='word_1_93' title='bbox 333 1855 386 1907; x_wconf 72' lang='lat'><strong>².</strong></span> <span class='ocrx_word' id='word_1_94' title='bbox 418 1851 708 1914; x_wconf 67' lang='lat' dir='ltr'><strong>Praeterea,</strong></span> <span class='ocrx_word' id='word_1_95' title='bbox 735 1848 937 1904; x_wconf 86' lang='lat' dir='ltr'><strong>dicitur</strong></span> <span class='ocrx_word' id='word_1_96' title='bbox 962 1849 1130 1904; x_wconf 90' lang='lat' dir='ltr'><strong>Eccli.</strong></span> <span class='ocrx_word' id='word_1_97' title='bbox 1161 1864 1305 1917; x_wconf 85' lang='lat' dir='ltr'><strong>xvn,</strong></span> <span class='ocrx_word' id='word_1_98' title='bbox 1339 1850 1406 1906; x_wconf 73' lang='lat'><strong>⁴2</strong></span> <span class='ocrx_word' id='word_1_99' title='bbox 1440 1864 1454 1903; x_wconf 72' lang='grc' dir='ltr'>ε</span> <span class='ocrx_word' id='word_1_100' title='bbox 1488 1847 1784 1923; x_wconf 75' lang='lat' dir='ltr'><strong>Unicuique</strong></span> <span class='ocrx_word' id='word_1_101' title='bbox 1810 1849 2088 1908; x_wconf 77' lang='lat' dir='ltr'><strong>mandavit</strong></span> <span class='ocrx_word' id='word_1_102' title='bbox 2126 1853 2267 1909; x_wconf 72' lang='lat' dir='ltr'><strong>Deus</strong></span> 
     </span>
     <span class='ocr_line' id='line_1_16' title="bbox 260 1937 1037 2011; baseline -0.003 -16"><span class='ocrx_word' id='word_1_103' title='bbox 260 1938 326 1995; x_wconf 83' lang='lat' dir='ltr'><strong>de</strong></span> <span class='ocrx_word' id='word_1_104' title='bbox 341 1938 587 2011; x_wconf 72' lang='lat' dir='ltr'><strong>prooeimo</strong></span> <span class='ocrx_word' id='word_1_105' title='bbox 613 1954 727 1993; x_wconf 73' lang='lat' dir='ltr'><strong>suo.</strong></span> <span class='ocrx_word' id='word_1_106' title='bbox 757 1937 900 2009; x_wconf 84' lang='lat' dir='ltr'><strong>Ergo</strong></span> <span class='ocrx_word' id='word_1_107' title='bbox 928 1943 1037 1993; x_wconf 83' lang='lat' dir='ltr'><strong>etc.</strong></span> 
     </span>
    </p>

    <p class='ocr_par' dir='ltr' id='par_1_9' title="bbox 214 2013 2267 2188">
     <span class='ocr_line' id='line_1_17' title="bbox 333 2013 2267 2097; baseline -0.001 -13"><span class='ocrx_word' id='word_1_108' title='bbox 333 2028 551 2094; x_wconf 80' lang='lat' dir='ltr'><strong>Contra,</strong></span> <span class='ocrx_word' id='word_1_109' title='bbox 583 2026 649 2083; x_wconf 85' lang='lat' dir='ltr'><strong>ad</strong></span> <span class='ocrx_word' id='word_1_110' title='bbox 680 2027 839 2082; x_wconf 85' lang='lat' dir='ltr'><strong>Rom.</strong></span> <span class='ocrx_word' id='word_1_111' title='bbox 867 2040 927 2093; x_wconf 86' lang='lat' dir='ltr'><strong>x,</strong></span> <span class='ocrx_word' id='word_1_112' title='bbox 955 2027 1024 2080; x_wconf 71' lang='lat'><strong>⁴5</strong></span> <span class='ocrx_word' id='word_1_113' title='bbox 1054 2042 1066 2079; x_wconf 92' lang='lat'>:</span> <span class='ocrx_word' id='word_1_114' title='bbox 1097 2025 1360 2091; x_wconf 77' lang='lat' dir='ltr'><strong>Quomodo</strong></span> <span class='ocrx_word' id='word_1_115' title='bbox 1382 2025 1773 2097; x_wconf 78' lang='lat' dir='ltr'><strong>proedieabunt,</strong></span> <span class='ocrx_word' id='word_1_116' title='bbox 1804 2027 1912 2082; x_wconf 75' lang='lat' dir='ltr'><strong>nisi</strong></span> <span class='ocrx_word' id='word_1_117' title='bbox 1934 2013 2267 2086; x_wconf 65' lang='lat' dir='ltr'><strong>mittantur?</strong></span> 
     </span>
     <span class='ocr_line' id='line_1_18' title="bbox 214 2116 540 2188; baseline -0.009 -16"><span class='ocrx_word' id='word_1_118' title='bbox 214 2182 222 2188; x_wconf 26' lang='lat'>⁵</span> <span class='ocrx_word' id='word_1_119' title='bbox 258 2116 404 2187; x_wconf 86' lang='lat' dir='ltr'><strong>Ergo</strong></span> <span class='ocrx_word' id='word_1_120' title='bbox 433 2124 540 2172; x_wconf 84' lang='lat' dir='ltr'><strong>etc.</strong></span> 
     </span>
    </p>

    <p class='ocr_par' dir='ltr' id='par_1_10' title="bbox 259 2199 2266 2804">
     <span class='ocr_line' id='line_1_19' title="bbox 331 2199 2266 2278; baseline 0.001 -17"><span class='ocrx_word' id='word_1_121' title='bbox 331 2204 653 2278; x_wconf 86' lang='lat' dir='ltr'><strong>Respondeo</strong></span> <span class='ocrx_word' id='word_1_122' title='bbox 689 2200 999 2269; x_wconf 87' lang='lat' dir='ltr'><strong>dicendum,</strong></span> <span class='ocrx_word' id='word_1_123' title='bbox 1043 2200 1186 2275; x_wconf 90' lang='lat' dir='ltr'><strong>quod</strong></span> <span class='ocrx_word' id='word_1_124' title='bbox 1229 2199 1426 2267; x_wconf 75' lang='grc' dir='ltr'><strong>ιιιιὶῐιιει,</strong></span> <span class='ocrx_word' id='word_1_125' title='bbox 1481 2207 1984 2275; x_wconf 85' lang='lat' dir='ltr'><strong>quantumcumque</strong></span> <span class='ocrx_word' id='word_1_126' title='bbox 2020 2204 2266 2263; x_wconf 83' lang='lat' dir='ltr'><strong>scientiae</strong></span> 
     </span>
     <span class='ocr_line' id='line_1_20' title="bbox 261 2288 2263 2366; baseline 0 -16"><span class='ocrx_word' id='word_1_127' title='bbox 261 2308 494 2365; x_wconf 66' lang='lat' dir='ltr'><strong>mogum,</strong></span> <span class='ocrx_word' id='word_1_128' title='bbox 529 2292 613 2349; x_wconf 88' lang='lat' dir='ltr'><strong>vel</strong></span> <span class='ocrx_word' id='word_1_129' title='bbox 652 2300 1153 2366; x_wconf 78' lang='lat' dir='ltr'><strong>quantumcumque</strong></span> <span class='ocrx_word' id='word_1_130' title='bbox 1191 2288 1521 2356; x_wconf 62' lang='lat' dir='ltr'><strong>sanctitum,</strong></span> <span class='ocrx_word' id='word_1_131' title='bbox 1563 2288 1667 2345; x_wconf 85' lang='lat' dir='ltr'><strong>nisi</strong></span> <span class='ocrx_word' id='word_1_132' title='bbox 1699 2290 1896 2347; x_wconf 84' lang='lat' dir='ltr'><strong>missus</strong></span> <span class='ocrx_word' id='word_1_133' title='bbox 1920 2306 1951 2347; x_wconf 83' lang='lat' dir='ltr'><strong>a</strong></span> <span class='ocrx_word' id='word_1_134' title='bbox 1980 2293 2089 2350; x_wconf 86' lang='lat' dir='ltr'><strong>Deo</strong></span> <span class='ocrx_word' id='word_1_135' title='bbox 2118 2294 2201 2349; x_wconf 86' lang='lat' dir='ltr'><strong>vel</strong></span> <span class='ocrx_word' id='word_1_136' title='bbox 2233 2312 2263 2351; x_wconf 87' lang='lat' dir='ltr'>a</span> 
     </span>
     <span class='ocr_line' id='line_1_21' title="bbox 259 2376 2263 2455; baseline 0.001 -20"><span class='ocrx_word' id='word_1_137' title='bbox 259 2380 508 2455; x_wconf 79' lang='lat' dir='ltr'><strong>praelato,</strong></span> <span class='ocrx_word' id='word_1_138' title='bbox 549 2380 847 2453; x_wconf 82' lang='lat' dir='ltr'><strong>praedicare</strong></span> <span class='ocrx_word' id='word_1_139' title='bbox 883 2383 1064 2449; x_wconf 83' lang='lat' dir='ltr'><strong>potest</strong></span> <span class='ocrx_word' id='word_1_140' title='bbox 1111 2377 1278 2449; x_wconf 83' lang='lat' dir='ltr'><strong>:quia</strong></span> <span class='ocrx_word' id='word_1_141' title='bbox 1321 2376 1526 2431; x_wconf 87' lang='lat' dir='ltr'><strong>nullum</strong></span> <span class='ocrx_word' id='word_1_142' title='bbox 1557 2392 1723 2449; x_wconf 82' lang='lat' dir='ltr'><strong>agens</strong></span> <span class='ocrx_word' id='word_1_143' title='bbox 1765 2386 1951 2433; x_wconf 78' lang='lat' dir='ltr'><strong>natum</strong></span> <span class='ocrx_word' id='word_1_144' title='bbox 1981 2386 2064 2435; x_wconf 85' lang='lat' dir='ltr'><strong>est</strong></span> <span class='ocrx_word' id='word_1_145' title='bbox 2104 2396 2263 2452; x_wconf 80' lang='lat' dir='ltr'><strong>agero</strong></span> 
     </span>
     <span class='ocr_line' id='line_1_22' title="bbox 260 2464 2265 2541; baseline 0 -15"><span class='ocrx_word' id='word_1_146' title='bbox 260 2472 366 2527; x_wconf 88' lang='lat' dir='ltr'><strong>nisi</strong></span> <span class='ocrx_word' id='word_1_147' title='bbox 395 2485 560 2541; x_wconf 82' lang='lat' dir='ltr'><strong>supra</strong></span> <span class='ocrx_word' id='word_1_148' title='bbox 599 2468 842 2523; x_wconf 80' lang='lat' dir='ltr'><strong>debitam</strong></span> <span class='ocrx_word' id='word_1_149' title='bbox 874 2466 1192 2532; x_wconf 78' lang='lat' dir='ltr'><strong>materiam3</strong></span> <span class='ocrx_word' id='word_1_150' title='bbox 1225 2464 1543 2537; x_wconf 83' lang='lat' dir='ltr'><strong>praedicatio</strong></span> <span class='ocrx_word' id='word_1_151' title='bbox 1571 2472 1757 2521; x_wconf 81' lang='lat' dir='ltr'><strong>autem</strong></span> <span class='ocrx_word' id='word_1_152' title='bbox 1796 2474 1851 2523; x_wconf 88' lang='lat' dir='ltr'><strong>et</strong></span> <span class='ocrx_word' id='word_1_153' title='bbox 1875 2466 2180 2525; x_wconf 80' lang='lat' dir='ltr'><strong>exhortatio</strong></span> <span class='ocrx_word' id='word_1_154' title='bbox 2209 2478 2265 2526; x_wconf 86' lang='lat' dir='ltr'><strong>et</strong></span> 
     </span>
     <span class='ocr_line' id='line_1_23' title="bbox 260 2552 2262 2629; baseline -0 -14"><span class='ocrx_word' id='word_1_155' title='bbox 260 2558 530 2624; x_wconf 80' lang='lat' dir='ltr'><strong>doctrina,</strong></span> <span class='ocrx_word' id='word_1_156' title='bbox 559 2556 604 2611; x_wconf 89' lang='lat' dir='ltr'><strong>si</strong></span> <span class='ocrx_word' id='word_1_157' title='bbox 620 2556 692 2612; x_wconf 89' lang='lat' dir='ltr'><strong>sit</strong></span> <span class='ocrx_word' id='word_1_158' title='bbox 715 2554 932 2629; x_wconf 81' lang='lat' dir='ltr'><strong>publica</strong></span> <span class='ocrx_word' id='word_1_159' title='bbox 957 2554 1252 2625; x_wconf 80' lang='lat' dir='ltr'><strong>respiciens</strong></span> <span class='ocrx_word' id='word_1_160' title='bbox 1277 2560 1451 2609; x_wconf 81' lang='lat' dir='ltr'><strong>totam</strong></span> <span class='ocrx_word' id='word_1_161' title='bbox 1470 2552 1788 2621; x_wconf 79' lang='lat' dir='ltr'><strong>Ecclesiam,</strong></span> <span class='ocrx_word' id='word_1_162' title='bbox 1814 2560 1869 2610; x_wconf 87' lang='lat' dir='ltr'><strong>et</strong></span> <span class='ocrx_word' id='word_1_163' title='bbox 1894 2571 2025 2611; x_wconf 82' lang='lat' dir='ltr'><strong>cura</strong></span> <span class='ocrx_word' id='word_1_164' title='bbox 2053 2555 2262 2629; x_wconf 83' lang='lat' dir='ltr'><strong>publica</strong></span> 
     </span>
     <span class='ocr_line' id='line_1_24' title="bbox 259 2640 2262 2718; baseline 0 -15"><span class='ocrx_word' id='word_1_165' title='bbox 259 2645 540 2714; x_wconf 60' lang='lat' dir='ltr'><strong>Ecclesiae,</strong></span> <span class='ocrx_word' id='word_1_166' title='bbox 587 2644 878 2699; x_wconf 81' lang='lat' dir='ltr'><strong>commissa</strong></span> <span class='ocrx_word' id='word_1_167' title='bbox 921 2647 1004 2696; x_wconf 88' lang='lat' dir='ltr'><strong>est</strong></span> <span class='ocrx_word' id='word_1_168' title='bbox 1045 2640 1312 2712; x_wconf 76' lang='lat' dir='ltr'><strong>praelati53</strong></span> <span class='ocrx_word' id='word_1_169' title='bbox 1360 2648 1415 2696; x_wconf 85' lang='lat' dir='ltr'><strong>et</strong></span> <span class='ocrx_word' id='word_1_170' title='bbox 1468 2640 1591 2697; x_wconf 88' lang='lat' dir='ltr'><strong>ideo</strong></span> <span class='ocrx_word' id='word_1_171' title='bbox 1631 2641 1809 2697; x_wconf 85' lang='lat' dir='ltr'><strong>nullus</strong></span> <span class='ocrx_word' id='word_1_172' title='bbox 1850 2642 2012 2699; x_wconf 85' lang='lat' dir='ltr'><strong>debet</strong></span> <span class='ocrx_word' id='word_1_173' title='bbox 2058 2645 2262 2718; x_wconf 80' lang='lat' dir='ltr'><strong>aliquid</strong></span> 
     </span>
     <span class='ocr_line' id='line_1_25' title="bbox 259 2729 2091 2804; baseline -0.002 -11"><span class='ocrx_word' id='word_1_174' title='bbox 259 2749 517 2793; x_wconf 81' lang='lat' dir='ltr'><strong>exercere</strong></span> <span class='ocrx_word' id='word_1_175' title='bbox 544 2732 689 2804; x_wconf 89' lang='lat' dir='ltr'><strong>quod</strong></span> <span class='ocrx_word' id='word_1_176' title='bbox 721 2732 966 2804; x_wconf 82' lang='lat' dir='ltr'><strong>requirat</strong></span> <span class='ocrx_word' id='word_1_177' title='bbox 989 2731 1371 2786; x_wconf 78' lang='lat' dir='ltr'><strong>auctoritatem</strong></span> <span class='ocrx_word' id='word_1_178' title='bbox 1406 2729 1696 2803; x_wconf 81' lang='lat' dir='ltr'><strong>publicam,</strong></span> <span class='ocrx_word' id='word_1_179' title='bbox 1725 2730 1827 2787; x_wconf 87' lang='lat' dir='ltr'><strong>nisi</strong></span> <span class='ocrx_word' id='word_1_180' title='bbox 1859 2732 2091 2803; x_wconf 80' lang='lat' dir='ltr'><strong>praelati.</strong></span> 
     </span>
    </p>

    <p class='ocr_par' dir='ltr' id='par_1_11' title="bbox 261 2819 2265 2984">
     <span class='ocr_line' id='line_1_26' title="bbox 333 2819 2265 2895; baseline 0.001 -16"><span class='ocrx_word' id='word_1_181' title='bbox 333 2821 417 2880; x_wconf 85' lang='lat' dir='ltr'><strong>Ad</strong></span> <span class='ocrx_word' id='word_1_182' title='bbox 449 2821 694 2895; x_wconf 88' lang='lat' dir='ltr'><strong>primum·</strong></span> <span class='ocrx_word' id='word_1_183' title='bbox 711 2836 839 2892; x_wconf 81' lang='lat' dir='ltr'><strong>ergo</strong></span> <span class='ocrx_word' id='word_1_184' title='bbox 881 2822 1190 2886; x_wconf 86' lang='lat' dir='ltr'><strong>dicendum,</strong></span> <span class='ocrx_word' id='word_1_185' title='bbox 1236 2820 1382 2893; x_wconf 87' lang='lat' dir='ltr'><strong>quod</strong></span> <span class='ocrx_word' id='word_1_186' title='bbox 1426 2819 1650 2875; x_wconf 74' lang='lat' dir='ltr'><strong>cuilibet</strong></span> <span class='ocrx_word' id='word_1_187' title='bbox 1689 2819 1817 2876; x_wconf 89' lang='lat' dir='ltr'><strong>licet</strong></span> <span class='ocrx_word' id='word_1_188' title='bbox 1858 2820 2039 2878; x_wconf 79' lang='lat' dir='ltr'><strong>facere</strong></span> <span class='ocrx_word' id='word_1_189' title='bbox 2067 2821 2265 2881; x_wconf 89' lang='lat' dir='ltr'><strong>bonum</strong></span> 
     </span>
     <span class='ocr_line' id='line_1_27' title="bbox 261 2908 1892 2984; baseline -0.003 -14"><span class='ocrx_word' id='word_1_190' title='bbox 261 2913 368 2970; x_wconf 89' lang='lat' dir='ltr'><strong>sibi</strong></span> <span class='ocrx_word' id='word_1_191' title='bbox 395 2911 881 2984; x_wconf 81' lang='lat' dir='ltr'><strong>proportionatum,</strong></span> <span class='ocrx_word' id='word_1_192' title='bbox 915 2925 1021 2965; x_wconf 89' lang='lat' dir='ltr'><strong>non</strong></span> <span class='ocrx_word' id='word_1_193' title='bbox 1053 2918 1238 2965; x_wconf 84' lang='lat' dir='ltr'><strong>autem</strong></span> <span class='ocrx_word' id='word_1_194' title='bbox 1261 2909 1647 2983; x_wconf 84' lang='lat' dir='ltr'><strong>quodcumque</strong></span> <span class='ocrx_word' id='word_1_195' title='bbox 1672 2908 1892 2965; x_wconf 90' lang='lat' dir='ltr'><strong>bonum.</strong></span> 
     </span>
    </p>

    <p class='ocr_par' dir='ltr' id='par_1_12' title="bbox 263 2996 2266 3159">
     <span class='ocr_line' id='line_1_28' title="bbox 334 2996 2266 3071; baseline 0 -15"><span class='ocrx_word' id='word_1_196' title='bbox 334 2999 418 3056; x_wconf 78' lang='lat' dir='ltr'><strong>Ad</strong></span> <span class='ocrx_word' id='word_1_197' title='bbox 455 2998 751 3055; x_wconf 83' lang='lat' dir='ltr'><strong>secundum</strong></span> <span class='ocrx_word' id='word_1_198' title='bbox 781 2996 1089 3063; x_wconf 86' lang='lat' dir='ltr'><strong>dicendum,</strong></span> <span class='ocrx_word' id='word_1_199' title='bbox 1122 2997 1267 3070; x_wconf 86' lang='lat' dir='ltr'><strong>quod</strong></span> <span class='ocrx_word' id='word_1_200' title='bbox 1315 2997 1598 3053; x_wconf 78' lang='lat' dir='ltr'><strong>mandavit</strong></span> <span class='ocrx_word' id='word_1_201' title='bbox 1644 2997 1791 3052; x_wconf 86' lang='lat' dir='ltr'><strong>Deus</strong></span> <span class='ocrx_word' id='word_1_202' title='bbox 1818 3011 2037 3053; x_wconf 84' lang='lat' dir='ltr'><strong>monere</strong></span> <span class='ocrx_word' id='word_1_203' title='bbox 2080 3001 2266 3071; x_wconf 84' lang='lat' dir='ltr'><strong>proxi-</strong></span> 
     </span>
     <span class='ocr_line' id='line_1_29' title="bbox 263 3083 1369 3159; baseline -0.006 -14"><span class='ocrx_word' id='word_1_204' title='bbox 263 3103 414 3145; x_wconf 89' lang='lat' dir='ltr'><strong>mum</strong></span> <span class='ocrx_word' id='word_1_205' title='bbox 444 3087 657 3159; x_wconf 79' lang='lat' dir='ltr'><strong>privata</strong></span> <span class='ocrx_word' id='word_1_206' title='bbox 682 3086 978 3141; x_wconf 87' lang='lat' dir='ltr'><strong>monitione</strong></span> <span class='ocrx_word' id='word_1_207' title='bbox 1007 3092 1064 3140; x_wconf 88' lang='lat' dir='ltr'><strong>et</strong></span> <span class='ocrx_word' id='word_1_208' title='bbox 1092 3083 1369 3140; x_wconf 77' lang='lat' dir='ltr'><strong>familiari.</strong></span> 
     </span>
    </p>
   </div>
   <div class='ocr_carea' id='block_1_8' title="bbox 877 3260 1658 3322">
    <p class='ocr_par' dir='ltr' id='par_1_13' title="bbox 877 3260 1658 3322">
     <span class='ocr_line' id='line_1_30' title="bbox 877 3260 1658 3322; baseline -0.001 0"><span class='ocrx_word' id='word_1_209' title='bbox 877 3260 1328 3322; x_wconf 83' lang='lat' dir='ltr'>ARTIGULUS</span> <span class='ocrx_word' id='word_1_210' title='bbox 1366 3260 1658 3321; x_wconf 88' lang='lat' dir='ltr'>XXVIII.</span> 
     </span>
    </p>
   </div>
   <div class='ocr_carea' id='block_1_9' title="bbox 409 3392 2141 3561">
    <p class='ocr_par' dir='ltr' id='par_1_14' title="bbox 409 3392 2141 3561">
     <span class='ocr_line' id='line_1_31' title="bbox 409 3392 2141 3477; baseline -0.002 -14"><span class='ocrx_word' id='word_1_211' title='bbox 409 3396 628 3463; x_wconf 76' lang='lat' dir='ltr'><strong>Utrum</strong></span> <span class='ocrx_word' id='word_1_212' title='bbox 655 3394 884 3477; x_wconf 73' lang='lat' dir='ltr'><strong>aliquis</strong></span> <span class='ocrx_word' id='word_1_213' title='bbox 907 3392 1249 3473; x_wconf 72' lang='lat' dir='ltr'><strong>prohibitus</strong></span> <span class='ocrx_word' id='word_1_214' title='bbox 1275 3410 1314 3454; x_wconf 85' lang='lat' dir='ltr'><strong><em>a</em></strong></span> <span class='ocrx_word' id='word_1_215' title='bbox 1329 3392 1611 3471; x_wconf 80' lang='lat' dir='ltr'><strong>principe</strong></span> <span class='ocrx_word' id='word_1_216' title='bbox 1630 3394 1915 3459; x_wconf 72' lang='lat' dir='ltr'><strong>saeculari</strong></span> <span class='ocrx_word' id='word_1_217' title='bbox 1938 3392 2141 3460; x_wconf 78' lang='lat' dir='ltr'><strong>debeat</strong></span> 
     </span>
     <span class='ocr_line' id='line_1_32' title="bbox 849 3482 1693 3561; baseline 0 -18"><span class='ocrx_word' id='word_1_218' title='bbox 849 3482 1151 3545; x_wconf 76' lang='lat' dir='ltr'><strong>dimittere</strong></span> <span class='ocrx_word' id='word_1_219' title='bbox 1173 3482 1693 3561; x_wconf 75' lang='lat' dir='ltr'><strong>pradicationem.</strong></span> 
     </span>
    </p>
   </div>
   <div class='ocr_carea' id='block_1_10' title="bbox 268 3613 2272 3959">
    <p class='ocr_par' dir='ltr' id='par_1_15' title="bbox 268 3613 2272 3959">
     <span class='ocr_line' id='line_1_33' title="bbox 337 3613 2270 3689; baseline -0.003 -11"><span class='ocrx_word' id='word_1_220' title='bbox 337 3619 605 3687; x_wconf 87' lang='lat' dir='ltr'><strong>Secundo,</strong></span> <span class='ocrx_word' id='word_1_221' title='bbox 651 3626 833 3675; x_wconf 85' lang='lat' dir='ltr'><strong>utrum</strong></span> <span class='ocrx_word' id='word_1_222' title='bbox 877 3615 1078 3689; x_wconf 81' lang='lat' dir='ltr'><strong>aliquis</strong></span> <span class='ocrx_word' id='word_1_223' title='bbox 1106 3614 1412 3687; x_wconf 83' lang='lat' dir='ltr'><strong>prohibitus</strong></span> <span class='ocrx_word' id='word_1_224' title='bbox 1454 3630 1486 3671; x_wconf 79' lang='lat' dir='ltr'><strong>a</strong></span> <span class='ocrx_word' id='word_1_225' title='bbox 1516 3613 1758 3687; x_wconf 88' lang='lat' dir='ltr'><strong>principe</strong></span> <span class='ocrx_word' id='word_1_226' title='bbox 1785 3614 2033 3671; x_wconf 80' lang='lat' dir='ltr'><strong>saeculari</strong></span> <span class='ocrx_word' id='word_1_227' title='bbox 2074 3616 2270 3673; x_wconf 82' lang='lat' dir='ltr'><strong>debeat</strong></span> 
     </span>
     <span class='ocr_line' id='line_1_34' title="bbox 268 3701 2272 3791; baseline -0.003 -25"><span class='ocrx_word' id='word_1_228' title='bbox 268 3711 546 3766; x_wconf 77' lang='lat' dir='ltr'><strong>dimittere</strong></span> <span class='ocrx_word' id='word_1_229' title='bbox 576 3706 1053 3779; x_wconf 80' lang='lat' dir='ltr'><strong>praedicationem;</strong></span> <span class='ocrx_word' id='word_1_230' title='bbox 1092 3710 1148 3760; x_wconf 90' lang='lat' dir='ltr'><strong>et</strong></span> <span class='ocrx_word' id='word_1_231' title='bbox 1177 3704 1393 3760; x_wconf 86' lang='lat' dir='ltr'><strong>videtur</strong></span> <span class='ocrx_word' id='word_1_232' title='bbox 1422 3701 1564 3774; x_wconf 86' lang='lat' dir='ltr'><strong>quod</strong></span> <span class='ocrx_word' id='word_1_233' title='bbox 1592 3717 1742 3791; x_wconf 76' lang='lat' dir='ltr'><strong>non.</strong></span> <span class='ocrx_word' id='word_1_234' title='bbox 1768 3702 1947 3760; x_wconf 83' lang='lat' dir='ltr'><strong>Nolite</strong></span> <span class='ocrx_word' id='word_1_235' title='bbox 1975 3704 2161 3760; x_wconf 83' lang='lat' dir='ltr'><strong>timere</strong></span> <span class='ocrx_word' id='word_1_236' title='bbox 2190 3722 2272 3761; x_wconf 75' lang='lat' dir='ltr'><strong>eos</strong></span> 
     </span>
     <span class='ocr_line' id='line_1_35' title="bbox 269 3771 2270 3872; baseline -0 -20"><span class='ocrx_word' id='word_1_237' title='bbox 269 3798 363 3872; x_wconf 77' lang='lat' dir='ltr'><strong>qui</strong></span> <span class='ocrx_word' id='word_1_238' title='bbox 405 3796 646 3852; x_wconf 76' lang='lat' dir='ltr'><strong>occidunt</strong></span> <span class='ocrx_word' id='word_1_239' title='bbox 675 3811 898 3867; x_wconf 78' lang='lat' dir='ltr'><strong>corpus;</strong></span> <span class='ocrx_word' id='word_1_240' title='bbox 927 3793 1128 3849; x_wconf 81' lang='lat' dir='ltr'><strong>dicitur</strong></span> <span class='ocrx_word' id='word_1_241' title='bbox 1156 3788 1609 3865; x_wconf 62' lang='lat' dir='ltr'><strong>praedicatoribus</strong></span> <span class='ocrx_word' id='word_1_242' title='bbox 1631 3771 1855 3862; x_wconf 76' lang='lat' dir='ltr'><strong>(Matlh.</strong></span> <span class='ocrx_word' id='word_1_243' title='bbox 1895 3806 1954 3859; x_wconf 86' lang='lat' dir='ltr'><strong>x,</strong></span> <span class='ocrx_word' id='word_1_244' title='bbox 1989 3794 2096 3863; x_wconf 81' lang='lat'>20).</span> <span class='ocrx_word' id='word_1_245' title='bbox 2128 3793 2270 3866; x_wconf 83' lang='lat' dir='ltr'><strong>Ergo</strong></span> 
     </span>
     <span class='ocr_line' id='line_1_36' title="bbox 273 3879 1479 3959; baseline -0.008 -15"><span class='ocrx_word' id='word_1_246' title='bbox 273 3890 469 3944; x_wconf 79' lang='lat' dir='ltr'><strong>timore</strong></span> <span class='ocrx_word' id='word_1_247' title='bbox 495 3884 800 3959; x_wconf 88' lang='lat' dir='ltr'><strong>principum</strong></span> <span class='ocrx_word' id='word_1_248' title='bbox 826 3897 934 3939; x_wconf 91' lang='lat' dir='ltr'><strong>non</strong></span> <span class='ocrx_word' id='word_1_249' title='bbox 957 3882 1158 3939; x_wconf 84' lang='lat' dir='ltr'><strong>debent</strong></span> <span class='ocrx_word' id='word_1_250' title='bbox 1180 3879 1479 3935; x_wconf 80' lang='lat' dir='ltr'><strong>dimittere.</strong></span> 
     </span>
    </p>
   </div>
  </div>
 </body>
</html>
