2800 4492
822 305 932 349 κη.
965 321 1044 334 ·-
1074 305 1500 356 ouonnnsu‘ruu
1542 307 1838 360 cunarum
2012 340 2018 344 .
2214 291 2334 354 299

320 420 390 477 ad
417 419 570 477 illud.
595 420 700 476 Sed
725 435 821 494 per
843 419 1068 493 consilia
1093 421 1306 492 plenius
1335 431 1390 478 et
1416 422 1591 478 tutius
1614 428 2007 536 conservantur
2035 428 2333 498 praecepta.

318 508 464 580 Ergo
493 508 718 565 consilia
747 510 1068 566 ordinantur
1091 511 1160 566 ad
1186 519 1483 585 praecepta.

389 597 712 668 Respondeo
744 596 1054 664 dicendum,
1084 598 1230 671 quod
1276 603 1550 671 praecepta
1578 597 1779 655 dantur
1816 598 1884 654 de
1912 597 2128 655 actibus
2150 599 2331 658 virtu-

321 691 457 741 tum.
486 685 697 758 Duplex
723 691 904 741 autem
930 694 1013 741 est
1036 687 1257 742 virtutis
1277 697 1464 756 actus,
1493 687 1704 744 scilicet
1729 687 1955 742 interior
1985 693 2040 743 et
2060 687 2330 756 exterior3

320 783 378 830 et
401 779 631 848 uterque
659 781 815 829 actus
841 775 943 830 sub
973 775 1104 846 legis
1141 783 1417 850 praecepto
1441 777 1625 845 cadit3
1628 776 1796 832 ·unde
1833 777 2170 876 Augustinus
2197 777 2333 836 dicit

321 869 511 919 contra
539 853 840 918 Faustum:
867 861 995 934 quia
1018 863 1196 919 Judoei
1222 880 1323 923 non
1354 863 1712 936 intelliqebant
1738 864 2077 922 homicidium
2106 863 2211 920 nisi
2231 881 2334 937 per

323 950 780 1023 interemptionem
829 952 1069 1025 corporis
1113 951 1353 1017 humani,
1388 952 1604 1052 apernit
1651 953 1931 1018 Dominus,
1966 969 2169 1009 omnem
2213 953 2330 1008 ini-

322 1056 481 1114 quum
531 1047 728 1095 motum
767 1040 838 1095 ad
882 1040 1170 1096 nocendum
1211 1040 1388 1112 fratri
1415 1040 1476 1096 in
1516 1041 1789 1097 homicidii
1824 1057 2011 1114 qenere
2053 1041 2327 1113 deputari.

323 1128 582 1185 Similiter
605 1129 768 1184 etiam
807 1129 1180 1184 tantummodo
1205 1129 1542 1202 corporalem
1570 1145 1695 1186 cum
1724 1129 1925 1186 femina
1956 1129 2201 1186 illicitam
2231 1147 2333 1188 co-

324 1216 713 1274 habitationem
748 1217 931 1272 vocari
971 1218 1280 1285 muchium,
1313 1234 1441 1290 quae
1468 1226 1587 1274 erat
1627 1219 1682 1273 in
1727 1218 1844 1290 lege
1885 1218 2188 1292 prohibita;
2236 1219 2332 1274 sed
2384 1291 2387 1296 Ι

325 1304 586 1359 Dominus
612 1303 1008 1362 demonstravit
1037 1305 1204 1360 etiam
1235 1306 1550 1362 interiorem
1590 1306 2091 1378 concupiscentiam
2123 1306 2193 1363 ad
2228 1305 2332 1362 hoc
2429 1362 2435 1369 ,

324 1393 616 1465 pertinere.
663 1392 813 1448 Unde
843 1392 1201 1449 manifestum·
1219 1399 1304 1449 est
1330 1393 1477 1466 quod
1507 1394 1674 1449 etiam
1704 1394 1993 1450 interiores
2029 1401 2185 1451 actus
2216 1394 2334 1449 vir-

324 1487 504 1536 tutum
529 1481 630 1536 sub
653 1490 926 1554 praecepto
950 1472 1176 1538 cadunt.
1202 1481 1441 1537 Consilia
1462 1497 1590 1553 ergo
1613 1481 1934 1539 ordinantur
1961 1482 2030 1538 ad
2058 1490 2332 1555 praecepta

323 1579 379 1625 et
403 1569 701 1625 secundum
726 1569 871 1643 quod
893 1575 1020 1625 sunt
1039 1569 1108 1626 de
1128 1569 1481 1626 interioribus
1505 1571 1773 1627 virtutum
1796 1570 2030 1636 actibus,
2055 1577 2110 1626 et
2133 1585 2335 1626 secun-

324 1657 452 1714 dum
491 1658 635 1731 quod
681 1667 812 1720 sunt„
847 1657 916 1714 de
943 1657 1307 1714 exterioribus
1334 1658 1582 1729 actibus;
1627 1659 1723 1714 sed
1776 1658 2160 1715 diversimode.
2193 1659 2333 1715 Nam

324 1746 393 1802 ad
442 1743 724 1802 interiores
770 1754 926 1802 actus
952 1745 1221 1803 virtutum
1257 1746 1581 1804 ordinantur
1624 1748 1769 1804 sicut
1811 1749 1865 1802 in
1909 1747 2091 1803 finem.
2132 1746 2335 1803 Omnes

324 1836 468 1890 enim
514 1836 800 1892 interiores
859 1842 1013 1892 actus
1060 1836 1322 1893 virtutum
1365 1836 1652 1892 moralium
1698 1837 1973 1910 pertinent
2022 1835 2089 1891 ad
2138 1837 2335 1892 mentis

324 1925 646 1999 puritatem3
679 1932 739 1981 ut
767 1923 975 1981 scilicet
1003 1939 1156 1980 mens
1198 1924 1434 1981 hominis
1472 1941 1504 1982 a
1543 1924 1887 1998 passionibus
1925 1924 2249 1981 inordinatis
2280 1930 2335 1980 et

326 2015 396 2070 ab
422 2013 752 2070 exteriorum
775 2028 958 2069 rerum
981 2013 1283 2086 cupiditate
1309 2015 1381 2070 sit
1423 2013 1593 2070 libera
1626 2031 1639 2068 ε
1667 2023 1723 2070 et
1750 2014 1979 2070 ulterius
2003 2029 2191 2070 omnes
2217 2013 2335 2069 vir-

325 2111 488 2167 tutes,
520 2111 634 2157 tam
674 2101 908 2157 morales
945 2117 1112 2176 quam
1144 2101 1481 2174 theologicae,
1525 2103 1845 2158 ordinantur
1881 2102 1949 2158 ad
1984 2101 2333 2158 dilectionem

327 2191 422 2244 Dei
461 2200 517 2247 et
557 2191 826 2263 proximi:
860 2198 916 2245 et
952 2190 1020 2246 ad
1051 2189 1169 2247 haec
1209 2190 1318 2246 duo
1348 2191 1530 2246 omnia
1559 2190 1786 2248 consilia
1828 2191 2149 2247 ordinantur
2191 2189 2333 2245 sicut

325 2278 394 2334 ad
421 2277 614 2346 tinem3
637 2279 847 2335 scilicet
873 2279 942 2335 ad
971 2280 1261 2335 caritatem
1286 2280 1383 2334 Dei
1414 2287 1470 2336 et
1495 2280 1747 2354 proximi,
1779 2285 1835 2334 et
1860 2279 1927 2336 ad
1957 2279 2153 2335 mentis
2179 2278 2335 2350 puri·-

328 2372 533 2434 tatvm3
575 2367 715 2422 unde
749 2368 952 2424 dicitur
997 2368 1053 2422 in
1091 2366 1475 2423 collationibus
1517 2369 1738 2423 Patrum
1788 2385 1801 2422 :
1852 2367 2119 2439 Quidquid
2149 2383 2238 2422 nos
2264 2366 2336 2422 ad

325 2455 577 2512 virtutem
606 2455 778 2511 cordis
800 2462 970 2528 potest
997 2455 1252 2528 diripere,
1299 2463 1412 2513 tota
1450 2456 1655 2514 virtute
1683 2455 1985 2513 sectandum
2014 2460 2086 2511 est
2127 2471 2145 2510 .·
2176 2453 2336 2524 quid-

326 2544 456 2615 quid
481 2551 655 2600 autem
697 2545 762 2598 ab
789 2545 884 2599 hac
911 2545 1169 2610 retrahit,
1206 2551 1269 2600 ut
1299 2543 1659 2617 perniciosum
1692 2551 1745 2601 et
1772 2545 1965 2601 vitium
1994 2541 2336 2600 devitandum

327 2639 420 2689 est.
446 2631 558 2689 Pro
580 2633 677 2688 hac
696 2633 832 2690 enim
851 2631 1104 2689 universa
1127 2633 1335 2705 aqimus
1353 2641 1509 2706 alque
1528 2633 1846 2690 toleramus:
1867 2649 1971 2705 pro
1990 2633 2107 2696 liae,
2118 2632 2329 2703 patria,

320 2729 591 2794 parentes,
617 2722 923 2794 diqnitales,
949 2705 1175 2787 divitiae,
1206 2723 1407 2779 delicice
1433 2721 1622 2778 mundi
1660 2723 1817 2793 hujus
1850 2729 1899 2778 et
1934 2722 2177 2792 voluptas
2204 2719 2335 2776 uni-

326 2826 480 2865 versa
508 2811 883 2876 contemnitur,
924 2817 984 2864 ut
1012 2812 1221 2866 scilicet
1248 2811 1472 2882 puritas
1496 2809 1677 2866 cordis
1707 2815 1969 2882 perpetua
1998 2809 2333 2877 retinentum

328 2905 382 2953 et
416 2905 576 2971 potea
608 2899 792 2955 subdit
825 2917 837 2952 ε
885 2899 996 2953 Pro
1037 2899 1134 2954 hae
1161 2898 1500 2971 jejuniorum
1544 2898 1798 2962 inediam,
1837 2895 2071 2969 viyilias,
2108 2895 2333 2963 labores,

328 2988 566 3059 eorporis
598 2987 914 3053 nuditatem,
939 2987 1231 3053 lectionem,
1266 2995 1563 3060 ceterasque
1586 2987 1815 3045 virtutes
1838 2985 2021 3041 debere
2044 3002 2137 3041 nos
2163 2986 2337 3041 susci-

321 3094 452 3150 pere
483 3077 804 3142 noverimus,
828 3081 888 3132 ut
908 3093 1009 3148 per
1038 3072 1160 3132 illas
1197 3076 1262 3132 ab
1287 3077 1555 3132 universis
1574 3075 1909 3149 passionibus
1937 3071 2116 3130 noxiis
2144 3075 2337 3130 illoesas

326 3173 599 3238 proeparet
639 3181 732 3220 cor
774 3173 1036 3231 nostrum,
1079 3172 1128 3221 et
1171 3181 1388 3221 servare
1432 3165 1713 3237 possimus,
1762 3170 1812 3219 et
1852 3163 1923 3218 ad
1956 3161 2337 3233 perlectionem

329 3254 579 3311 caritatis
603 3253 720 3310 istis
745 3243 996 3326 {gradibus
1027 3253 1301 3310 innitendo
1325 3253 1682 3309 conscendere.
1717 3251 1784 3308 Et
1814 3252 1916 3308 hoc
1941 3251 2085 3306 idem
2115 3256 2335 3324 Augus-

329 3346 476 3400 tinus
493 3343 628 3399 dicit
656 3343 724 3398 de
746 3342 990 3405 moribus
1016 3343 1274 3399 Ecclesiae
1307 3360 1319 3396 :
1345 3341 1472 3406 Non
1495 3341 1813 3414 rejiciendis,
1842 3341 2018 3413 iuquit
2037 3339 2337 3411 ,penei-ibus

328 3434 562 3506 ciborum
588 3431 740 3504 quusi
753 3431 992 3503 pollutis,
1017 3431 1105 3486 sed
1127 3429 1559 3503 conctipiscentioe
1573 3429 1967 3502 perdomandos,
1994 3435 2043 3484 et
2064 3427 2335 3485 dilectioni

329 3519 569 3589 fratrum
611 3509 902 3574 retinendae
943 3517 1188 3589 inviyilat
1239 3517 1409 3573 omnis
1451 3517 1677 3573 intentio
1692 3533 1711 3583 ;
1742 3524 1796 3571 et
1825 3515 2027 3571 ibidem
2070 3515 2273 3570 dicitur
2316 3526 2333 3568 3

333 3608 554 3664 Caritas
574 3609 843 3681 praecipue
873 3593 1189 3672 custoditur,
1214 3606 1262 3661 si
1285 3605 1509 3661 caritati
1540 3605 1737 3669 virtus,
1774 3603 1997 3661 caritati
2022 3618 2215 3668 sermo,
2241 3617 2336 3658 ca-

333 3696 494 3753 ritati
528 3696 759 3762 habitus,
807 3696 1032 3754 caritati
1059 3695 1234 3751 vultus
1273 3701 1516 3768 aptatur.
1562 3694 1715 3752 Unde
1766 3699 1820 3747 ct
1861 3689 2171 3763 Apostolus,
2211 3687 2335 3746 lad

334 3783 578 3840 Corinth.
624 3800 728 3851 vu,
774 3786 1108 3858 virginitatis
1153 3784 1437 3840 consilium
1495 3783 1565 3839 ad
1609 3782 1710 3836 hoc
1752 3779 2115 3836 ordinandum
2154 3777 2333 3844 docet,

335 3879 400 3932 ut
428 3870 621 3934 mulier
648 3873 876 3950 innupta
915 3873 1119 3949 cogitet
1156 3887 1280 3950 quae
1314 3879 1445 3933 suut
1485 3870 1606 3942 Dei,
1646 3868 1917 3946 quomodo
1944 3866 2158 3942 placeat
2186 3866 2336 3940 Deo;
