2800 4492
749 305 1427 358 xn.——ou01>1.u3n·rum
1479 305 1772 356 QuAn‘ruu,
2141 293 2261 352 283

243 426 505 487 vaverat,
533 425 595 482 ut
632 424 784 494 patet
808 419 1002 476 Matth.
1030 434 1156 481 xix.
1185 420 1326 498 Ergo
1369 419 1471 476 soli
1514 419 1593 477 illi
1634 420 1729 494 qui
1771 425 1898 481 sunt
1936 420 2159 482 excitati
2206 421 2261 486 in
2314 477 2319 485 ,

245 509 564 592 praeceptiS,
597 516 723 565 sunt
749 509 816 565 ad
843 501 1162 579 religionem
1189 507 1484 582 obligandi,
1519 507 1603 577 vel
1634 507 1951 584 recipiendi.

319 605 375 657 2
418 599 714 664 Praeterea,
746 597 1044 673 Gregorius
1090 597 1224 653 dicit
1269 613 1433 672 super
1475 597 1713 655 Ezecha
1740 597 1907 658 Nemo
1948 604 2157 672 repente
2196 598 2261 668 fit

249 702 520 753 summum
552 685 642 741 sed
678 685 738 740 in
770 685 901 742 bona
926 685 1316 742 σοηυειεαιὶοηε
1345 702 1380 740 a
1418 684 1660 742 minimis
1698 686 1817 764 quis
1840 686 2071 756 inchoat,
2102 692 2162 745 ut
2192 688 2263 744 ad

251 791 452 848 mayna
479 772 777 856 perveniat.
803 775 907 836 Sed
937 783 1293 850 magnasunt
1331 775 1557 846 consilia
1581 790 1705 848 quae
1734 776 2009 846 pertinent
2034 775 2103 835 ad
2132 791 2263 848 per-

253 864 551 922 fectionem
576 863 734 931 vitae3
764 865 973 942 minora
1017 871 1202 920 autem
1229 871 1356 936 sunt
1398 873 1694 938 praecepta,
1727 879 1852 941 quas
1893 864 2166 944 pertinent
2194 865 2261 928 ad

255 969 474 1009 omnem
495 953 788 1026 justitiam.
816 953 957 1024 Ergo
987 954 1139 1028 prius
1166 952 1366 1010 debent
1387 953 1544 1026 pueri
1574 953 1863 1010 exercitari
1893 951 1946 1006 in
1972 953 2263 1026 praeceptis

258 1057 425 1116 quam
451 1041 517 1097 ad
545 1041 770 1098 consilia
794 1040 1142 1098 inducantur.

328 1131 708 1204 3.·Praeterea.
746 1129 918 1184 Exod.
946 1145 1071 1197 xxl,
1107 1133 1194 1197 33,
1222 1129 1424 1186 dicitur
1457 1147 1469 1183 ε
1497 1128 1555 1188 Si
1598 1128 1715 1207 quis
1752 1127 2047 1208 aperuerit,
2070 1129 2263 1193 cister-

261 1235 452 1275 nam...
483 1217 839 1290 decideritque
867 1219 952 1276 bos
979 1219 1057 1275 vel
1081 1218 1262 1274 asinus
1287 1219 1348 1273 in
1387 1217 1523 1286 edm,
1547 1217 1791 1274 dominus
1816 1219 2057 1276 cisternoe
2082 1219 2263 1278 reddet

257 1307 492 1380 pretium
527 1307 908 1380 jumentorum.
940 1307 1044 1370 Sed
1092 1306 1182 1363 ille
1228 1308 1322 1380 qui
1371 1306 1608 1380 aliquem
1658 1323 1885 1386 puerum
1930 1307 2169 1372 nondum
2208 1309 2261 1370 in

265 1396 554 1473 praeceptis
568 1397 937 1455 exercitatum
961 1396 1028 1454 ad
1058 1395 1375 1466 religionem
1399 1393 1643 1462 inducit,-
1657 1395 2057 1477 quodammodo
2087 1397 2262 1469 aperit

261 1483 307 1539 ei
335 1484 664 1552 cisternam;
691 1482 820 1560 quia
860 1482 1104 1555 plerique
1150 1482 1290 1538 tales
1332 1481 1647 1553 religionem
1696 1483 2059 1559 ingredientes
2102 1500 2263 1558 egre.-

262 1573 505 1642 diuntur,
537 1582 594 1631 et
631 1574 687 1630 in
725 1573 1160 1647 desperationem
1205 1571 1473 1642 incidunt,
1503 1571 1658 1650 quasi
1692 1572 1749 1628 in
1779 1572 2071 1644 quamdam
2095 1572 2264 1649 spiri·-

264 1663 466 1720 tualem
495 1663 810 1720 cisternam.
852 1661 994 1734 Ergo
1036 1661 1280 1718 videtur
1292 1660 1441 1734 quod
1478 1660 1568 1726 ille
1608 1659 1703 1736 qui
1746 1676 1869 1717 eum
1899 1660 2127 1730 inducit,
2159 1661 2263 1718 hoc
2336 1667 2341 1672 “

264 1752 312 1808 ei
333 1754 635 1826 imputetur
662 1751 728 1812 ad
755 1757 1060 1824 peccatum.

333 1844 384 1908 4
419 1842 711 1908 Praeterea,
740 1839 874 1895 illud
920 1839 1065 1912 quod
1113 1843 1196 1896 est
1241 1837 1532 1938 expediens
1572 1836 1846 1894 communi
1882 1839 2127 1912 utilitati,
2156 1809 2262 1926 non

265 1937 344 1986 est
375 1929 694 2002 tollendum,
722 1927 826 1985 Sed
852 1927 1076 2002 expedit
1100 1927 1373 1985 communi
1403 1924 1626 1984 utilitati
1670 1927 1815 2007 quod
1846 1927 2091 1989 homines
2133 1944 2255 2004 pro-

259 2019 378 2097 pria
407 2018 664 2073 libertate
695 2022 916 2076 utantur
947 2016 1013 2072 ad
1052 2015 1254 2072 bonum
1281 2016 1609 2078 faciendum.
1640 2015 1782 2091 Ergo
1812 2032 1918 2072 non
1948 2025 2031 2081 est
2061 2015 2265 2096 aliqui-

264 2106 364 2162 bus
393 2105 691 2162 auferenda
721 2103 848 2160 talis
876 2103 1098 2159 libertas
1121 2119 1219 2176 per
1247 2103 1634 2174 obligationem
1672 2105 1787 2162 voti
1824 2103 1909 2160 vel
1942 2107 2259 2181 juramenti.

331 2197 384 2250 5.
417 2196 710 2258 Praeterea,
723 2192 917 2248 beatus
936 2191 1260 2248 Benedictus
1283 2192 1671 2253 monachorum
1702 2192 1982 2252 institutor
1998 2193 2265 2252 almificus

265 2285 319 2341 in
348 2301 448 2341 sua
480 2282 669 2354 regula
689 2281 1060 2354 statuit,quod
1087 2281 1429 2338 venientibus
1453 2281 1521 2338 ad
1546 2281 1863 2360 religionem
1891 2299 1995 2338 non
2025 2283 2098 2340 sit
2126 2284 2266 2343 faci-

267 2373 330 2430 lis
359 2373 687 2446 praebendus
715 2372 1006 2442 ingressus,
1026 2370 1121 2430 sed
1149 2370 1488 2441 probandum
1517 2370 1589 2426 sit
1614 2385 1682 2424 an
1712 2369 1935 2442 spiritus
1966 2387 1997 2428 a
2025 2371 2139 2432 Deo
2166 2375 2260 2430 sit.

265 2463 404 2534 Ergo
430 2460 605 2516 multo
633 2460 813 2534 minus
846 2468 972 2516 sunt
1001 2457 1167 2530 aliqui
1196 2457 1510 2512 muneribus
1538 2455 1625 2517 vel
1664 2456 1941 2512 beneficiis
1966 2457 2258 2519 alliciendi.

337 2556 389 2608 6.
425 2553 712 2615 Praeterea,
741 2547 1038 2618 Gregorius
1071 2545 1222 2612 dicit,
1254 2552 1309 2602 et
1350 2544 1583 2601 habetur
1627 2543 1681 2600 in
1718 2546 1982 2611 DecretiS‚
2016 2546 2259 2606 distinct.

267 2655 452 2696 xnvm
487 2656 498 2693 :
533 2636 734 2693 Scimus
757 2636 893 2708 quod
925 2633 1174 2707 aedificciti
1199 2633 1432 2708 parietes
1456 2649 1561 2688 non
1588 2633 1744 2710 prius
1770 2635 2036 2706 tignorum
2057 2623 2265 2712 pondus

268 2727 560 2800 accipiunt,
591 2724 700 2780 nisi
728 2724 1034 2781 nativitatis
1077 2739 1186 2780 suae
1229 2723 1445 2778 humore
1480 2721 1779 2790 decentum
1803 2739 1867 2778 ne
1902 2723 1950 2780 si
1978 2730 2102 2782 ante
2126 2741 2266 2799 pon-

268 2818 396 2874 dera
420 2830 578 2890 quam
607 2813 897 2870 solidentur
921 2812 1206 2889 accipiant,
1221 2817 1463 2870 cunctam
1490 2809 1651 2866 simul
1676 2809 1747 2866 ad
1774 2817 1979 2868 terram
2006 2811 2269 2884 fabricam

269 2903 672 2979 deponant.Sed
702 2903 855 2979 pueri
883 2901 975 2979 qui
999 2900 1237 2958 nondum
1267 2905 1394 2955 sunt
1416 2899 1698 2956 exercitati
1731 2899 1785 2957 in
1812 2901 2115 2974 praeceptis,
2142 2909 2270 2959 sunt

271 2995 428 3067 quasi
472 2991 712 3064 parietes
747 2989 985 3045 nondum
1027 2987 1307 3044 desiccati.
1335 2987 1478 3058 Ergo
1514 3003 1621 3060 non
1659 2992 1786 3044 sunt
1824 2989 1905 3044 eis
1946 2990 2270 3062 imponenda

271 3086 443 3156 tigna,
471 3081 529 3138 id
559 3084 644 3152 est
669 3077 857 3156 gravia
884 3077 1161 3148 religionis
1189 3077 1459 3134 instituta.

341 3173 396 3227 7.
429 3173 720 3246 Praeterea,
753 3172 930 3225 status
960 3163 1231 3236 religionis
1265 3171 1348 3219 est
1389 3170 1569 3221 status
1594 3163 1952 3237 poenitentiae.
1984 3166 2086 3227 Sed
2117 3169 2268 3245 pueri

274 3260 619 3334 excipiuntur
641 3255 709 3312 ab
728 3253 873 3312 omni
893 3254 1224 3327 paenitentiae
1247 3254 1596 3320 coercitione,
1623 3261 1681 3308 ut
1701 3251 1932 3313 habetur
1950 3256 2007 3310 in
2030 3257 2273 3328 Decretis

276 3351 342 3407 de
363 3347 707 3422 poenitentia,
730 3344 977 3403 distinct.
1000 3357 1079 3398 lv.
1099 3341 1240 3412 Ergo
1259 3357 1367 3396 non
1387 3342 1600 3398 suntad
1626 3342 1939 3414 religionem
1964 3344 2274 3412 inducendi.

345 3443 398 3494 8.
442 3439 731 3500 Praeterea,
769 3433 913 3490 sicut
952 3430 1152 3486 dicitur
1197 3443 1298 3496 xx,
1329 3436 1527 3502 quaest.
1561 3434 1612 3499 3,
1645 3432 1780 3512 quod
1815 3433 1933 3507 quis
1978 3429 2085 3490 non
2124 3440 2271 3506 optut
2329 3445 2334 3449 '

279 3545 369 3584 nec
396 3524 566 3596 eliyit,
589 3521 824 3598 profecto
853 3535 960 3584 non
985 3517 1160 3590 diliqit
1174 3534 1193 3584 ,·
1219 3515 1354 3590 quod
1395 3524 1573 3579 ‚autem
1601 3535 1707 3574 non
1741 3519 1940 3594 diligit,
1965 3521 2122 3594 facile
2150 3539 2277 3578 con-
2319 3541 2325 3546 ·

284 3618 487 3677 temnit.
519 3613 622 3674 Sed
667 3609 818 3686 pueri
867 3616 1162 3682 antequam
1202 3607 1311 3662 sint
1357 3607 1661 3673 exercitati,
1696 3625 1800 3664 non
1839 3609 2041 3666 habent
2067 3610 2277 3678 firmam

283 3705 624 3763 electionem.
651 3701 792 3771 Ergo
829 3713 930 3757 nec
959 3697 1168 3752 firmam
1199 3693 1575 3765 dilectionem;
1604 3695 1763 3751 facile
1792 3711 1921 3767 ergo
1964 3697 2281 3769 religionem

284 3797 651 3859 contemnent,
682 3791 729 3846 si
760 3789 811 3843 in
845 3785 938 3842 tali
967 3790 1132 3841 aetate
1161 3783 1228 3839 ad
1260 3783 1574 3854 religionem
1606 3783 1951 3838 inducantur.

353 3881 731 3943 9.P1aeterea‚
760 3875 917 3930 Prov.
950 3885 1080 3937 xm,
1107 3871 1189 3928 2.
1219 3868 1529 3926 Substantia
1564 3867 1818 3940 festinata
1853 3869 2148 3938 minuetur.
2166 3837 2283 3930 Sed
