2800 4492
758 322 882 376 111.
912 334 992 351 -
1019 316 1450 373 euenum-rum
1491 316 1709 361 uorum
1746 373 1751 378 Ι
1778 338 1792 377 ³,
2121 298 2249 367 477,

221 458 351 503 eam
393 443 640 517 agenteS,
670 438 803 495 facti
845 444 972 493 sunt.
1010 433 1220 493 miseri.
1255 433 1325 489 Et
1353 432 1471 510 baec
1515 430 1700 509 opinio
1727 428 1861 489 nibil
1902 429 2239 487 difficultatis

223 532 416 599 habet,
453 531 596 587 unde
625 542 739 601 prae
765 526 982 584 caeteris
1010 524 1139 581 mihi
1170 522 1346 595 magis
1369 522 1574 599 placet.
1836 590 1843 595 .
1878 584 1901 592 ,-

295 621 474 677 Tertii
503 610 633 675 vero
657 617 866 681 dicunt,
899 606 1045 698 q'uod
1079 612 1299 669 fuerunt
1330 610 1503 692 creati
1532 610 1723 683 Angeli
1749 610 1805 667 iu
1834 610 1986 685 puris
2014 616 2242 679 natura-

227 712 394 775 libus,
427 715 484 765 et
513 705 842 779 quibusdam
865 701 1146 759 conversis
1180 700 1249 757 ad
1273 700 1511 757 Verbum
1534 700 1694 756 simul
1734 699 1931 756 collata
1960 706 2043 755 est
2066 699 2243 771 gratia

229 807 286 858 et
312 795 606 856 beatitudo
633 812 648 850 ε
676 799 734 850 ει
753 792 809 848 hi
835 791 1194 847 dividuantur
1219 790 1278 846 in
1305 796 1421 845 tres
1442 788 1580 845 vias.
1608 788 1841 857 Quidam
1866 788 2011 845 enim
2034 788 2241 853 dicunt,

231 889 382 964 quod
424 900 704 959 nunquam
751 871 1150 939 beatituilinem
1195 883 1535 935 meruerunt.
1570 867 1691 952 'Sed
1738 878 1837 932 hoc
1883 894 1991 933 non
2030 878 2249 934 videtur

233 983 550 1051 competere
587 965 694 1029 nisi
737 971 838 1027 soli
861 964 1113 1033 Christo,
1140 968 1234 1041 qui
1275 973 1360 1023 est
1387 965 1557 1022 Filius
1592 965 1875 1031 naturalis,
1923 973 1981 1019 ut
2009 965 2245 1023 haeredi-

235 1076 408 1126 tatem
437 1063 642 1121 divinae
665 1058 940 1117 fruitionis
958 1058 1074 1113 sine
1103 1054 1547 1112 merito-habeat.
1572 1053 1678 1111 Alii
1710 1070 1839 1111 vero
1865 1053 2073 1120 dicunt,
2101 1056 2245 1129 quod

237 1163 520 1216 merentur
543 1167 664 1209 eam
690 1164 757 1205 ex
779 1146 1035 1221 operibus
1063 1160 1189 1218 quae
1211 1145 1358 1201 circa
1388 1159 1487 1199 nos
1516 1148 1703 1215 agunt.
1735 1143 1802 1198 Et
1828 1141 1929 1198 boc
1950 1144 2115 1199 etiam
2144 1160 2247 1200 non

239 1247 460 1305 videtur
497 1238 845 1303 conveniens,
887 1242 950 1293 ut
990 1234 1246 1291 meritum
1281 1237 1545 1306 sequatur
1576 1230 1888 1304 praemium3
1920 1248 2041 1289 cum
2078 1234 2250 1305 magis

239 1336 498 1395 meritum
525 1332 600 1387 sit
635 1325 922 1401 dispositio
949 1323 1018 1380 ad
1056 1314 1364 1396 praemium.
1399 1320 1569 1376 Tertii
1596 1336 1727 1377 vero
1754 1321 1965 1388 dicunt,
2010 1324 2153 1397 quod
2195 1322 2247 1377 in

239 1427 420 1499 primo
463 1416 691 1478 instanti
747 1412 1141 1471 beatitudinem
1192 1417 1509 1467 meruerunt
1557 1426 1626 1465 ex
1650 1408 1775 1465 boc
1823 1410 1941 1482 ipso
1991 1410 2136 1483 quod
2180 1408 2246 1467 ad

239 1514 481 1571 Verbum
500 1505 748 1566 conversi
775 1509 920 1560 sunt.
944 1501 1011 1557 Et
1035 1501 1151 1557 baec
1171 1500 1355 1572 opinio
1379 1498 1520 1554 inter
1538 1496 1637 1554 has
1658 1504 1770 1553 tres
1792 1498 2119 1570 probabilior
2143 1508 2244 1553 est.

310 1602 468 1661 Unde
497 1598 566 1656 ad
593 1598 710 1669 ejus
733 1592 1063 1652 evidentiam
1097 1588 1378 1644 sciendum
1406 1593 1507 1654 est,
1541 1586 1685 1660 quod
1716 1587 1972 1643 meritum
2001 1603 2060 1643 se
2089 1586 2250 1643 habet

241 1695 314 1750 ad
357 1688 646 1763 praemium
683 1684 824 1739 sicut
853 1687 1035 1737 motus
1072 1677 1142 1733 ad
1175 1678 1489 1741 terminum,
1522 1682 1578 1732 et
1618 1676 1761 1733 sicut
1790 1675 1908 1731 fieri
1938 1677 2006 1732 ad
2044 1676 2248 1734 factum

243 1798 386 1839 esse.
429 1780 492 1835 ln
532 1775 618 1832 his
657 1781 841 1830 autem
887 1783 1012 1842 quae
1048 1764 1356 1823 successive
1401 1765 1557 1830 fiunt,
1600 1765 1751 1838 prius
1792 1774 1875 1822 est
1920 1766 2033 1822 fieri
2079 1784 2244 1841 quam

245 1872 453 1930 factum
480 1880 627 1931 esse;
662 1862 718 1918 in
746 1859 832 1916 his
870 1872 998 1912 vero
1025 1852 1156 1929 quae‘
1187 1854 1326 1911 fiunt
1353 1852 1555 1918 subite,
1590 1853 1748 1908 simul
1778 1859 1863 1931 est
1892 1854 2008 1910 fieri
2037 1865 2093 1912 et
2132 1856 2249 1913 fac-

245 1972 364 2019 tum
387 1973 525 2027 esse,
566 1936 711 2009 sicut
736 1946 898 2005 simul
927 1961 1022 2001 aer
1051 1944 1386 2000 illuminatur
1414 1947 1471 1998 et
1507 1941 1845 1999 illuminatus
1872 1950 1972 2012 est,
2009 1952 2062 2001 et
2088 1945 2247 2001 simul

246 2068 338 2108 res
361 2053 613 2105 creatura
651 2045 708 2097 et
753 2044 938 2093 creata
969 2038 1074 2090 est.
1104 2032 1272 2105 CuJus
1309 2032 1452 2088 ratio
1486 2036 1591 2097 est,
1620 2031 1750 2104 quia
1778 2032 1989 2089 instans
2027 2034 2160 2103 illud
2202 2037 2249 2089 in
2274 2056 2293 2070 ·

249 2156 358 2216 quo
385 2137 562 2213 primo
582 2126 786 2203 aliquid
817 2126 1024 2181 factum
1050 2128 1152 2187 est,
1185 2125 1269 2176 est
1299 2119 1565 2175 terminus
1588 2121 1848 2191 temporis
1875 2123 2252 2192 praecedentiS,

251 2232 308 2287 in
335 2242 448 2301 quo
471 2240 578 2281 non
613 2224 762 2282 erat;
810 2220 867 2271 et
893 2214 976 2268 sic
1007 2208 1212 2283 aliquid
1241 2208 1310 2263 de
1348 2206 1533 2286 aliqua
1564 2208 1897 2279 proprietate
1938 2209 2082 2266 illius
2115 2220 2253 2267 tem-

250 2318 404 2395 poris
434 2313 652 2376 retinet,
675 2308 731 2363 in
751 2308 1025 2377 -quantum
1050 2304 1232 2373 potest
1275 2296 1383 2381 dici
1424 2295 1569 2369 quod
1602 2303 1735 2375 'ante
1776 2296 1882 2354 hoc
1922 2299 2131 2358 instans
2171 2316 2256 2359 res

254 2411 362 2465 ista
403 2419 508 2469 non
551 2400 674 2458 fuit..
715 2395 781 2451 Et
827 2390 1080 2471 quamvis
1107 2388 1162 2444 in
1209 2386 1294 2441 his
1334 2400 1459 2458 quae
1501 2400 1597 2458 per
1636 2384 1855 2442 modum
1886 2378 2253 2447 successivum

255 2498 412 2557 fiunt,
445 2489 568 2565 fieri
592 2485 922 2565 attribuatur
943 2475 1174 2565 tempori
1198 2474 1551 2549 praecedenti,
1584 2473 1638 2530 in
1662 2478 2055 2533 momentaneis
2078 2486 2257 2536 tamen

255 2580 585 2645 factionibus
611 2572 734 2648 fieri
761 2586 868 2627 non
901 2572 1079 2641 potest
1106 2563 1334 2621 attribui
1367 2562 1473 2618 nisi
1503 2562 1605 2635 ipsi
1636 2562 1861 2619 instanti
1891 2566 2083 2634 primo,
2116 2570 2259 2641 quod

257 2670 456 2732 dividit
477 2668 620 2724 inter
648 2678 769 2719 esse
795 2664 850 2715 et
875 2663 1140 2713 non'esse
1169 2652 1276 2709 rei:
1299 2652 1473 2718 Unde,
1502 2653 1753 2733 quamvis
1770 2652 1836 2709 .in
1866 2656 2116 2712 omnibus
2140 2658 2260 2713 aliis

258 2758 594 2821 instantibus
609 2746 965 2824 sequentibus
985 2744 1159 2819 possit
1178 2740 1289 2797 dici
1306 2739 1455 2814 quod
1480 2739 1805 2815 hocfactum
1826 2750 1927 2811 est,
1955 2754 2261 2804 nontamen

258 2855 442 2925 potest
465 2845 576 2902 dici
603 2838 752 2915 quod
776 2838 871 2893 fiat
899 2842 954 2891 et
983 2833 1320 2895 factumest,
1353 2830 1457 2886 nisi
1490 2830 1542 2885 in
1571 2831 1767 2905 primo.
2068 2890 2071 2893 ,

333 2936 595 2995 Similiter
622 2930 766 2991 dice,
797 2924 940 2999 quod
981 2922 1038 2978 in
1067 2920 1242 2994 primo
1280 2919 1504 2975 instanti
1536 2936 1643 2992 quo
1673 2936 1826 2977 mens
1858 2924 2101 2995 angelica
2131 2942 2265 2982 cou-

260 3041 425 3087 versa
453 3030 535 3080 est
564 3020 632 3077 ad
661 3015 824 3073 Verbi
856 3011 1194 3078 fruitionem3
1225 3015 1280 3063 et
1312 3008 1471 3063 beata
1500 3009 1723 3081 quidem
1751 3018 1869 3065 erat
1898 3012 2109 3067 ratione
2139 3030 2273 3085 pet-0,

264 3117 428 3174 fectae
451 3105 742 3169 fruitionis,
775 3100 934 3175 quasi
958 3100 1012 3154 in
1042 3096 1188 3153 facto
1213 3112 1331 3151 esse
1361 3096 1619 3161 existens,
1648 3103 1703 3151 et
1727 3095 2269 3173 beatitudinem'me-

266 3203 512 3265 rebatur,
537 3198 592 3253 in
616 3194 721 3251 hoc
745 3189 890 3265 quod
927 3183 1347 3243 convertebatur
1375 3184 1443 3237 ad
1471 3180 1729 3246 Verbum,
1762 3198 1869 3239 non
1891 3187 2271 3258 praeexistente

265 3286 627 3349 beatitudinis
657 3277 1010 3356 perfectione,
1043 3272 1138 3329 sed
1167 3270 1325 3345 quasi
1351 3269 1591 3326 existens
1627 3270 1683 3326 in
1712 3270 1829 3342 ipso
1864 3273 1989 3345 fieri
2032 3276 2273 3335 beatitu-

269 3380 450 3445 diuis;
489 3373 583 3431 sed
625 3368 972 3445 postmodum
1016 3376 1170 3419 mens
1215 3358 1407 3431 Angeli
1450 3365 1546 3415 est.
1577 3365 1791 3416 tantum
1832 3360 2014 3430 beata,
2054 3372 2109 3421 et
2169 3383 2273 3421 non

269 3462 670 3526 beatitudinem
695 3467 957 3515 meretur.
979 3448 1240 3509 Similiter
1261 3456 1346 3504 est
1373 3447 1794 3505 decontritione
1818 3469 1831 3504 ε
1858 3452 1986 3525 quia
2006 3453 2061 3507 in
2086 3456 2276 3510 eodem

271 3554 502 3615 instanti
531 3560 616 3609 est
645 3546 910 3605 terminus
931 3537 1348 3614 praeparationis
1371 3537 1440 3593 ad
1471 3538 1723 3609 gratiam,
1760 3544 1816 3593 et
1840 3539 2033 3611 gratiae
2058 3540 2273 3597 infusio.

346 3642 429 3699 Ad
492 3640 728 3712 primum
769 3645 919 3703 ergo·
950 3625 1260 3692 dicendum,
1301 3623 1447 3695 quod
1490 3640 1593 3678 non
1636 3630 1853 3693 oportet
1896 3641 2096 3696 ponere
2135 3625 2281 3683 idem

275 3728 442 3789 simul
487 3742 607 3783 esse
633 3722 936 3797 perfectum
963 3722 1019 3772 ει
1049 3712 1460 3787 imperfectum;
1492 3710 1587 3765 sed
1624 3710 1771 3765 idem
1806 3712 1967 3767 simul
2004 3728 2123 3770 esse
2154 3732 2283 3786 per-

277 3819 484 3876 fectum
521 3821 582 3871 et
629 3809 919 3869 term-inum
963 3800 1409 3879 imperfectionis,
1459 3796 1545 3854 vel
1580 3814 1725 3881 nunc
1776 3799 1952 3871 primo
1996 3816 2115 3858 esse
2153 3818 2285 3877 per..

277 3906 508 3967 fectum.
