2800 4492
711 350 803 398 ια.
831 367 914 383 -
937 353 1008 400 m
1047 352 1318 418 nonu-nm
1356 353 1437 398 nn
1476 353 1803 398 mmmmm
2179 333 2261 396 55

243 467 445 533 Deum,
457 474 512 524 et
521 466 688 524 simus
709 467 770 524 in
791 485 917 524 vero
939 468 1090 526 Filio
1113 469 1258 543 ejus:
1275 469 1359 527 hic
1382 477 1458 529 est
1474 487 1633 528 verus
1656 469 1801 527 Deus
1817 474 1867 526 et
1884 467 2001 527 vita
2022 475 2225 526 oeterna
2236 485 2257 536 ,·

247 564 383 628 ergo
414 572 520 612 non
545 564 630 612 est
655 557 838 614 minor
858 561 1038 615 Patre.

320 645 480 725 Item,
499 646 806 702 ostenditur
828 648 971 720 quod
989 647 1224 720 Spiritus
1247 649 1481 704 Sanctus
1506 648 1579 704 sit
1606 663 1770 704 verus
1795 647 1961 714 Deus,
1985 654 2041 701 et
2068 661 2263 719 aequa-

250 732 319 788 lis
363 733 515 789 Patri
544 749 640 807 per
669 733 772 790 hoc
801 736 948 808 quod
972 735 1172 792 dicitur
1203 736 1340 792 Phil.
1368 752 1459 806 111,
1492 728 1790 792 secundum
1832 751 2067 807 graecam
2109 735 2263 790 litte-

245 837 368 878 ram
399 839 414 876 :
441 822 556 880 Nos
579 839 760 884 sumus
787 823 1136 890 circumcisio,
1151 824 1504 896 quiSpiritui
1530 825 1639 880 Deo
1661 825 1943 890 servimus,
1968 833 2024 880 et
2052 823 2261 879 intelli-

245 911 398 982 gitur
426 911 496 966 de
525 913 789 968 servitute
814 913 1008 980 latriae‚
1028 920 1087 968 ut
1112 914 1167 969 in
1193 929 1374 985 graeco
1392 919 1566 987 patet.
1588 913 1654 968 Et
1685 913 1811 969 talis
1838 912 1969 968 nulli
1991 910 2262 969 creaturae

245 999 502 1055 debetur.
535 1001 696 1056 Dent.
729 1016 810 1068 vx,
843 1003 910 1057 ει
935 1003 1093 1058 Matt.
1138 1017 1199 1057 iv
1229 1020 1242 1056 ε
1271 1001 1559 1058 Dominum
1590 1002 1760 1057 Deum
1793 1009 1945 1058 tuum
1990 1001 2260 1068 adorabis,

243 1093 292 1142 et
316 1087 404 1144 illi
424 1089 526 1144 soli
545 1090 744 1144 servies
752 1106 773 1157 ς
799 1105 929 1160 ergo
952 1091 1186 1163 Spiritus
1212 1092 1446 1147 Sanctus
1469 1106 1579 1146 non
1604 1097 1689 1147 est
1713 1098 1987 1148 creatura.

312 1177 476 1244 Item,
511 1178 757 1234 membra
779 1179 982 1235 Christi
1012 1195 1119 1235 non
1161 1187 1388 1252 possunt
1428 1195 1547 1236 esse
1596 1180 1855 1252 templum
1901 1179 2131 1252 alicujus
2165 1179 2261 1252 qui

243 1265 316 1321 sit
340 1266 524 1320 minor
547 1283 714 1338 quam
745 1265 992 1322 Christus
1023 1284 1037 1320 z
1069 1267 1166 1323 sed
1195 1283 1425 1340 corpora
1463 1275 1649 1324 nostra
1687 1284 1811 1340 quae
1846 1277 1974 1324 sunt
2015 1268 2262 1324 membra

244 1355 476 1411 Christri
515 1355 817 1410 secundum
851 1357 1190 1428 Apostolum,
1223 1363 1350 1411 sunt
1381 1355 1640 1428 templum
1689 1357 1924 1428 Spiritus
1960 1358 2165 1425 Sancti,
2199 1363 2293 1415 ut.

245 1443 449 1499 dicitur
472 1444 498 1499 1
526 1443 715 1500 Corin.
740 1460 834 1512 vr3
861 1461 989 1515 ergo
1019 1445 1254 1518 Spiritus
1276 1446 1512 1501 Sanctus
1545 1461 1651 1498 non
1694 1450 1779 1500 est
1803 1445 1979 1500 minor
2021 1445 2257 1508 Christo,

245 1542 300 1589 et
324 1535 408 1590 sic
433 1548 538 1589 nec
563 1535 742 1601 Patre,
761 1541 818 1590 et
845 1523 926 1591 ita
950 1551 1140 1592 verum
1164 1541 1248 1591 est
1277 1533 1425 1607 quod
1454 1541 1645 1590 auctor
1668 1533 1805 1590 dicit
1828 1549 1949 1590 esse
1973 1533 2260 1591 catholicae

243 1621 374 1678 fidei
401 1623 756 1678 sententiam.

310 1712 644 1783 Respondeo
685 1711 996 1779 dicendum,
1028 1712 1176 1785 quod
1211 1713 1541 1769 Arianorum
1585 1711 1785 1785 positio
1828 1711 2257 1785 inaequalitatem

244 1797 300 1852 in
327 1798 534 1854 divinis
561 1799 809 1870 personis
833 1799 1192 1868 constituenS,
1217 1815 1326 1854 non
1366 1805 1451 1854 est
1478 1799 1764 1856 catholicae
1793 1797 1917 1854 fidei
1964 1799 2255 1864 consessi0‚

244 1887 338 1942 sed
365 1887 548 1958 magis
578 1887 802 1958 gentilis
827 1887 1101 1960 impietaS‚
1135 1888 1280 1960 quod
1317 1887 1397 1944 sic
1438 1897 1611 1960 patet.
1643 1887 1803 1961 Apud
1844 1888 2077 1960 gentiles
2113 1888 2261 1944 enim

245 1991 436 2032 omnes
479 1975 806 2033 substantiae
851 1975 1188 2034 immortales
1227 1977 1305 2032 dii
1351 1977 1674 2033 dicebantur
1707 1977 1888 2032 :inter
1927 1976 2027 2033 has
2072 1983 2258 2033 autem

246 2064 522 2132 dicebant,
565 2065 652 2122 vel
702 2065 974 2139 ponebant
1021 2061 1306 2123 Platonici
1331 2073 1444 2121 tres
1492 2081 1751 2138 personas
1802 2065 2151 2138 principales,
2196 2073 2257 2121 ut

247 2161 400 2227 patet
428 2171 528 2226 per
555 2157 789 2226 August.
815 2154 884 2210 de
917 2155 1153 2210 Civitate
1181 2154 1300 2221 Dei,
1331 2153 1426 2210 lib.
1458 2171 1499 2210 x
1522 2161 1579 2210 et
1606 2171 1702 2228 per
1729 2155 2065 2210 Macrobium
2089 2170 2254 2226 super

247 2245 532 2299 Somnium
558 2243 844 2316 Scipionis,
874 2243 1082 2299 scilicet
1121 2245 1293 2300 Deum
1323 2244 1575 2315 omnium„
1603 2249 1926 2310 creatorem,
1960 2259 2123 2316 quem
2165 2242 2257 2299 di·

251 2333 444 2389 cebant
479 2340 695 2389 tantum
723 2333 941 2388 Patrem
966 2338 1189 2404 propter
1217 2332 1338 2399 hoc,
1372 2332 1518 2406 quod
1555 2332 1624 2388 ab
1651 2333 1771 2405 ipso
1800 2333 1981 2388 omnia
2011 2332 2255 2388 deduce-

253 2421 464 2489 bantur,
509 2429 565 2478 et
611 2421 905 2494 quamdam
949 2421 1260 2477 inferiorem
1311 2420 1697 2490 substantiam,
1742 2437 1927 2492 quam,
1970 2426 2256 2492 paternam

257 2517 509 2578 mentem,
553 2511 672 2566 sive
716 2517 1005 2582 paternum
1040 2510 1378 2566 intellectum
1424 2508 1699 2572 dicebant,
1748 2508 1965 2580 plenam
2016 2509 2259 2563 omnium

259 2615 431 2655 rerum
457 2599 619 2666 ideis,
647 2607 704 2654 et
749 2599 891 2655 hanc
931 2599 1132 2656 factam
1169 2615 1202 2654 a
1248 2599 1361 2653 Deo
1409 2599 1567 2653 Patre
1604 2594 1877 2663 dicebant,
1906 2602 1961 2651 et
1991 2604 2111 2668 post
2139 2595 2259 2652 haec

261 2689 525 2758 ponebant
566 2689 806 2744 animam
848 2687 1034 2743 mundi
1078 2687 1234 2760 quasi
1269 2686 1525 2759 spiritum
1567 2686 1699 2742 vitae
1738 2686 1907 2744 totius
1942 2685 2151 2745 mundi.
2192 2685 2259 2740 Et

261 2773 354 2829 has
393 2782 504 2831 tres
547 2770 884 2830 substantias
925 2779 1037 2829 tres
1079 2773 1579 2846 principales'deos
1625 2770 1997 2838 nominabant,
2045 2778 2100 2826 et
2151 2771 2255 2826 tria

261 2863 534 2936 principia,
559 2880 657 2935 per
681 2878 807 2935 quae
831 2863 1028 2918 animae
1049 2869 1433 2935 purgarentur.
1466 2861 1939 2936 Origenesautem
1969 2860 2259 2932 platonicis

261 2951 594 3008 documentis
621 2951 897 3017 insistens,
926 2950 1226 3006 arbitratus
1254 2955 1338 3006 est
1376 2950 1479 3006 hoc
1522 2949 1681 3005 modo
1725 2949 1780 3004 in
1813 2948 1917 3004 fide
1947 2948 2257 3020 ponendum

257 3055 395 3108 esse,
423 3041 550 3112 quia
581 3039 809 3095 dicitur:
829 3039 960 3095 Tres
986 3045 1111 3095 sunt
1135 3039 1226 3111 qui
1257 3037 1617 3095 testimonium
1644 3039 1774 3094 dant
1803 3037 1863 3092 in
1890 3037 2030 3092 coel0.
2056 3037 2255 3092 IJoan.

261 3128 358 3183 ult.
390 3146 403 3183 :
432 3131 572 3184 sicut
601 3128 864 3184 Platonici
896 3137 1006 3185 tres
1032 3129 1362 3201 principales
1398 3127 1735 3184 substantias
1763 3132 2081 3199 posuerunt,
2114 3124 2259 3180 undo

261 3218 438 3288 posuit
460 3218 657 3273 Filium
681 3233 800 3273 esse
827 3224 1156 3284 creaturam,
1173 3222 1228 3272 et
1250 3217 1516 3272 minorem
1541 3217 1703 3273 Patre
1726 3216 1781 3270 in
1814 3214 1909 3269 lib.
1937 3214 2031 3287 qui
2056 3214 2259 3270 dicitur

261 3305 600 3374 Periarchon,
629 3305 685 3362 id
723 3312 808 3362 est
835 3305 902 3360 de
930 3305 1234 3379 PrincipiiS,
1266 3314 1326 3362 ut
1367 3311 1520 3379 patet
1568 3321 1661 3377 per
1702 3303 1887 3360 Hier0.
1932 3304 1988 3358 in
2018 3304 2257 3376 quadam

259 3393 497 3465 Epistola
529 3395 600 3450 de
625 3394 902 3450 erroribus
931 3393 1082 3466 Orig.
1114 3394 1183 3449 Et
1209 3410 1335 3450 cum
1375 3395 1493 3467 ipse
1530 3394 1873 3450 Alexandriae
1899 3392 2168 3460 docuerit,
2193 3409 2261 3448 ex

263 3485 378 3554 ejus
403 3484 620 3556 scriptis
643 3499 803 3540 suum
828 3499 1070 3538 errorem
1097 3483 1258 3539 Arius
1282 3481 1485 3540 hausit.
1514 3481 1583 3536 Et
1610 3499 1703 3553 per
1731 3481 1835 3537 hoc
1858 3480 1993 3536 dicit
2015 3480 2257 3552 Epipha-

261 3572 402 3638 niuS‚
434 3573 575 3644 quod
601 3572 754 3644 Orig.
779 3571 882 3626 fuit
912 3578 1068 3644 pater
1101 3572 1220 3628 Arii
1248 3577 1304 3627 et
1339 3570 1477 3628 fons,
1502 3573 1741 3627 ‚Tantum
1780 3585 1911 3642 ergo
1944 3568 2258 3626 christianae

264 3665 320 3714 et
347 3661 622 3718 catholicae
649 3661 793 3728 fidei,
817 3661 1014 3733 positio
1036 3659 1152 3716 Arii
1180 3667 1264 3716 est
1291 3661 1567 3717 contraria
1590 3661 1658 3715 de
1682 3660 1969 3728 Trinitas,
1992 3663 2259 3730 quantum

267 3764 414 3803 error
431 3750 746 3818 Gentilium,
763 3751 856 3824 qni
876 3757 1159 3815 creaturas
1182 3750 1314 3806 deos
1342 3749 1603 3816 dicenteS,
1628 3750 1709 3805 eis
1734 3749 1910 3805 latriae
1936 3747 2258 3802 servitutem

265 3837 605 3896 exhibebant.
636 3839 792 3909 Quod
823 3841 1004 3912 arguit
1031 3845 1224 3915 Apost.
1250 3841 1408 3896 Rom.
1438 3856 1477 3907 1,
1511 3841 1697 3897 dicens
1724 3839 1867 3898 ouod
1906 3835 2185 3894 coluerunt
2206 3841 2257 3915 εἰ

260 3925 565 3986 servierunt
588 3935 852 3986 ereatura:
869 3929 1050 4002 potius
1074 3945 1230 4002 quam
1251 3929 1507 3988 creatori.
