2800 4492
824 358 951 404 111..
967 373 1046 386 -
1076 354 1502 405 ouoomau'rum
1546 353 1838 406 omarum
2214 337 2333 400 253

327 478 587 544 essentia,
613 473 914 531 secundum
932 469 1077 546 quod
1103 475 1187 526 est
1210 466 1491 524 imitabilis
1516 465 1617 522 hoc
1642 466 1803 522 modo
1828 465 1899 522 ab
1925 466 2027 522 hac
2055 477 2327 536 creatura,

330 577 414 625 est
457 565 673 640 propria
714 561 852 618 ratio
899 570 954 617 et
993 561 1116 616 idea
1157 557 1466 630 hujusmodi
1512 563 1813 624 creaturae3
1859 563 1913 612 et
1962 557 2214 614 similiter
2263 559 2331 616 de

332 657 453 715 aliis
480 673 494 710 t
530 639 670 710 unde
699 651 996 708 secundum
1037 649 1140 704 hoc
1168 652 1292 702 sunt
1319 645 1499 718 plures
1543 643 1697 710 ideae,
1728 644 2027 699 secundum
2052 645 2198 718 quod
2244 647 2340 701 in-·

333 745 594 818 telligitur
623 743 808 800 divina
851 741 1088 796 essentia
1133 735 1431 792 secundum
1473 735 1719 808 diversos
1753 741 2035 805 respectus
2080 750 2217 807 quos
2248 752 2333 790 ros

330 835 534 892 habent
577 833 641 888 ad
682 832 876 904 ipsam,
901 843 1022 884 eam
1060 825 1424 882 diversimode
1468 823 1764 879 imitantes
1796 821 2115 894 Hujusmodi
2150 831 2332 880 aulem

333 931 613 998 respectus
644 936 748 976 non
775 919 948 975 solum
984 915 1362 986 intelliguntur
1393 912 1462 968 ab
1490 911 1769 967 intellectu
1806 918 2010 978 create,
2040 912 2135 967 sed
2168 913 2331 968 etiam

334 1014 404 1071 ab
443 1011 719 1068 intellectu
763 1009 1006 1088 increato
1045 1003 1217 1076 ipsius
1254 1002 1374 1058 Dei.
1404 990 1522 1057 Scit
1546 1000 1691 1054 enim
1737 1001 1901 1066 DeuS,
1930 1006 1985 1054 et
2019 1000 2089 1056 ab
2128 1009 2334 1057 aeterno
2403 993 2441 1034 '¹

334 1103 513 1167 scivit,
547 1097 690 1171 quod
722 1096 954 1152 diversae
984 1098 1254 1148 creaturas
1281 1088 1645 1145 diversimode
1675 1084 1857 1144 essent
1886 1089 2004 1158 eju-s
2043 1092 2332 1146 essentiam

334 1192 662 1253 imitaturae;
693 1193 747 1242 et
780 1181 1079 1251 secundum
1121 1178 1321 1235 hocab
1347 1186 1553 1234 aeterno
1591 1176 1810 1233 suerunt
1838 1178 1895 1238 in
1940 1182 2121 1246 mente
2150 1177 2335 1234 divina

332 1281 515 1354 plures
542 1278 679 1333 ideae
715 1275 857 1330 sicut
895 1272 1134 1327 rationes
1164 1268 1397 1342 proprias
1428 1282 1609 1323 rorum
1630 1264 1945 1336 'intellectae
1974 1266 2027 1320 in
2055 1267 2187 1322 Deo.
2220 1268 2335 1324 Hoc
2405 1267 2411 1272 ’

335 1371 480 1425 enim
505 1365 776 1438 significat
805 1377 1001 1416 nomen
1031 1359 1187 1423 ideae,
1223 1363 1283 1412 ut
1323 1358 1394 1412 sit
1436 1353 1644 1411 scilicet
1675 1355 1925 1427 quaedam
1967 1353 2136 1410 forma
2171 1357 2334 1411 intol-

337 1459 476 1514 lecta
508 1457 578 1513 ab
606 1461 818 1525 agente,
849 1449 918 1505 ad
957 1449 1112 1520 cujus
1140 1445 1552 1502 similitudinem
1583 1443 1823 1498 exterius
1858 1458 1997 1514 opus
2034 1447 2333 1516 producere

338 1537 604 1612 intendit;
629 1543 772 1598 sicut
807 1538 1108 1596 aedificator
1138 1535 1192 1591 in
1221 1540 1398 1590 mente
1440 1549 1538 1588 sua
1577 1533 1931 1607 praeconcipit
1960 1531 2191 1589 sormam
2230 1535 2334 1591 do-

337 1652 478 1702 muS,
505 1649 630 1707 quae
649 1637 741 1707 ,est
768 1629 922 1702 quasi
950 1626 1072 1683 idea
1097 1624 1290 1679 domus
1318 1623 1368 1678 in
1395 1623 1625 1678 materia
1654 1621 1869 1699 fiendae.

407 1724 490 1781 Ad
531 1723 766 1796 primum
806 1731 936 1788 ergo
975 1713 1286 1776 dicendum,
1332 1711 1478 1783 quod
1526 1710 1860 1782 Augustinus
1916 1709 2171 1782 intelligit
2217 1729 2335 1770 esse
2413 1699 2419 1704 ’

337 1815 499 1872 aliam
527 1820 580 1870 et
624 1811 786 1868 aliam
834 1805 1100 1864 rationem
1129 1801 1429 1858 secuudum
1458 1799 1835 1856 diversitatem
1879 1806 2241 1872 respectuum,
2275 1811 2334 1860 ut

337 1906 545 1970 dictum
569 1907 673 1956 cst.

409 1993 491 2049 Ad
517 1987 814 2046 secundum
845 1982 1154 2048 dicendum,
1185 1979 1328 2052 quod
1359 1994 1484 2034 cum
1510 1977 1710 2034 dicitur
1734 1995 1745 2032 ε
1774 1978 2079 2034 Secundum
2108 1979 2211 2044 hoc
2249 1998 2333 2038 ros

339 2088 464 2140 sunt
490 2078 783 2141 distinctae,
817 2078 978 2146 prout
1020 2071 1166 2126 Deus
1206 2083 1392 2124 earum
1422 2068 1827 2135 distinctionem
1865 2070 2186 2139 cognoscit:
2218 2070 2337 2142 haec

341 2169 542 2226 locutio
578 2172 664 2222 est
699 2161 898 2234 duplex
932 2178 944 2214 ε
991 2158 1136 2231 quod
1179 2157 1324 2212 enim
1367 2156 1609 2210 dicitur:
1650 2155 1959 2211 Secundum
2001 2158 2145 2230 quod
2195 2161 2339 2215 Dens

339 2255 640 2331 cognoscit,
672 2247 1066 2326 potestbrel'erri
1094 2246 1161 2302 ad
1181 2243 1549 2316 cognitionem
1572 2242 1813 2298 divinam
1839 2259 1905 2298 ex
1934 2251 2089 2316 parte
2112 2249 2335 2318 cogniti,

341 2349 425 2406 vel
453 2363 518 2402 ex
543 2349 698 2418 parte
725 2336 1124 2412 cognoscentis,
1151 2335 1204 2390 Si
1231 2349 1298 2388 ex
1327 2339 1483 2403 parte
1516 2331 1739 2402 cogniti,
1772 2332 1852 2387 sic
1886 2348 2025 2388 vera
2072 2342 2155 2390 est
2186 2336 2339 2394 locu-

343 2439 420 2496 tio
457 2453 471 2492 :
508 2441 592 2490 est
634 2431 780 2487 enim
825 2441 1036 2490 sensus,
1063 2423 1205 2496 quod
1246 2421 1347 2476 hoc
1389 2421 1551 2476 modo
1590 2435 1677 2474 res
1708 2427 1833 2475 sunt
1873 2421 2340 2488 distinctaesicut

345 2529 490 2583 Deus
512 2519 790 2592 cognoscit
815 2531 907 2572 eas
934 2529 1054 2570 esse
1088 2511 1396 2567 distinctas·
1424 2508 1480 2564 Si
1511 2523 1638 2563 vero
1668 2506 1933 2564 reseratur
1963 2511 2031 2565 ad
2068 2514 2341 2583 cognitio-

345 2617 467 2672 nem
495 2628 558 2668 ex
591 2615 743 2682 parte
767 2599 1162 2676 cognoscentis,
1182 2599 1262 2655 sic
1291 2597 1493 2653 locutio
1522 2596 1658 2653 falsa
1686 2603 1771 2651 est
1794 2599 1929 2654 :erit
1956 2601 2101 2654 enim
2130 2617 2339 2670 sensuS,

345 2702 490 2777 quod
521 2715 608 2756 res
636 2697 868 2768 cognitas
897 2691 1050 2747 illum
1080 2688 1299 2743 modum
1329 2685 1695 2742 distinctionis
1732 2684 1933 2754 habent
1973 2688 2025 2742 in
2064 2689 2342 2746 intellectu

347 2791 530 2850 divino
561 2802 721 2860 quem
752 2782 954 2839 habent
979 2779 1032 2834 in
1062 2793 1122 2834 se
1151 2774 1476 2849 i'psis3quod
1500 2772 1697 2830 salsum
1722 2780 1805 2829 est
1834 2792 1845 2828 ε
1879 2777 2008 2847 quia
2039 2777 2091 2832 in
2123 2794 2181 2833 se
2210 2779 2344 2852 ipsis
2430 2763 2435 2767 ¹

343 2873 434 2937 'res
473 2883 599 2934 sunt
645 2875 876 2931 diversae
917 2866 1300 2933 essentialiter,
1345 2879 1452 2920 non
1494 2871 1677 2920 autem
1716 2864 1771 2919 in
1811 2864 2087 2922 intellectu
2126 2868 2343 2937 divin0;

347 2971 490 3025 sicut
517 2965 686 3021 etiam
715 2976 800 3020 res
829 2961 883 3014 in
917 2973 976 3014 se
1004 2957 1136 3028 ipsis
1165 2961 1292 3012 sunt
1329 2952 1707 3018 materialiter,
1742 2953 1796 3007 in
1844 2953 2121 3012 intellectu
2164 2967 2348 3013 autem

349 3056 533 3114 divino
577 3046 1010 3108 immaterialiter
1043 3062 1057 3099 :
1089 3052 1144 3102 et
1183 3045 1237 3100 in
1283 3044 1388 3100 hoc
1445 3041 1635 3098 ultimo
1677 3057 1837 3098 sensu
1883 3044 2209 3114 procedebat
2246 3045 2350 3102 ob..

345 3143 536 3219 jectio.
752 3143 756 3146 ’

421 3232 504 3289 Ad
542 3227 768 3285 tertium
805 3221 1115 3288 dicendum,
1146 3219 1292 3293 quod
1323 3221 1463 3276 ratio
1504 3219 1598 3276 illa
1642 3221 1886 3292 procedit
1930 3221 1999 3278 de
2039 3221 2353 3295 pluralitate

243 3347 254 3356 ·
353 3321 486 3378 reali
521 3335 533 3373 τ
567 3315 692 3374 talis
717 3311 862 3368 enim
901 3307 1184 3382 pluralitas
1212 3307 1267 3362 in
1292 3308 1600 3363 nominibus
1629 3307 2009 3366 essentialibus
2049 3327 2152 3367 non
2197 3311 2353 3367 inve-

352 3411 519 3474 nitur,
553 3404 649 3462 sed
687 3401 864 3460 solum
903 3395 1190 3472 pluralitas
1231 3412 1354 3470 quae
1395 3402 1481 3451 est
1506 3396 1805 3454 secundum
1844 3398 2219 3473 intelligentiae
2263 3415 2355 3458 ra·

353 3500 576 3556 tionem.

1094 3685 1490 3764 QUAESTIO
1537 3685 1623 3753 11.

377 3873 381 3878 ·
433 3850 640 3908 Deinde
687 3850 980 3921 quaesitum
1025 3853 1109 3902 est
1152 3845 1221 3902 de
1263 3844 1661 3916 pertinentibus
1702 3843 1771 3899 ad
1820 3843 2121 3916 potentiam
2149 3844 2362 3912 Dei3et

364 3946 426 3999 ⁴0
461 3948 646 3997 utrum
673 3938 733 3994 iu
752 3939 863 3995 Deo
886 3938 960 3994 sit
987 3936 1193 4003 virtus3
1225 3938 1286 3992 2⁰
1314 3935 1384 3990 de
1413 3933 1649 4005 quodam
1674 3933 1873 3990 effectu
1901 3932 2103 3991 divinae
2124 3933 2363 4002 virtutis,
