2800 4492
743 363 852 412 κη.
886 378 961 394 -·
991 361 1417 414 ducemne-rou
1461 361 1787 410 secuuntur
2146 344 2259 408 167

263 494 370 536 non
399 483 484 535 est
511 479 746 536 essentia
771 479 906 551 eius,
939 477 1148 536 scilicet
1173 494 1268 552 per
1287 478 1629 551 subjectum;
1659 484 1715 536 et
1738 477 1861 534 ideo
1884 477 2050 535 habet
2076 493 2268 535 essen-

267 569 398 624 tiam
430 567 774 640 incompleta,
807 574 868 624 ut
896 563 1098 623 dicitur
1121 567 1176 624 in
1201 583 1261 624 v¹
1287 567 1591 640 metaphys,
1621 569 1776 640 (text.
1808 581 1948 623 com.
1979 567 2050 636 4).
2077 566 2268 624 Relin-

267 657 452 730 quitur
475 673 608 728 ergo
629 657 774 730 quod
796 657 851 713 in
876 657 1038 712 rebus
1056 656 1376 730 compositis
1394 673 1460 712 ex
1483 656 1715 713 materia
1737 664 1793 712 et
1818 656 2011 721 forma,
2031 657 2268 714 essentia

267 747 346 801 vel
369 755 567 802 natura
588 761 692 803 non
713 747 784 802 sit
805 746 920 804 sola
937 745 1130 813 forma,
1153 746 1250 802 sed
1275 745 1637 818 compositum
1660 761 1729 801 ex
1748 745 1979 801 materia
1996 752 2051 801 et
2070 743 2271 802 forma.

333 835 524 891 Restat
559 849 688 906 ergo
730 833 1202 899 considerandum,
1246 849 1371 891 cum
1410 833 1752 908 suppositum
1792 831 1881 890 vel
1921 831 2265 891 individuum

261 923 513 980 naturale
558 922 631 978 sit
670 923 1033 995 compositum
1080 938 1148 978 ex
1186 923 1420 980 materia
1457 929 1513 978 et
1550 921 1745 991 forma,
1776 929 1959 978 utrum
1998 921 2071 978 sit
2122 920 2267 978 idem

259 1012 517 1068 essentiae
541 1011 624 1068 vel
668 1017 881 1069 naturae
915 1029 928 1065 :
961 1020 1016 1068 et
1045 1011 1186 1068 banc
1221 1011 1583 1084 quaestionem
1610 1019 1795 1068 movet
1831 1011 2187 1084 Philosophus
2212 1011 2267 1066 in

261 1115 346 1155 vn
377 1101 614 1173 Metaph.
657 1100 786 1171 (tex.
817 1115 960 1160 com.
1000 1100 1120 1172 2⁴);
1151 1100 1242 1156 ubi
1273 1100 1520 1173 inquirit,
1550 1107 1732 1158 utrum
1771 1100 1845 1155 sit
1880 1101 2027 1156 idem
2066 1115 2269 1156 unum-

259 1189 537 1262 quodque,
565 1197 620 1244 et
647 1187 794 1261 quod
823 1187 956 1262 quid
980 1194 1064 1245 est
1087 1190 1204 1262 ejus
1233 1205 1246 1245 τ
1273 1195 1330 1245 ει
1369 1190 1717 1257 determinat,
1740 1189 1885 1260 quod
1927 1189 1985 1244 in
2029 1187 2115 1246 his
2142 1203 2269 1261 quae

259 1277 518 1333 dicuntur
543 1293 641 1351 per
668 1292 745 1343 se,
769 1277 915 1332 idem
943 1284 1027 1334 est
1069 1293 1156 1334 res
1186 1283 1242 1334 et
1265 1277 1410 1351 quod
1438 1278 1569 1352 quid
1614 1283 1699 1334 est
1740 1277 1849 1341 rei:
1880 1277 1937 1333 in
1969 1277 2055 1334 his
2084 1284 2268 1334 autem

259 1381 388 1440 quae
411 1366 666 1423 dicuntur
711 1381 807 1438 per
848 1365 1124 1436 accidens,
1152 1381 1260 1422 non
1288 1375 1372 1422 est
1409 1367 1575 1422 idem.
1605 1367 1778 1422 Homo
1825 1366 1969 1422 enim
2010 1365 2145 1422 nihil
2181 1375 2268 1422 est

259 1455 412 1510 aliud
451 1469 616 1528 quam
647 1454 792 1527 quod
827 1453 960 1527 quid
1007 1463 1090 1516 est
1121 1455 1355 1512 bominis
1387 1472 1400 1509 ε
1436 1454 1568 1511 nihil
1606 1455 1750 1511 enim
1792 1455 1939 1511 aliud
1991 1454 2264 1530 significat

257 1543 424 1600 homo
452 1558 618 1615 quarn
645 1541 846 1598 animal
886 1542 1171 1614 gressibile
1215 1543 1370 1616 bipes
1398 1561 1412 1598 :
1444 1542 1539 1598 sed
1569 1533 1657 1599 re's
1696 1542 1820 1599 alba
1848 1558 1955 1599 non
1988 1548 2072 1597 est
2120 1541 2265 1598 idem

258 1632 481 1688 omnino
511 1632 560 1686 ei
587 1631 733 1706 quod
757 1631 888 1704 quid
923 1638 1009 1687 est
1035 1629 1237 1700 album,
1265 1633 1410 1706 quod
1437 1632 1649 1688 scilicet
1674 1633 2014 1704 significatur
2048 1630 2265 1686 nomine

259 1721 370 1778 albi
395 1739 408 1775 ε
429 1736 556 1776 nam
584 1720 766 1778 album
793 1719 922 1776 nibil
947 1720 1216 1792 significat
1243 1720 1346 1776 nisi
1377 1720 1797 1794 qualitatem,ut
1817 1721 2017 1776 dicitur
2038 1719 2089 1776 in
2116 1733 2265 1792 prae-

257 1809 590 1866 dicamentis
619 1827 632 1866 ε
666 1824 754 1864 res
778 1817 962 1868 autem
988 1807 1112 1866 alba
1137 1815 1220 1866 est
1247 1809 1557 1866 substantia
1580 1809 1785 1866 habens
1810 1808 2155 1882 qualitatem.

327 1897 640 1956 Secundum
682 1898 785 1954 hoc
821 1913 969 1969 ergo,
1001 1898 1326 1972 cuicumque
1367 1905 1549 1970 potest
1581 1897 1788 1971 aliquid
1830 1896 2080 1954 accidere
2117 1896 2266 1970 quod

253 2001 368 2044 non
393 1987 466 2042 sit
495 1985 562 2042 de
585 1986 808 2054 ratione·
827 2000 942 2044 suae
977 1991 1208 2054 naturae,
1234 1987 1290 2041 in
1327 2001 1392 2044 eo
1422 1985 1603 2042 differt
1632 2001 1719 2042 res
1748 1991 1803 2042 et
1830 1985 1977 2058 quod
2001 1984 2133 2059 quid
2158 1991 2264 2050 est,

173 2133 182 2140 ,
253 2075 378 2132 sive
405 2075 748 2147 suppositum
783 2081 840 2130 et
873 2079 1090 2130 natura.
1120 2075 1259 2130 Nam
1299 2075 1354 2130 in
1394 2073 1793 2144 significatione
1834 2078 2049 2130 naturae
2083 2072 2267 2128 inclu-

253 2163 410 2219 ditur
433 2163 606 2220 solum
636 2162 690 2218 id
717 2163 863 2235 quod
887 2171 969 2219 est
991 2161 1062 2220 de
1083 2162 1296 2220 ratione
1319 2163 1522 2234 speciei
1546 2163 1919 2235 :suppositum
1943 2167 2127 2218 autem
2156 2175 2267 2218 non

253 2251 438 2310 solum
467 2247 642 2308 'habet
678 2250 798 2308 haec
833 2267 958 2323 quae
993 2251 1062 2307 ad
1097 2251 1364 2308 rationem
1406 2251 1608 2324 speciei
1639 2251 1933 2325 pertinent,
1961 2250 2057 2306 sed
2096 2250 2263 2308 etiam

252 2341 369 2398 alia
409 2355 538 2414 quae
578 2340 626 2395 ei
665 2339 954 2406 accidunt;
986 2349 1043 2396 et
1069 2339 1192 2396 ideo
1239 2339 1581 2412 suppositum
1627 2340 1875 2410 signatur
1923 2355 2023 2412 per
2066 2343 2261 2406 totum,

251 2437 460 2486 natura
486 2435 688 2494 autem,
719 2428 836 2484 sive
861 2427 1160 2500 quidditas‚
1189 2433 1250 2484 ut
1274 2441 1400 2500 pars
1423 2425 1686 2483 formalis.
1714 2427 1774 2484 In
1798 2426 1913 2482 solo
1939 2433 2123 2482 autem
2154 2427 2266 2480 Deo

251 2533 369 2576 non
397 2517 674 2574 invenitur
707 2516 928 2589 aliquod
955 2517 1210 2574 accidens
1237 2522 1437 2588 praeter
1461 2516 1579 2587 ejus
1605 2515 1917 2581 essentiam,
1946 2514 2074 2588 quia
2102 2528 2264 2570 suum

253 2623 380 2663 esse
403 2615 491 2662 est
519 2622 618 2662 sua
643 2605 898 2672 essentia,
927 2614 987 2662 ut
1025 2605 1234 2660 dictum
1261 2612 1380 2672 est;
1412 2611 1467 2660 et
1510 2603 1634 2660 ideo
1680 2603 1734 2659 in
1771 2603 1886 2660 Deo
1926 2609 2010 2658 est
2042 2602 2263 2659 omnino

250 2695 405 2752 idem
451 2695 793 2768 suppositum
841 2701 896 2751 et
943 2701 1160 2750 natura.
1193 2693 1252 2748 ln
1294 2691 1501 2764 Angelo
1547 2696 1731 2748 autem
1772 2706 1879 2747 non
1916 2697 2001 2747 est
2044 2690 2263 2746 omnino

251 2785 406 2842 idem
438 2803 450 2840 :
484 2783 615 2857 quia
643 2783 847 2856 aliquid
875 2782 1078 2840 accidit
1101 2783 1150 2836 ei
1185 2789 1386 2854 praeter
1416 2780 1468 2836 id
1499 2779 1643 2853 quod
1668 2785 1753 2838 est
1794 2779 1863 2836 de
1896 2779 2107 2836 ratione
2148 2793 2265 2838 suoe

249 2875 458 2947 speciei
491 2892 503 2928 :
537 2873 665 2946 quia
695 2880 752 2930 et
778 2873 955 2950 ipsum
979 2886 1100 2928 esse
1135 2871 1328 2944 Angeli
1351 2877 1437 2928 est
1465 2878 1665 2944 praeter
1695 2871 1815 2944 ejus
1841 2870 2137 2928 essentiam
2164 2884 2265 2926 seu

247 2972 549 3029 naturam;
575 2971 631 3018 et
659 2961 767 3017 alia
796 2961 1050 3034 quaedam
1075 2960 1124 3015 ei
1166 2960 1423 3018 accidunt
1460 2975 1585 3033 quae
1619 2959 1839 3018 omnino
1876 2958 2151 3030 pertinent
2192 2955 2263 3014 ad

247 3053 622 3124 suppositum,
654 3065 759 3106 non
783 3058 967 3106 autem
997 3048 1065 3106 ad
1086 3056 1360 3106 naturam.
2000 3067 2003 3072 ·

321 3140 412 3196 Ad
442 3139 678 3212 primum
712 3155 840 3209 ergo
870 3137 1178 3204 dicendum,
1213 3137 1357 3210 quod
1387 3152 1495 3193 non
1540 3137 1717 3196 solum
1759 3138 1811 3194 in
1850 3134 2167 3210 compositis
2196 3151 2264 3191 ex

247 3229 490 3284 materia
527 3236 584 3283 et
619 3227 793 3283 forma
836 3226 1111 3283 invenitur
1153 3224 1374 3300 aliquod
1412 3226 1668 3282 accidens
1717 3231 1919 3299 praeter
1962 3225 2261 3282 essentiam

243 3318 431 3390 ipsius
479 3316 703 3388 speciei,
751 3315 849 3372 sed
898 3315 1065 3370 etiam
1109 3315 1164 3370 in
1209 3313 1531 3372 substantiis
1565 3315 1943 3388 spiritualibus
1984 3329 2109 3386 quae
2154 3327 2262 3370 non

242 3411 659 3478 componuntur
686 3420 753 3460 ex
783 3403 1009 3460 materia
1031 3408 1088 3458 et
1115 3403 1392 3473 forma3et
1416 3404 1540 3460 ideo
1563 3404 1617 3459 in
1647 3404 1895 3476 utrisque
1918 3403 2263 3476 suppositum

241 3511 358 3552 non
393 3504 480 3550 est
505 3494 724 3552 omnino
754 3493 899 3549 idem
926 3493 1070 3565 quod
1101 3492 1219 3565 ipsa
1247 3500 1465 3550 natura.
1496 3494 1613 3550 Hoc
1654 3499 1834 3549 tamen
1877 3500 1961 3550 est
2003 3491 2162 3548 aliter
2204 3499 2263 3548 et

243 3585 425 3640 aliter
448 3583 498 3638 in
529 3583 797 3654 utrisque.
825 3581 1128 3654 Dupliciter
1155 3587 1338 3638 autem
1367 3581 1573 3654 aliquid
1598 3582 1864 3656 accipitur
1905 3586 1965 3636 ut
2008 3579 2262 3636 accidens

239 3680 462 3746 praeter
485 3671 752 3728 rationem
783 3669 882 3726 rei.
915 3671 1029 3726 Uno
1054 3669 1213 3726 modo
1244 3669 1374 3741 quia
1398 3686 1503 3726 non
1540 3671 1689 3728 cadit
1721 3671 1774 3727 in
1819 3668 2132 3726 definitione
2178 3667 2262 3722 si-

237 3762 556 3834 gnificante
591 3760 885 3817 essentiam
922 3759 1020 3825 rei,
1047 3759 1142 3814 sed
1174 3765 1357 3816 tamen
1393 3765 1477 3814 est
1511 3759 1909 3830 designativum
1945 3756 2030 3812 vel
2074 3756 2264 3812 deter-

235 3849 585 3910 minativum
637 3849 867 3921 alicujus
916 3848 1286 3908 essentialium
1343 3849 1759 3922 principiorum;
1807 3846 1949 3900 sicut
1994 3843 2267 3900 rationale

235 3939 470 4004 accidit
489 3938 934 4014 animali,utpote
955 3943 1154 4014 praeter
1181 3937 1551 4002 definitionem
1578 3939 1695 4016 ejus
1712 3934 1971 4003 existens,
2000 3939 2055 3997 et
2080 3938 2265 3996 tamen
