2800 4492
775 323 892 393 x11.‘
920 359 1000 376 —-
1029 345 1455 395 eunomus-rum
1502 347 1777 392 'rennuit
2160 334 2283 396 243

263 459 356 516 lex
375 459 690 518 intellectus
717 460 908 529 nostri,
934 477 1060 535 quae
1079 467 1162 517 est
1190 460 1276 516 lex
1301 467 1531 518 naturas.
1556 462 1665 518 Sed
1691 460 1777 516 lex
1806 461 2073 520 naturahs
2098 478 2283 520 errare

265 565 374 606 non
400 557 610 622 potest.
639 550 782 622 Ergo
809 566 911 606 nec
939 548 1483 607 conscientia..

337 641 390 694 2.
421 637 718 706 Praeterea,
751 636 982 694 Basilius
1009 637 1163 704 dicit,
1196 636 1339 710 quod
1370 637 1705 712 conscientia
1735 643 1819 694 εει
1856 603 2105 700 naturale
2127 638 2285 710 judi-

268 725 558 780 catorium.
589 725 700 782 Sed
725 726 974 783 naturale
1005 725 1400 798 judicatorium
1430 741 1537 784 non
1566 734 1747 800 potest
1789 743 1991 794 errare,
2028 732 2090 785 ut
2126 729 2282 800 pate':

271 812 328 868 in
353 814 543 885 primis
573 814 852 886 principiis
883 815 1479 883 indemonstrabilibus,
1519 815 1589 876 de
1626 814 1824 888 quibus
1859 815 2020 873 homo
2050 825 2285 872 natura-

272 901 394 956 liter
415 902 650 974 judicat.
676 903 818 974 Ergo
843 903 1179 960 conscientia
1209 919 1323 964 non.
1341 909 1523 975 potest
1552 915 1758 963 errare.

339 991 442 1046 Sed
481 1000 678 1048 contra
715 997 801 1048 est
843 993 986 1064 quod
1036 992 1300 1049 Dominus
1347 992 1482 1048 dicit
1528 993 1685 1060 Joan,
1734 1009 1856 1060 xvi,
1886 997 1956 1060 ·2,
1998 992 2283 1065 discipulis

272 1077 499 1150 loquens
531 1097 543 1134 ε
591 1081 745 1138 Venit
786 1081 922 1136 hora
958 1087 1020 1136 ut
1055 1081 1229 1137 omnis
1271 1081 1362 1152 qui
1390 1080 1724 1154 interfecerit
1763 1097 1873 1146 υοε,
1904 1081 2207 1138 arbitretur
2227 1099 2283 1138 se

271 1167 567 1240 obsequium
590 1176 853 1242 praestare
877 1171 1005 1226 Dee.
1037 1170 1144 1226 Sed
1174 1171 1277 1226 hoc
1300 1185 1407 1226 non
1439 1178 1521 1226 est
1552 1170 1655 1227 nisi
1682 1170 2013 1227 conscientia
2040 1178 2279 1228 errante.

271 1257 410 1328 Ergo
439 1259 776 1315 conscientia
807 1265 987 1334 potest
1016 1275 1219 1316 errare.

337 1347 663 1419 Respondeo
715 1347 1004 1405 dicendum
1062 1349 1207 1421 quod
1255 1349 1624 1415 conscientia,
1669 1349 1814 1406 sicut
1859 1349 2037 1422 ipsum
2084 1367 2283 1407 nomen

272 1442 446 1507 sonat,
491 1436 751 1509 importat
789 1437 1228 1510 applicationem.
1251 1438 1509 1494 scientiae.
1542 1437 1627 1493 vel
1677 1439 1890 1496 notitiae
1916 1438 2170 1498 humanae
2209 1440 2283 1496 ad

273 1524 508 1596 aliquem
553 1525 832 1598 proprium
870 1523 1073 1581 actu'm.
1121 1526 1350 1584 Omnem
1391 1532 1576 1582 autem
1619 1526 1872 1582 notitiam
1918 1542 2085 1598 quam
2119 1527 2283 1584 homo

272 1613 452 1681 habet,
485 1621 669 1687 potest
713 1615 780 1670 ad
831 1629 987 1683 suum
1015 1621 1210 1672 ‘actum
1237 1614 1548 1687 applicare;
1595 1616 1711 1670 sive
1739 1616 2080 1682 memoriam,
2122 1623 2283 1688 prout

271 1701 429 1758 homo
469 1703 673 1759 dicitur
708 1703 1328 1760 habere-conscientiam
1351 1703 1753 1760 testificantem
1780 1703 1927 1776 quod
1957 1702 2147 1760 fecerit
2176 1704 2283 1760 ali-

271 1791 400 1864 quid
431 1791 518 1847 vel
545 1793 866 1860 nonifecerit
901 1811 918 1848 ε
945 1793 1254 1866 sive‘etiam
1283 1793 1569 1848 scientiam
1597 1791 2076 1850 universalemvel
2106 1795 2285 1866 parti-

269 1881 530 1948 cularem,
575 1897 672 1954 per
708 1897 877 1955 quam
916 1883 1076 1938 h‘omo
1119 1888 1299 1954 potest
1346 1895 1675 1953 cognoscere
1720 1887 1903 1938 utrum
1943 1881 2155 1954 aliquid
2210 1882 2283 1940 sit

270 1969 582 2025 faciendum
621 1969 708 2028 vel
751 1987 857 2026 non
887 1970 1230 2038 faciendum;
1275 1976 1330 2026 et
1357 1971 1655 2026 secundum
1690 1970 1801 2028 hoc
1819 1971 2155 2028 conscientIa
2190 1971 2282 2028 di-

270 2059 410 2114 citur
455 2075 651 2132 urgere
687 2059 770 2124 vel
805 2060 1088 2132 impedire.
1135 2049 1481 2116 Manifestum
1518 2066 1603 2116 est
1641 2065 1845 2126 autern,
1878 2060 2023 2133 quod
2053 2060 2099 2114 si
2130 2060 2283 2116 acci-

268 2149 754 2222 piamusdiversas
783 2148 1017 2204 hominis
1053 2149 1412 2220 cognitiones,
1444 2147 1723 2220 in1aliqua.
1746 2154 1926 2219 potest
1950 2164 2069 2204 esse
2107 2165 2278 2217 error,

269 2244 323 2292 et
350 2239 405 2292 in
450 2237 636 2310 aliqua
679 2252 804 2292 non.
846 2239 906 2292 In
946 2237 1140 2310 primis
1177 2239 1318 2292 enim
1347 2237 1632 2310 principiis
1668 2236 1995 2294 naturaliter
2022 2239 2276 2308 cognitis,

269 2327 382 2382 sive
417 2327 531 2382 sint
577 2326 1076 2399 speculativa-sive
1109 2328 1245 2381 sint
1275 2327 1578 2398 operativa,
1620 2314 1823 2380 nullus'
1846 2333 2024 2396 potest
2065 2342 2280 2393 errar03

267 2416 412 2470 sicut
441 2415 498 2470 in
529 2415 632 2470 hoc
663 2433 676 2469 ε
711 2415 1082 2471 Omne-totum
1113 2421 1198 2470 est
1235 2416 1413 2486 majus
1444 2429 1551 2470 sua„
1568 2419 1743 2486 parte,
1772 2413 1858 2468 vel
1892 2431 1904 2467 :
1941 2413 2091 2490 Nulli
2135 2415 2282 2484 inju-

267 2505 405 2560 riam
433 2520 554 2560 esse
589 2503 914 2564 faciendam.
942 2505 1000 2558 In
1031 2503 1657 2572 animantemhumanis
1678 2501 2079 2572 cognitionibus
2106 2503 2283 2572 magis

266 2593 708 2666 particularibuS‚
747 2592 861 2648 sive
890 2593 1200 2664 pertineant
1228 2592 1294 2649 ad
1319 2599 1539 2664 par-tem
1567 2591 1906 2658 sensitivam,
1940 2591 2055 2648 sive
2082 2591 2152 2647 ad
2186 2605 2282 2646 ra·

267 2682 472 2737 tionem
519 2681 1024 2754 inferiorem‚:quae
1067 2680 1376 2738 considerat
1416 2681 1679 2747 humana,
1733 2680 1851 2736 sive
1901 2681 1968 2738 ad
2012 2679 2283 2736 rationem

247 2772 623 2844 ,superior-em,
643 2785 779 2843 .quae
806 2771 1118 2834 considerat
1140 2769 1355 2839 divina3
1383 2777 1567 2843 potest
1594 2770 1973 2843 multipliciter
2002 2785 2153 2826 error
2182 2785 2282 2826 ac-

267 2860 471 2936 cidere.
499 2859 842 2916 Manifestum
871 2863 960 2915 est
989 2865 1172 2914 autem
1197 2858 1345 2932 quod
1371 2859 1427 2914 in
1456 2859 1821 2931 applicatione
1860 2859 2161 2914 multarum
2180 2873 2282 2914 co·

267 2949 574 3020 gnitionum
629 2949 697 3004 ad
750 2955 934 3004 actum
984 2949 1232 3021 provenit
1279 2963 1451 3016 error,
1504 2948 2279 3021 quascumque-cognitionum

267 3037 432 3093 fuerit
460 3051 716 3106 erronea;
767 3037 910 3092 sicut
956 3043 1105 3108 patet
1149 3037 1292 3109 quod
1323 3037 1535 3092 falsitas
1583 3035 1783 3090 accidit
1812 3036 1867 3090 in
1909 3035 2277 3101 conclusione,

268 3140 630 3198 quaecumque
649 3127 1053 3198 praemissarum
1079 3125 1240 3180 fuerit
1269 3124 1427 3182 falsa.
1450 3126 1539 3181 Sic
1560 3139 1708 3194 erg0,
1732 3123 1859 3179 licet
1888 3124 1941 3179 in
1967 3123 2281 3194 cognitione

269 3215 569 3285 primorum
591 3214 978 3286 principiorum
1007 3215 1146 3286 juris
1175 3213 1443 3269 naturalis
1475 3227 1584 3267 non
1608 3213 1681 3267 sit
1704 3224 1875 3278 error,
1896 3221 2119 3278 ¹tamen,
2145 3211 2281 3284 quia

267 3303 324 3358 in
351 3302 474 3358 aliis
521 3303 1226 3374 principiisjurishumani
1272 3301 1355 3356 vel
1400 3300 1569 3356 divini
1612 3307 1794 3373 potest
1826 3317 1975 3356 error
2005 3301 2275 3366 accidere,

267 3391 390 3446 ideo
418 3391 768 3446 conscientia.
796 3391 1029 3445 hominis
1052 3407 1238 3446 errare
1266 3396 1483 3462 potest3
1515 3389 1657 3444 sicut
1686 3395 1841 3462 patet
1869 3388 2013 3463 quod
2051 3387 2281 3444 haereti-

268 3496 381 3546 cus,
409 3481 502 3554 qui
526 3479 691 3536 habet
719 3480 1108 3536 conscientiam
1134 3495 1423 3552 nunquam:
1433 3479 1677 3550 jurandi,
1701 3478 1865 3534 habet
1885 3477 2278 3534 conscientiam

267 3583 570 3636 erroneam,
602 3576 825 3641 propter
851 3569 956 3632 hoc
979 3568 1124 3641 quod
1153 3569 1327 3624 credit
1357 3584 1517 3624 omne
1534 3570 1907 3640 juramentum
1936 3581 2055 3621 esse
2084 3572 2279 3621 contra

267 3664 601 3731 praeceptum
636 3657 768 3725 Dei;
810 3656 936 3714 licet
971 3657 1033 3712 in
1071 3657 1174 3712 hoc
1211 3673 1318 3718 non
1343 3660 1494 3712 erret
1528 3655 1672 3745 quod
1714 3656 1955 3712 aestimat
1994 3652 2130 3710 nihil
2158 3667 2279 3708 esse

266 3746 580 3802 faciendum
604 3751 797 3802 contra
823 3753 1156 3820 praeceptum
1185 3746 1449 3802 divinum.
1688 3791 1698 3798 .

337 3836 419 3891 Ad
450 3835 689 3908 primum
718 3849 848 3906 ergo
867 3835 1178 3902 dicendum,
1211 3834 1354 3907 quod
1386 3830 1653 3906 priucipla
1682 3787 2033 3904 particularia
2072 3828 2276 3887 habent

269 3924 530 3994 virtutem
575 3923 934 3997 concludendi
979 3941 1044 3982 ex
1089 3924 1282 3995 primis
1321 3921 1628 4010 principiis
1648 3917 2077 4000 universalibus·
2134 3918 2277 3994 unde
