2800 4492
752 340 866 425 in.
891 394 972 413 --
999 377 1432 430 ouonuenrum
1480 347 1757 426 manum
2139 363 2261 426 229

246 512 325 553 vn
337 494 699 552 Moral.Zelus
715 495 882 552 etiam
895 495 1199 553 animarum
1215 501 1298 552 est
1318 495 1648 554 sacrificium
1664 497 1775 553 Deo
1792 497 2254 570 acceptissimum,

247 586 288 640 si
314 591 504 641 tamen
526 581 777 641 ordinate
805 585 935 654 fiat3
961 593 1020 641 ut
1049 584 1259 641 scilicet
1284 585 1462 657 primo
1485 585 1646 641 homo
1664 584 1862 643 habeat
1886 600 2075 642 curam
2102 587 2259 644 salu-

249 671 314 729 tis
343 689 478 740 suae,
513 681 570 729 et
600 664 947 746 postmodum
978 672 1242 741 aliorum3
1274 672 1517 748 alioquin
1545 672 1678 729 nihil
1706 674 1927 746 prodest
1952 673 2177 742 homini,
2208 675 2259 732 si

249 763 564 820 universum
591 763 854 818 mundum
887 762 1145 832 lucretur,
1183 762 1380 819 animae
1411 777 1543 818 vero
1584 777 1697 819 suae
1739 761 2125 818 detrimentum
2155 779 2259 836 pa-

171 856 178 860 ·
249 853 434 919 tiator,
467 859 532 907 ut
557 850 762 906 dicitur
789 850 1030 906 Matthaei
1056 866 1178 907 xvi.
1211 849 1333 906 Alio
1358 850 1519 906 modo
1548 857 1731 922 potest
1760 866 1897 924 opus
1922 851 2074 926 operi
2101 867 2258 908 com-

250 940 425 1014 parari
464 940 523 995 in
563 939 708 995 bono
738 938 822 996 vel
867 940 922 994 in
966 938 1108 994 malo
1138 954 1245 996 non
1287 939 1588 995 secundum
1615 955 1694 1006 se,
1738 940 1922 996 sedin
1963 942 2156 996 ordine
2184 942 2254 997 ad

249 1029 411 1084 alium
443 1034 668 1096 actum3
707 1027 848 1083 sicut
877 1027 1214 1084 'abstinentia
1243 1027 1531 1101 praefertur
1559 1028 1854 1101 sumptioni
1882 1029 1990 1085 cibi
2023 1047 2039 1084 ε
2072 1036 2254 1086 tamen

249 1132 527 1173 assumere
563 1115 752 1171 cibum
778 1131 902 1172 cum
933 1115 1116 1189 aliquo
1156 1125 1377 1188 propter
1418 1115 1707 1172 caritatem
1743 1116 2033 1190 praefertur
2078 1118 2257 1174 absti-

247 1206 478 1275 nentiae3
509 1212 563 1261 et
589 1205 642 1258 in
671 1203 813 1260 malo
837 1203 1166 1260 adulterium
1197 1203 1486 1276 praefertur
1509 1203 1689 1270 surto;
1725 1212 1904 1260 tamen
1935 1204 2104 1262 furari
2134 1205 2257 1278 gla-

247 1295 392 1350 dium
427 1293 500 1349 ad
526 1293 906 1358 occidendum,
939 1300 1020 1348 est
1055 1293 1276 1373 gravius
1306 1307 1473 1365 quam
1512 1292 1863 1350 adulterium.
1894 1294 2081 1352 Tertio
2108 1311 2255 1367 prae·

249 1381 414 1438 fertur
438 1397 581 1454 opus
623 1380 773 1454 operi
803 1379 857 1436 in
898 1379 1038 1436 bono
1068 1379 1153 1436 vel
1193 1379 1335 1437 malo
1366 1397 1434 1436 ex
1463 1385 1743 1438 voluntate
1790 1381 2063 1440 facientis.
2096 1384 2253 1456 Quod

248 1473 384 1526 enim
416 1466 742 1544 ¹promptiori
771 1468 1054 1525 voluntate
1092 1469 1172 1538 fit,
1199 1468 1396 1525 melius
1417 1470 1504 1527 vel
1534 1472 1689 1543 pejus
1706 1471 2008 1544 judicatur.
2038 1473 2093 1530 Si
2122 1489 2252 1544 ergo

247 1574 624 1632 comparemus
654 1573 817 1629 opera
837 1557 1053 1629 plebani
1080 1557 1163 1612 vel
1193 1557 1564 1614 archidiaconi
1592 1559 1847 1631 operibus
1876 1559 2252 1632 religiosorum

251 1650 406 1706 tertio
434 1648 599 1705 modo
623 1646 1064 1718 comparationiS,
1093 1645 1178 1702 vel
1207 1647 1509 1702 secundum
1538 1647 2023 1720 promptitudinem
2053 1647 2251 1705 volun-

250 1739 409 1806 tatis;
455 1745 590 1793 tunc
629 1735 898 1790 incertum
936 1734 1207 1807 judicium
1235 1741 1353 1804 est3
1394 1735 1524 1807 quia
1553 1733 1644 1790 ille
1695 1737 1788 1809 qui
1823 1753 1891 1792 ex
1936 1736 2251 1795 ferventiori

249 1828 476 1884 caritate
519 1832 795 1896 operatur,
827 1838 994 1895 opera
1022 1823 1198 1894 magis
1233 1823 1516 1880 meritoria
1549 1823 1743 1880 habet..
1777 1825 1832 1881 Si
1862 1839 1993 1882 vero
2023 1841 2249 1898 compa-

248 1921 432 1972 rentur
450 1911 691 1970 secunda
716 1911 1121 1984 comparatione
1148 1928 1244 1984 per
1267 1911 1515 1966 ordinem
1540 1914 1606 1971 ad
1646 1913 1866 1986 aliquod
1895 1913 2043 1971 aliud
2084 1930 2247 1988 opus;

248 2006 322 2060 sic
366 2019 534 2077 opera
578 2000 816 2075 religiosi
866 2006 991 2054 sunt
1039 1999 1539 2072 incomparabiliter
1586 2003 1941 2060 eminentiora
1992 2003 2245 2078 operibus

248 2090 612 2149 archidiaconi
650 2089 738 2163 vel
764 2087 1003 2161 plebani.
1032 2088 1110 2144 Ea
1139 2088 1283 2144 enim
1327 2105 1453 2162 quae
1490 2089 1728 2160 religiosi
1772 2097 1959 2163 agunt,
1998 2092 2067 2147 ad
2098 2092 2245 2147 illam

248 2182 484 2238 radicem
513 2178 823 2236 referuntur
851 2193 959 2250 qua
988 2183 1160 2234 totam
1185 2176 1357 2234 vitam
1378 2194 1531 2234 suam
1562 2179 1676 2234 Deo
1704 2177 2062 2237 devoverunt.
2098 2182 2249 2238 Unde

247 2287 347 2326 non
387 2277 473 2325 est
512 2267 851 2341 pensandum
893 2265 1024 2338 quid
1075 2266 1300 2337 faciant,
1345 2267 1443 2322 sed
1488 2267 1662 2338 magis
1707 2268 1852 2340 quod
1882 2268 1950 2325 ad
1990 2270 2245 2342 quaelibet

245 2356 491 2413 sacieuda
521 2372 579 2411 se
603 2355 973 2420 devoverunt3
1006 2358 1061 2408 ct
1091 2353 1171 2408 sic
1200 2354 1603 2425 quodammodo
1636 2363 2026 2427 comparantur
2051 2358 2120 2413 ad
2152 2373 2246 2414 eos

245 2447 334 2520 qui
364 2444 586 2518 aliquod
613 2443 884 2514 singulare
909 2441 1113 2497 bonum
1137 2458 1272 2515 opus
1295 2442 1527 2512 faciunt,
1554 2442 1697 2498 sicut
1720 2443 1991 2499 infinitum
2021 2445 2089 2500 ad
2117 2446 2245 2502 fini-

246 2544 379 2592 tum.
406 2533 510 2604 Qui
541 2533 685 2587 enim
714 2531 810 2587 dat
833 2547 892 2586 se
934 2530 1097 2586 alicui
1137 2528 1207 2585 ad
1252 2529 1564 2586 faciendum
1604 2533 1787 2588 omnia
1816 2547 1939 2605 quae
1982 2532 2158 2605 jubet,
2186 2534 2240 2588 in

245 2625 515 2681 infinitum
541 2620 714 2690 magis
741 2636 800 2676 se
828 2619 924 2676 dat
953 2620 1004 2674 ei
1027 2634 1194 2691 quam
1219 2618 1312 2673 ille
1339 2619 1433 2691 qui
1460 2619 1557 2675 dat
1580 2635 1639 2676 se
1678 2620 1728 2676 ei
1754 2619 1824 2676 ad
1864 2620 2085 2694 aliquod
2109 2637 2247 2696 opus

246 2711 570 2769 faciendum.
591 2709 763 2774 Unde,
797 2706 1078 2780 supposito
1102 2707 1248 2780 quod
1269 2707 1556 2778 religiosus
1582 2709 1885 2766 secundum
1912 2711 2243 2782 exigentiam

244 2817 354 2857 suae
381 2797 660 2870 religionis
682 2796 849 2852 faciat
887 2795 1108 2868 aliquod
1138 2812 1274 2868 opus
1303 2797 1448 2868 quod
1474 2798 1547 2853 sit
1575 2813 1804 2870 parvum
1832 2799 2131 2856 secundum
2157 2816 2238 2867 se,

149 2877 155 2884 ’
245 2896 426 2946 tamen
450 2886 644 2958 recipit
680 2900 933 2956 magnam
959 2883 1319 2941 intensionem
1347 2901 1417 2941 ex
1444 2887 1635 2942 ordine
1663 2887 1730 2944 ad
1763 2886 1992 2960 primam
2028 2888 2243 2962 obliga-

268 2975 444 3035 io‘nem
471 2991 578 3049 qua
612 2989 670 3029 se
701 2980 874 3030 toturn
914 2973 1029 3030 Deo
1058 2973 1229 3030 vovit.
1258 2975 1313 3031 Si
1345 2991 1475 3032 vero
1512 2985 1897 3047 comparentur
1935 2977 2052 3050 ipsa
2076 2993 2244 3050 opera

245 3067 540 3124 secuudum
581 3079 673 3128 se,
722 3061 1020 3118 secundum
1069 3063 1304 3134 primum
1362 3063 1585 3120 modum
1644 3065 2105 3136 comparationis;
2164 3068 2245 3124 sic

245 3157 425 3228 aliqua
469 3149 824 3226 particularia
861 3165 1024 3222 opera
1062 3166 1188 3223 quae.
1231 3149 1449 3223 plebani
1494 3151 1700 3207 faciunt
1729 3151 1816 3208 vel
1850 3152 2241 3226 archidiaconi,

245 3250 367 3301 sunt
410 3242 618 3313 majora
656 3237 929 3312 aliquibus
971 3239 1394 3311 particularibus
1437 3229 1847 3313 operibusquae
1875 3241 2117 3314 religiosi
2155 3243 2244 3302 fa-

244 3335 423 3400 ciunt;
450 3331 595 3386 sicut
614 3328 790 3399 majus
817 3333 900 3382 est
929 3325 1209 3384 intendere
1247 3327 1413 3383 saluti
1446 3327 1751 3385 animarum
1781 3345 1946 3404 quam
1968 3332 2239 3404 jejunare,

242 3420 322 3476 vel
351 3417 628 3475 silentium
655 3424 860 3483 tenere,
882 3414 969 3470 vel
1000 3414 1184 3488 aliqua
1209 3415 1539 3488 hujusmodi.
1556 3416 1613 3473 Si
1640 3421 1821 3474 tamen
1852 3420 2034 3476 omnia
2061 3423 2244 3477 omni-

242 3510 338 3566 bus
389 3510 795 3578 comparentur,
845 3503 1016 3560 multo
1051 3505 1260 3578 majora
1301 3511 1429 3561 sunt
1475 3513 1639 3577 opera
1678 3506 2074 3579 religiosorum.
2124 3509 2242 3564 Etsi

243 3599 382 3654 enim
413 3610 708 3671 procurare
736 3591 969 3649 salutem
1016 3593 1247 3649 aliorum
1283 3593 1356 3650 sit
1386 3595 1563 3667 majus
1608 3611 1773 3668 quam
1815 3595 2241 3652 intendereasibi

241 3686 358 3752 soli,
387 3683 658 3758 loquendo
690 3682 746 3737 in
778 3696 1014 3752 genere;
1049 3688 1230 3738 tamen
1263 3696 1371 3737 nou
1400 3697 1746 3755 quocumque
1774 3683 1935 3739 modo
1959 3683 2242 3740 intendere

241 3773 400 3832 saluti
428 3773 661 3829 aliorum
687 3769 977 3844 praefertur
1013 3770 1063 3825 ei
1093 3768 1240 3842 quod
1277 3775 1360 3826 est
1385 3785 1730 3842 quocumque
1758 3769 1921 3825 modo
1956 3770 2240 3828 intendere

241 3879 350 3920 suae
374 3861 562 3919 saluti.
589 3859 644 3916 Si
689 3859 832 3915 enim
875 3858 1074 3932 aliquis
1103 3857 1346 3914 totaliter
1374 3863 1433 3913 et
1470 3845 1711 3932 perfecte
1741 3847 1975 3914 intendit
2004 3874 2119 3917 suae
2143 3877 2241 3919 sa-

241 3950 358 4020 luti,
403 3948 580 4007 multo
620 3949 910 4019 maJus-est
951 3961 1117 4020 quam
1158 3946 1205 4002 si
1235 3945 1435 4019 aliquis
1478 3945 1652 4004 multa
1683 3945 2039 4022 particularia
2074 3964 2241 4025 opera
