2800 4492
273 269 382 293 ffi‘b·

767 333 879 382 xn.
909 349 988 366 —
1015 332 1440 386 euenum-,run
1490 335 1733 381 snx'ruu
2129 319 2245 382 349

971 562 1366 642 QUAESTIO
1381 549 1396 560 ’
1414 563 1527 631 IV.

309 719 528 780 Deinde
553 719 846 796 quaesitum
887 727 973 777 est
1009 721 1078 776 de
1102 717 1399 778 virtutibus
1427 738 1441 776 ε
1474 726 1530 776 et
1564 722 1625 776 1⁰
1662 727 1927 794 quantum
1956 721 2023 779 ed
2055 720 2245 792 fldem,

237 820 428 868 utrum
455 809 668 868 scilicet
695 809 966 866 certitudo
995 809 1322 867 edhaesionis
1349 826 1473 885 quae
1502 817 1585 867 est
1614 810 1667 865 in
1688 810 1965 877 haeretico,
1988 813 2073 868 vel
2106 813 2247 869 malo

237 900 536 967 catholice,
571 899 644 956 sit
677 907 833 956 ectus
869 898 1039 971 ipsius
1069 898 1192 956 fidei
1224 900 1476 968 virtutis;
1515 904 1578 958 2⁰
1611 899 1679 954 de
1708 900 2032 972 quibusdam
2076 903 2248 974 pei-ti-

240 989 502 1046 uentibus
533 989 604 1044 ad
633 987 967 1060 religionem,
1008 987 1124 1044 sive
1153 987 1221 1043 ad
1251 986 1502 1058 latriam3
1534 991 1595 1054 3⁰
1626 988 1691 1046 de
1720 989 2044 1061 quibusdam
2072 990 2247 1063 perti-

239 1078 500 1136 nentibus
527 1075 595 1134 ad
623 1078 931 1160 caritatem.

939 1254 1397 1331 AR'rmULUS
1439 1252 1550 1315 Ἦ.

253 1387 476 1454 Utrum
507 1385 802 1456 certitudo
831 1385 1188 1450 adltaesionis
1215 1386 1281 1448 in
1309 1385 1592 1472 laceretico
1621 1385 1715 1450 'vel
1756 1387 1912 1450 malo
1952 1388 2241 1452 catholico

871 1477 956 1538 sic
977 1481 1152 1538 actus
1175 1475 1322 1554 fidei
1347 1475 1629 1538 virtutis.-

263 1643 268 1648 ·
307 1611 396 1669 Ari
417 1611 654 1684 primurn
682 1610 762 1666 sic
791 1608 1120 1682 proceditur»
1162 1610 1216 1664 ⁴.
1248 1607 1475 1664 Videtur
1500 1608 1645 1681 -quod
1677 1608 1949 1666 certitudo
1978 1609 2247 1667 adhaesio-

241 1699 326 1754 nis
373 1698 430 1753 in
479 1697 737 1754 haeretico
771 1694 857 1750 vel
888 1695 1028 1750 malo
1073 1695 1341 1750 catholico
1369 1695 1442 1750 sit
1486 1706 1641 1752 actus
1682 1696 1807 1752 fidei
1840 1696 2075 1752 virtutis.
2108 1696 2245 1766 Quia

241 1769 545 1842 secundem
590 1784 968 1857 philosophum
1007 1785 1055 1839 11
1081 1783 1282 1850 Euhie„
1328 1783 1431 1839 iria
1480 1794 1605 1841 suni
1648 1787 1703 1838 in
1730 1785 1933 1851 anima,
1980 1785 2241 1857 potentia,

241 1876 446 1946 passio,
493 1882 549 1928 et
575 1873 810 1930 habitus».
835 1874 939 1930 Sed
971 1872 1062 1929 illa
1089 1871 1362 1930 certitudo
1391 1872 1719 1930 adhaesionis
1742 1889 1850 1930 non
1875 1880 2055 1945 potest
2084 1874 2245 1929 attri-

241 1964 333 2020 hni
367 1963 654 2036 potentiae,
681 1962 811 2034 quia
840 1970 924 2016 est
947 1960 1223 2016 meritoria
1254 1960 1337 2016 vel
1366 1961 1745 2030 demet-iterim
1773 1963 2034 2035 potentiis
2063 1973 2245 2018 autem

239 2067 348 2109 non
381 2066 655 2107 meremur
691 2065 868 2122 neque
896 2050 1238 2106 demeremur
1268 2064 1284 2105 z
1314 2049 1567 2106 similiter
1610 2065 1715 2106 non
1757 2058 1937 2122 potest
1978 2053 2247 2123 pertinere

239 2141 310 2198 nd
344 2141 646 2214 passiones,
689 2139 816 2211 quie
849 2141 1128 2210 passiones
1156 2138 1429 2210 pertinent
1462 2137 1529 2192 ed
1573 2139 1875 2210 appetitum
1904 2139 2245 2206 sensitivam,

241 2231 335 2302 qni
366 2243 473 2284 non
497 2234 680 2302 potest
698 2225 916 2283 extendi
936 2226 1004 2281 ad
1035 2225 1138 2282 hoc
1156 2225 1300 2298 quod
1327 2225 1592 2281 inhaereat
1618 2226 1836 2282 veritali
1860 2226 2082 2284 divinae.
2108 2227 2247 2298 Ergo

241 2318 575 2391 relinquitur
617 2315 762 2389 quod
802 2314 1074 2388 pertineat
1115 2316 1181 2370 ad
1220 2312 1459 2386 aliquem
1490 2312 1756 2369 liabitutna
1796 2315 1899 2370 Sed
1937 2315 2153 2371 habitus
2180 2314 2250 2371 ad

241 2422 410 2482 quem
445 2403 983 2477 pertinet'certitudo
1017 2401 1365 2467 adhaesionis,
1400 2408 1485 2457 est
1524 2403 1698 2458 virtus
1729 2401 1878 2459 fidei.
1903 2403 2044 2474 Ergo
2080 2403 2253 2458 certi·

242 2495 382 2553 tudo
425 2493 753 2550 adhaesionis
782 2491 838 2548 in
871 2490 1132 2547 haeretico
1174 2489 1444 2546 vel-malo
1478 2489 1749 2546 catholico
1776 2499 1861 2546 est
1892 2495 2045 2546 actus
2082 2489 2254 2562 ipsius

240 2583 398 2642 fidei.

312 2676 372 2730 2.
399 2672 692 2734 Praeterea,
719 2683 880 2724 omne
903 2666 1050 2740 quod
1075 2665 1188 2738 agit
1217 2665 1287 2722 ad
1312 2666 1728 2724 similitudinem
1757 2667 2004 2741 alicujus,
2034 2669 2251 2726 videtur
2324 2687 2329 2692 ·

243 2777 411 2834 egere
437 2761 490 2814 in
515 2758 720 2815 virtute
744 2757 909 2813 illius.
935 2757 1040 2813 Sed
1085 2755 1376 2814 haereticus
1417 2773 1512 2827 per
1554 2757 1939 2814 certitudinem
1968 2758 2251 2816 adhaerens

241 2849 334 2906 his
353 2863 481 2921 quoe
507 2846 702 2914 credit,
726 2845 840 2917 agit
863 2844 1162 2902 secundum
1187 2843 1599 2901 similitudinem
1637 2845 1799 2914 fidei·
1831 2845 1919 2906 cui
1961 2847 2018 2902 in
2038 2854 2251 2904 tantum

242 2933 706 2995 certitudinaliter
752 2932 1000 3002 inhaeret,
1044 2934 1098 2988 in
1140 2942 1408 3006 quantum
1452 2949 1529 2990 ωε
1534 2933 1693 2990 timet
1739 2951 1799 2991 se
1846 2944 2050 2992 rectam
2092 2937 2255 2992 fidem

243 3025 471 3084 hebere.
499 3023 642 3095 Ergo
688 3028 945 3095 operatur
990 3022 1048 3077 in
1094 3022 1298 3079 virtute
1335 3023 1496 3092 fldei3
1526 3028 1584 3078 et
1625 3023 1704 3078 ita
1736 3023 1953 3080 videtur
1988 3024 2133 3096 quod
2163 3023 2256 3119 ille

245 3110 526 3168 certitudo
556 3111 741 3166 adbaes
746 3110 884 3166 ionis
907 3110 980 3166 sit
1005 3119 1162 3166 actus
1186 3110 1409 3166 virtutis
1438 3110 1583 3166 fidei.

317 3202 370 3256 3.
405 3199 698 3267 Praeterea,
727 3205 842 3256 tote
867 3197 1100 3254 firmitas
1123 3197 1425 3270 spiritualis
1449 3198 1669 3254 aedilicii
1700 3204 1783 3254 est
1824 3215 1855 3256 a
1902 3198 2026 3264 fide,
2060 3215 2261 3257 secun·-
2338 3212 2343 3216 ’

245 3287 380 3346 dum
407 3287 542 3343 illud
581 3285 776 3344 Matth.
800 3301 905 3353 vn,
935 3288 1004 3344 25
1049 3302 1062 3340 :
1109 3285 1380 3344 Venerunt
1429 3285 1677 3356 flumina,
1702 3288 1973 3358 flaverunt
2016 3290 2180 3356 venti,
2210 3295 2263 3347 et

245 3391 355 3433 non
378 3383 678 3448 potuerunt
703 3390 908 3431 movere
936 3391 1081 3442 enm,
1071 3391 1083 3403 ·
1107 3374 1340 3446 fundata
1364 3373 1508 3430 enim
1548 3382 1667 3431 erat
1703 3393 1869 3448 supra
1908 3377 2126 3449 firmam
2162 3393 2263 3450 pe·

248 3470 420 3530 ivam,
444 3463 660 3521 scilicet
684 3480 849 3537 supra
898 3463 1078 3520 fidem.
1110 3463 1214 3520 Sed
1239 3463 1514 3520 certitudo
1544 3464 1871 3524 edhaesionis
1910 3469 1977 3522 ed
2027 3466 2262 3522 firmita-

249 3558 364 3610 tem
388 3547 729 3625 spirituelem
760 3551 1016 3634 pertinet
1043 3549 1186 3622 Ergo
1213 3558 1298 3606 est
1325 3558 1483 3608 actus
1504 3551 1727 3609 virtutis
1756 3553 1901 3608 fidei.

319 3641 426 3699 Sed
452 3648 666 3709 contra,
698 3640 843 3712 quod
885 3654 992 3695 non
1035 3630 1138 3703 εει,
1167 3654 1274 3695 non
1316 3647 1500 3713 potest
1537 3655 1719 3712 egere.
1750 3641 1855 3696 Sed
1896 3641 1951 3695 in
1998 3639 2257 3698 haeretico

250 3730 337 3787 vel
369 3729 511 3786 melo
541 3729 848 3785 Christiano
879 3743 984 3784 non
1012 3735 1102 3784 est
1124 3729 1301 3786 virtus
1329 3729 1475 3786 fidei
1504 3729 1645 3801 Ergo
1668 3728 1943 3784 certitudo
1988 3728 2261 3786 adhae³io-

253 3819 338 3876 nis
366 3834 474 3875 non
502 3825 684 3892 potest
706 3819 762 3872 in
790 3817 870 3874 eis
897 3825 1202 3882 esseactue
1231 3818 1451 3874 virtutis
1478 3816 1624 3873 fidei.

323 3906 648 3984 Respondeo
694 3906 1006 3977 dicendum,
1046 3904 1194 3980 quod
1235 3907 1280 3962 εἰ
1323 3904 1522 3969 alionis
1565 3903 1803 3980 idquod
1854 3912 1939 3964 est
1975 3920 2259 3967 commune
