2800 4492
789 325 914 370 ,xm
946 340 1026 376 -,-
1053 323 1505 376 Quonmnurtm·
1530 323 1823 378 'turinum-2
2187 305 2320 371 215·

368 435 702 511 Respondeo.
722 438 1034 509 dicendum,
1071 443 1217 515 quod
1245 443 1429 500 dicere
1467 443 1613 516 quod
1642 441 1727 499 illi.
1760 441 1855 516 qui
1880 447 2009 500 voto
2036 441 2121 498 vel
2145 442 2305 516 jura-‚-

297 533 484 582 mente
527 532 654 590 sunt
696 527 921 600 obligati
973 530 1042 587 ad
1091 531 1409 588 intrandum
1462 532 1801 604 religionem,
1851 547 1961 588 non
2012 537 2305 596 teneantur

299 613 524 683 intrare,
555 624 642 677 est
666 617 951 676 manifeste
979 617 1319 680 haereticum.
1341 621 1686 694 Quicumque
1714 619 1859 678 enim
1887 619 2023 676 dicit
2052 635 2159 676 non
2181 634 2305 675 esse

298 713 588 775 peccatum
611 705 668 761 id
683 706 828 779 quod
845 713 928 764 est
949 717 1140 765 contra
1160 716 1497 783 praeceptum
1526 710 1645 780 Dei,
1672 709 1966 768 haereticus
1987 707 2302 780 judicatur:

297 792 465 860 sicut,
489 793 779 868 baereticus
821 796 1164 867 judicaretur
1207 799 1539 871 quicumque
1579 798 1787 854 diceret
1828 796 1974 871 quod
2014 795 2305 854 fornicatio

299 879 624 952 simpliciter-
644 898 762 939 non·
791 885 864 940 sit
900 893 1188 958 peccatum
1217 887 1482 956 mortal03
1514 893 1598 953 est
1634 887 1781 944 enim
1810 892 1999 942 contra
2025 884 2129 941 hoc
2158 900 2306 958 prae-

300 977 520 1041 ceptum
543 970 703 1030 :Non
727 973 1085 1040 moechaberis,
1116 981 1178 1032 ut
1198 976 1383 1032 Sancti
1408 981 1708 1049 exponunt.
1738 976 1877 1032 Sunt
1901 984 2087 1032 autem
2116 973 2303 1032 excel-

299 1057 532 1115 lentiora
557 1071 832 1135 praecepta
868 1065 1060 1136 primae
1097 1063 1321 1131 tabulae,
1347 1080 1475 1138 quae
1502 1064 1825 1121 ordinantur
1854 1064 1924 1121 ad
1954 1061 2308 1120 dilectionem

301 1147 420 1216 Dei,
449 1165 614 1221 quam
655 1159 928 1227 praecepta
969 1153 1225 1210 secundae
1254 1153 1475 1222 tabulae,
1506 1169 1635 1227 quae
1664 1152 1988 1209 ordinantur
2009 1152 2099 1209 ad
2132 1151 2309 1208 dilec-

301 1235 506 1294 tionem
535 1241 796 1311 proximi3
827 1242 966 1298 unde
987 1243 1318 1316 quicumque
1343 1242 1480 1299 dicit
1505 1243 1649 1316 quod
1678 1242 1799 1298 sine
1826 1245 2051 1314 peccato
2072 1247 2309 1314 praeter-

299 1323 367 1380 iri
398 1327 568 1398 possit
611 1328 818 1402 aliquid
851 1330 1130 1402 pertinens
1159 1331 1226 1388 ad
1275 1337 1550 1404 praecept-a
1587 1331 1781 1405 primae
1809 1331 2033 1399 tabulae,
2065 1337 2151 1386 est
2180 1345 2307 1388 ma-

300 1413 498 1471 nifeste
525 1414 842 1474 haereticusi
866 1420 1002 1476 Cum
1028 1426 1214 1476 autem
1249 1420 1495 1492 impletio
1528 1421 1643 1477 voti
1667 1421 1939 1493 pertineat
1963 1419 2033 1476 ad
2062 1419 2302 1482 latriam,

301 1503 652 1564 manifestum
676 1506 923 1580 estquod
950 1508 1284 1583 quicumque
1307 1509 1445 1565 dicit
1462 1515 1652 1566 votum
1676 1525 1781 1568 non
1802 1524 1922 1564 esse
1948 1507 2305 1580 implendum,

303 1590 545 1664 loquitur
573 1601 764 1652 contra
794 1596 1030 1669 primum
1067 1604 1402 1670 praeceptum
1450 1600 1643 1672 primae
1684 1596 1903 1668 tabulae,
1949 1597 2098 1670 quod
2126 1602 2212 1652 est
2239 1596 2309 1652 de

301 1683 450 1738 culto
490 1683 664 1740 latriae
695 1684 798 1742 soli
821 1687 938 1742 Deo
965 1685 1300 1756 exhibend03
1332 1687 1425 1760 qui
1458 1703 1589 1745 vero
1619 1687 1773 1754 dicit,
1796 1689 2169 1758 jnramentum
2197 1700 2307 1741 non

301 1786 423 1828 esse
468 1771 819 1846 implendum,
871 1773 1113 1848 loquitur
1151 1785 1343 1833 contra
1389 1777 1689 1833 secundum
1736 1782 2071 1850 praeceptum
2113 1775 2306 1847 primae

303 1860 522 1928 tabulae,
565 1863 712 1936 quod
743 1871 860 1930 est,
889 1862 1015 1922 Non
1051 1881 1286 1922 assumes
1325 1881 1512 1922 nomen
1553 1866 1657 1922 Dei
1683 1865 1769 1921 tui
1805 1865 1867 1922 in
1901 1879 2118 1921 vanum.
2149 1861 2307 1920 Unde

303 1951 590 2008 manifeste
642 1957 727 2007 est
767 1950 1058 2009 haereticus
1101 1955 1433 2027 quicumque
1471 1955 1573 2012 hoc
1618 1955 1787 2024 dicit3
1839 1953 1943 2019 nisi
1984 1953 2127 2009 forte
2154 1951 2307 2008 dicat

303 2040 450 2112 quod
491 2039 696 2098 intrare
743 2041 1060 2113 religionem
1089 2042 1161 2100 sit
1190 2042 1479 2112 illicitum;
1516 2044 1831 2116 Juramenta
1874 2041 2021 2098 enim
2046 2041 2131 2097 vel
2179 2048 2307 2098 vota

303 2127 450 2189 facta
477 2129 548 2186 de
571 2130 734 2188 rebus
759 2129 968 2187 illicitis
1013 2127 1120 2188 non
1149 2141 1278 2189 sunt
1305 2133 1653 2204 obligatoria‚
1698 2131 1997 2188 secundum
2026 2130 2159 2186 illud
2198 2129 2306 2184 Isi-

303 2217 423 2274 dori
457 2235 471 2273 :
502 2219 572 2275 In
598 2221 756 2277 malis
776 2222 1054 2294 promissis
1074 2220 1309 2278 rescinde
1334 2221 1513 2293 fidem.
1538 2221 1644 2278 Sed
1665 2221 1767 2276 hoc
1794 2220 1995 2277 iterum
2018 2210 2103 2275 est
2127 2205 2307 2274 haere-

304 2307 472 2362 ticum
507 2309 708 2376 dicere,
731 2311 888 2384 quod
926 2327 1030 2367 non
1061 2312 1134 2367 sit
1163 2311 1373 2367 licitum
1413 2311 1619 2366 intrare
1658 2308 2005 2380 religionem3
2046 2315 2131 2364 est
2161 2307 2307 2364 enim

303 2413 560 2470 expresse
587 2405 778 2455 contra
807 2399 1006 2456 Christi
1032 2399 1278 2456 consilia.
1309 2400 1466 2456 Unde
1492 2399 1823 2472 quicumque
1861 2397 2016 2466 dicit,
2049 2395 2197 2470 quod
2220 2394 2309 2450 iile

304 2489 400 2558 qui
433 2494 516 2543 est
549 2487 820 2561 obligatus
858 2497 986 2547 voto
1036 2489 1122 2548 vel
1141 2491 1457 2562 juramento
1496 2489 1563 2544 ad
1607 2487 1923 2544 intrandum
1967 2486 2307 2558 religionem,

307 2582 488 2648 potest
510 2577 716 2650 absque
744 2587 971 2651 peccato
997 2579 1050 2635 in
1083 2579 1285 2636 saeculo
1317 2593 1617 2644 remanere,
1638 2583 1732 2635 est
1770 2575 2057 2632 manifeste
2085 2573 2312 2631 haereti-

304 2681 422 2732 cuS,
451 2667 498 2722 si
531 2673 709 2723 tamen
735 2669 788 2723 in
814 2668 920 2725 hoc
942 2667 1296 2741 pertinaciter
1320 2673 1655 2740 perseveret.

291 2745 298 2751 ’
375 2754 458 2810 Ad
489 2754 724 2827 primum
753 2773 882 2828 ergo
912 2757 1223 2826 dicendum,
1256 2755 1400 2829 quod
1432 2755 1733 2812 necessitas
1758 2753 1875 2812 voti
1904 2752 1987 2812 vel
2010 2699 2310 2826 juramenti

305 2858 411 2900 non
435 2844 674 2901 excludit
711 2846 1067 2914 voluntatem,
1099 2853 1161 2902 ut
1185 2861 1350 2918 supra
1379 2845 1589 2902 dictum
1614 2851 1720 2901 est.
1756 2844 1911 2901 Sicut
1935 2844 2080 2900 enim
2106 2843 2309 2917 aliquis

305 2948 372 2988 ex
419 2932 536 3005 lege
584 2935 858 2991 communi
902 2935 1174 3006 obligatur
1217 2935 1285 2991 ad
1329 2933 1669 2990 observanda
1706 2933 1804 2988 Dei
1844 2940 2139 3005 praecepta,
2184 2947 2344 3004 quae·

307 3029 493 3078 tamen
516 3022 824 3081 voluntarie
848 3031 1051 3093 servat,
1080 3025 1222 3079 unde
1259 3029 1314 3080 et
1343 3023 1609 3081 Dominus
1644 3020 1782 3077 dicit
1808 3037 1823 3076 ι
1853 3020 1914 3076 Si
1940 3020 2021 3076 vis
2048 3020 2119 3075 ad
2144 3020 2311 3076 vitam

305 3111 538 3183 inficeti,
569 3127 722 3168 serva
745 3112 1002 3170 inundata
1017 3129 1038 3182 ‚·
1067 3114 1146 3168 sic
1170 3111 1260 3168 ille
1280 3111 1374 3184 qui
1394 3109 1577 3168 emisit
1604 3111 1972 3182 juramentum
1993 3109 2078 3166 vel
2099 3116 2309 3174 votum,

309 3200 582 3272 obligatur
615 3217 683 3257 ex
723 3203 962 3274 quadam
1008 3201 1224 3275 privata
1264 3201 1630 3273 obligation03
1676 3205 1733 3255 et
1779 3204 1961 3254 tamen
2004 3197 2313 3255 voluntarie

308 3289 500 3364 implet
529 3292 904 3364 juramentum
933 3290 1019 3348 vel
1049 3299 1256 3358 votum,
1285 3290 1366 3345 ita
1393 3298 1579 3346 tamen
1602 3287 1751 3362 quod
1778 3294 1908 3344 ante
1931 3289 2310 3360 juramentum

308 3387 364 3436 et
387 3386 578 3436 votum
605 3379 816 3436 licitum
849 3386 934 3436 est
976 3380 1026 3435 ei
1068 3379 1248 3436 facere
1278 3377 1362 3435 vel
1389 3393 1499 3434 non
1524 3377 1741 3447 sacere;
1772 3377 1918 3434 unde
1945 3383 2003 3434 et
2043 3376 2337 3433 Dominus*

206 3496 213 3503 ·
305 3469 444 3525 'dicit
475 3485 492 3531 z
521 3469 581 3526 si
623 3467 704 3524 vis
735 3469 1004 3540 perfectus
1051 3483 1188 3537 esse,·
1228 3473 1284 3524 et
1325 3466 1526 3524 Paulus
1570 3467 1639 3523 de
1666 3455 1986 3540 uirginitate
2021 3465 2312 3523 consilium

310 3557 406 3614 dat
433 3573 451 3612 t
476 3557 574 3624 sed
611 3564 736 3631 post
755 3559 1128 3632 juramentum
1152 3556 1238 3615 vel
1259 3565 1483 3624 votum,
1506 3555 1757 3612 illicitum
1784 3560 1881 3611 -est
1908 3571 2015 3610 non
2062 3549 2309 3625 impleress

379 3647 462 3703 Ad
487 3649 788 3704 secundum
809 3647 1118 3715 dicendum,
1149 3646 1293 3719 quod
1321 3645 1417 3702 illa
1446 3645 1587 3704 ratio
1614 3645 1859 3702 continet
1879 3643 2133 3704 haeresim
2152 3642 2313 3698 dam·-

311 3747 498 3794 natam
523 3757 540 3808 3
568 3737 780 3794 scilicet
814 3737 959 3811 quod
999 3737 1194 3794 melius
1221 3737 1292 3792 sit
1325 3737 1382 3791 i'n
1410 3734 1612 3792 saeculo
1656 3745 1939 3789 remanere
1980 3740 2035 3788 et
2058 3731 2314 3803 operibus
2407 3747 2417 3754 ·

311 3827 538 3900 pietatis
580 3841 798 3897 vacare,
830 3842 995 3900 quam
1042 3826 1360 3898 religionem
1386 3825 1611 3880 intrare.
1634 3823 1961 3889 continetur
1999 3820 2143 3876 enim
2171 3818 2315 3876 inter

312 3931 528 3975 errores
558 3915 863 3988 vigilantii,
895 3921 1088 3974 contra
1121 3930 1288 3988 quem
1320 3915 1689 3988 Hieronymus
1718 3909 1963 3968 scribens
1991 3909 2127 3969 dicit
2156 3927 2173 3966 z
2208 3907 2315 3966 Isto
