2800 4492
462 315 585 382 256
941 333 994 380 s.
1038 333 1270 378 monas
1310 331 1636 383 ,mmm-ns
1686 333 1995 378 omissum

467 465 576 506 non
615 455 724 506 tam
769 447 1042 504 molestum
1083 453 1156 503 est
1201 446 1338 519 quod
1379 463 1571 502 errans
1611 446 1759 501 homo
1806 445 2163 511 derideretur,
2206 446 2298 502 sed
2336 447 2485 520 quod

466 545 710 595 auctores
745 535 921 600 nostri
947 535 1012 590 ab
1041 535 1116 590 eis
1159 535 1252 608 qui
1294 535 1431 607 foris
1471 542 1615 600 sunt,
1662 535 1795 591 tatia
1820 534 2037 590 sensisse
2066 535 2384 602 creduntur,
2428 545 2482 592 et

457 641 584 682 cum
629 642 818 697 maqno
847 637 1030 681 eorum
1071 625 1236 682 eoeiti'o
1280 625 1342 678 de
1383 641 1607 695 quorum
1650 625 1820 680 salute
1862 623 2173 696 summimus,
2220 631 2481 696 tanquam

466 714 666 772 indocti
693 715 1154 786 reprehenduntur
1181 722 1336 786 atque
1368 719 1716 785 respuuntur.
1749 713 1815 767 Et
1846 712 1985 777 ideo,
2018 715 2163 769 sicut
2192 713 2309 786 ipse
2338 714 2480 769 sub·

383 866 392 878 .
461 803 662 874 jungit,
697 801 1024 874 multiplices
1049 802 1415 874 expositiones
1450 801 1565 874 ipse
1601 800 1783 874 posuit
1818 801 1873 855 in
1911 801 2093 857 verbis
2120 801 2368 867 Genesis,
2414 812 2479 860 ut

468 893 546 946 sic
569 891 884 962 'accipiatur
914 907 1022 948 una
1057 893 1343 963 expositio,
1391 891 1534 963 quod
1567 889 1723 946 alteri
1767 890 2089 961 expositioni
2132 906 2237 946 non
2268 895 2479 965 praeju-

467 981 697 1046 dicetur,
731 997 855 1054 quae
883 981 1022 1036 sorte
1046 980 1236 1036 melior
1265 986 1371 1037 est.
1614 971 1619 976 ’

536 1067 626 1123 Sic
655 1083 782 1138 ergo
813 1068 958 1140 quod
988 1068 1187 1124 dicitur
1213 1067 1281 1122 de
1329 1067 1489 1139 aquis
1525 1083 1687 1140 supra
1726 1066 1893 1124 coelos
1916 1067 2294 1133 existentibus,
2327 1068 2474 1123 mul-

470 1155 727 1228 tipliciter
756 1157 980 1228 intelligi
1014 1163 1211 1228 potest.
1252 1157 1366 1212 Uno
1399 1155 1557 1211 modo
1595 1161 1653 1210 ut
1690 1171 1787 1227 per
1828 1155 2233 1211 firmamentum
2264 1157 2347 1212 vel
2378 1173 2477 1230 per

467 1245 635 1302 coelos
663 1261 768 1300 non
811 1245 1176 1316 intelligamus
1218 1246 1621 1301 firmamentum
1650 1243 1734 1299 vel
1768 1244 1967 1302 coelum
2006 1246 2057 1300 in
2088 1261 2197 1318 quo
2227 1255 2355 1302 sunt
2390 1248 2477 1302 si-

469 1333 619 1397 dera,
649 1334 744 1388 sed
775 1349 976 1399 aerem,
1003 1335 1058 1389 in
1087 1349 1196 1406 quo
1226 1349 1354 1390 aves
1380 1333 1566 1390 volare
1590 1332 1865 1400 dicuntur,
1894 1349 2057 1406 supra
2096 1351 2259 1406 quem
2290 1352 2475 1392 aerem

469 1437 627 1495 aquae
657 1422 1042 1494 vaporabiliter
1070 1421 1372 1491 elevantur,
1404 1427 1461 1477 et
1488 1421 1683 1476 exinde
1716 1421 1915 1494 pluviae
1938 1430 2298 1493 generantur;
2326 1432 2380 1480 et
2404 1425 2476 1480 de

468 1511 570 1567 hac
587 1511 930 1585 expositione
954 1511 1089 1567 dicit
1113 1512 1449 1582 Augustinus
1487 1509 1540 1565 in
1574 1526 1615 1566 11
1644 1526 1807 1582 super
1846 1511 2046 1568 Genes.
2076 1513 2143 1569 ad
2188 1513 2425 1570 litteram
2456 1531 2470 1568 t

468 1601 623 1657 Hunc
664 1601 1138 1657 considerationem
1189 1599 1557 1672 diqnissimam
1602 1599 1824 1670 judicem
1874 1600 2008 1672 quod
2058 1601 2199 1656 enim
2245 1602 2474 1669 die-itur,

469 1705 629 1762 neque
653 1696 842 1744 contra
863 1689 1019 1760 fidem
1043 1696 1138 1753 est,
1167 1696 1217 1745 et
1240 1688 1569 1760 inpromptu
1594 1688 1762 1759 posito
1788 1689 2091 1746 documento
2116 1678 2471 1762 credipotest.

469 1779 523 1833 Si
556 1783 739 1834 autem
782 1794 876 1850 per
913 1777 1314 1833 firmamentum
1355 1776 1440 1832 vel
1485 1776 1651 1832 coelos
1694 1777 2030 1849 intelligatur
2074 1779 2476 1838 firmamentum

475 1865 563 1920 ubi
593 1875 720 1921 sunt
749 1866 928 1921 sidera
958 1865 1160 1938 posita;
1192 1865 1273 1921 sic
1296 1865 1577 1922 sciendum
1601 1871 1701 1932 est,
1736 1867 1882 1940 quod
1910 1867 1978 1924 de
2002 1867 2104 1924 hoc
2131 1867 2474 1928 firmamento

469 1952 700 2010 diversae
727 1954 1008 2026 opiniones
1031 1954 1268 2009 fuerunt.

542 2041 775 2111 Quidam
824 2043 967 2098 enim
1008 2048 1303 2114 posuerunt
1347 2042 1752 2101 firmamentum
1802 2044 1931 2101 illud
1980 2063 2045 2102 ex
2090 2055 2329 2120 quatuor
2356 2050 2475 2106 ele-

472 2131 672 2190 mentis
716 2131 1111 2205 compositum;
1156 2147 1279 2204 quae
1323 2132 1540 2189 videtur
1581 2149 1700 2188 esse
1746 2134 1945 2206 positio
1993 2136 2370 2209 Empedoclis;
2419 2147 2477 2195 et

470 2219 770 2280 secundum
803 2221 924 2296 hoc,
957 2220 1086 2276 nihil
1119 2219 1364 2292 prohibet
1406 2220 1607 2291 dicere,
1644 2237 1810 2296 supra
1838 2223 1941 2280 hoc
1972 2225 2171 2282 coelum
2198 2227 2476 2284 sidereum

469 2324 590 2365 esse
613 2325 784 2383 aquas
811 2309 1169 2366 elementares
1199 2316 1459 2382 tanquam
1487 2309 1867 2383 simpliciores,
1902 2319 1958 2368 et
1994 2329 2157 2387 super
2186 2332 2280 2373 eas
2308 2317 2475 2375 etiam

472 2397 672 2469 ignem,
705 2415 735 2456 a
769 2415 879 2472 quo
915 2407 1141 2455 vocetur
1169 2398 1368 2455 coelum
1403 2414 1747 2472 empyreum.
1786 2401 2031 2458 Aliorum
2060 2411 2245 2460 autem
2273 2407 2474 2478 positio
2536 2441 2573 2470 ,-

471 2494 587 2565 estu
617 2488 759 2561 quod
791 2488 988 2545 coelum
1033 2487 1117 2544 vel
1167 2489 1240 2544 sit
1282 2488 1456 2560 igneae
1498 2497 1725 2556 naturae,
1759 2490 1901 2546 sicut
1932 2492 2114 2564 posuit
2161 2494 2345 2562 Plato;
2387 2495 2473 2554 vel

472 2593 578 2633 non
608 2579 679 2634 sit
703 2579 771 2633 de
801 2585 995 2634 natura
1025 2584 1260 2650 quatuor
1288 2576 1701 2646 elementorum,
1733 2578 1827 2634 sed
1865 2578 2072 2638 habens
2098 2582 2349 2642 altiorem
2372 2601 2475 2642 na·-

473 2673 673 2730 turam,
707 2666 851 2722 sicut
875 2666 1055 2736 posuit
1078 2664 1419 2721 Aristoteles.

540 2755 782 2826 Utroque
813 2754 1042 2809 istorum
1085 2753 1384 2825 supposit0,
1418 2753 1804 2811 inconveniens
1844 2757 2065 2814 videtur
2090 2775 2256 2834 supra
2284 2763 2470 2820 firma-

473 2851 716 2896 mentum
755 2841 884 2896 illud
927 2857 1126 2914 aquam
1168 2839 1555 2901 elementarem
1588 2844 1946 2901 materialiter
1974 2863 2093 2904 esse
2128 2849 2471 2924 dispositam.

470 2931 628 2986 Nunc
656 2929 820 2998 enim,
860 2930 1002 2986 sicut
1031 2928 1366 3001 Augustinus
1403 2931 1581 2988 dicit
1568 2948 1621 2988 tn
1653 2948 1695 2989 11
1726 2950 1888 3008 super
1916 2935 2077 3005 Gen„
2118 2941 2477 3011 quemadmo-

472 3019 601 3074 dum
631 3020 776 3075 Deus
803 3019 1103 3075 instituerit
1137 3028 1362 3076 naturas
1389 3036 1592 3090 rerum,
1632 3038 1732 3078 nos
1773 3026 2026 3082 convenit
2053 3043 2337 3099 quaerere;
2366 3046 2475 3087 non

471 3108 645 3180 quid
633 3125 690 3164 m
726 3109 806 3165 eis
835 3107 917 3163 vel
947 3124 1015 3164 ex
1049 3109 1129 3164 eis
1163 3108 1483 3165 miraculum
1514 3113 1773 3184 potentiae
1800 3129 1915 3170 suae
1945 3115 2076 3170 velit
2103 3119 2339 3190 operari.
2368 3119 2477 3176 Sed

473 3199 653 3254 t'amen
682 3197 946 3270 aliquales
975 3213 1146 3271 aquas
1165 3213 1328 3270 supra
1356 3197 1663 3272 hujusmodi
1695 3202 2091 3260 firmamentum
2123 3221 2323 3278 ponere
2344 3223 2478 3281 pos-

473 3301 680 3344 sumus.
708 3287 826 3342 Uno
856 3286 1014 3343 modo
1044 3296 1103 3342 ut
1126 3303 1223 3360 per
1247 3303 1420 3360 aquas
1445 3288 1811 3360 intelligamus
1838 3298 2008 3348 totam
2032 3295 2319 3351 materiam
2349 3312 2478 3352 cor-

471 3374 732 3447 poralem,
763 3375 904 3431 sicut
933 3375 1200 3448 accipitur
1225 3377 1282 3432 in
1318 3377 1584 3450 principio
1612 3379 1809 3436 Geues,
1839 3382 2137 3441 secundum
2175 3385 2479 3456 expositio-

472 3479 595 3519 nem
621 3464 927 3537 Augustini.
963 3464 1032 3519 Et
1059 3464 1179 3521 ideo
1207 3466 1509 3522 secundum
1539 3467 1681 3523 hunc
1716 3468 2055 3526 intellectum
2084 3486 2189 3526 non
2214 3478 2299 3526 est
2328 3473 2479 3530 aliud

471 3551 671 3621 dicere,
701 3569 866 3626 qnam
896 3553 1101 3625 aliquid
1132 3553 1198 3609 de
1243 3556 1473 3610 materia
1511 3556 1780 3628 corporali
1808 3573 1970 3630 super
2006 3558 2105 3615 hos
2131 3559 2301 3617 coelos
2328 3562 2479 3617 exis-

470 3650 584 3698 tere
613 3659 625 3696 :
657 3649 712 3696 et
735 3642 838 3698 hoc
863 3643 1028 3698 etiam
1069 3658 1100 3699 a
1138 3642 1301 3698 dictis
1329 3643 1771 3717 philosophorum
1802 3647 2183 3703 modernorum
2223 3663 2330 3704 non
2360 3650 2481 3706 dis-

469 3731 680 3798 cordat,
714 3731 806 3803 qui
849 3735 1056 3803 ponunt
1084 3745 1250 3802 supra
1276 3740 1531 3788 octavam
1574 3733 1863 3807 sphaeram,
1896 3735 1959 3812 in
1988 3752 2097 3809 qua
2124 3745 2253 3793 sunt
2283 3737 2479 3802 stellae,

469 3817 632 3874 aliam
661 3818 948 3892 sphaeram,
991 3819 1044 3874 in
1080 3835 1188 3892 qua
1211 3819 1360 3877 nulla
1401 3820 1581 3877 stella.
1623 3823 1691 3878 Et
1728 3823 1867 3879 hanc
1904 3826 2301 3898 expositionem
2324 3828 2481 3900 ponit

470 3907 806 3983 Augustinus
851 3923 1015 3980 super
1060 3907 1261 3965 Genes.
1308 3915 1501 3966 contra
1544 3911 1887 3970 ManichaeOS.
1934 3913 2055 3972 Alio
2100 3915 2259 3972 modo
2298 3921 2481 3990 potest
