<?xml version="1.0" encoding="UTF-8"?>
<!DOCTYPE html PUBLIC "-//W3C//DTD XHTML 1.0 Transitional//EN"
    "http://www.w3.org/TR/xhtml1/DTD/xhtml1-transitional.dtd">
<html xmlns="http://www.w3.org/1999/xhtml" xml:lang="en" lang="en">
 <head>
  <title>
</title>
<meta http-equiv="Content-Type" content="text/html;charset=utf-8" />
  <meta name='ocr-system' content='tesseract 3.04.00' />
  <meta name='ocr-capabilities' content='ocr_page ocr_carea ocr_par ocr_line ocrx_word'/>
</head>
<body>
  <div class='ocr_page' id='page_1' title='image "./sthomaquinatisd00thomgoog_0126.png"; bbox 0 0 2800 4492; ppageno 0'>
   <div class='ocr_carea' id='block_1_1' title="bbox 516 261 2056 334">
    <p class='ocr_par' dir='ltr' id='par_1_1' title="bbox 516 261 2056 334">
     <span class='ocr_line' id='line_1_1' title="bbox 516 261 2056 334; baseline -0.003 -11"><span class='ocrx_word' id='word_1_1' title='bbox 516 261 640 334; x_wconf 49' lang='lat'>„112</span> <span class='ocrx_word' id='word_1_2' title='bbox 989 275 1048 326; x_wconf 70' lang='lat' dir='ltr'>s.</span> <span class='ocrx_word' id='word_1_3' title='bbox 1091 269 1324 319; x_wconf 64' lang='lat' dir='ltr'>monas</span> <span class='ocrx_word' id='word_1_4' title='bbox 1366 271 1715 322; x_wconf 54' lang='lat' dir='ltr'>sommus.</span> <span class='ocrx_word' id='word_1_5' title='bbox 1734 271 2056 320; x_wconf 62' lang='lat' dir='ltr'>causeum.⁴</span> 
     </span>
    </p>
   </div>
   <div class='ocr_carea' id='block_1_2' title="bbox 444 386 2581 3719">
    <p class='ocr_par' dir='ltr' id='par_1_2' title="bbox 507 386 2581 1260">
     <span class='ocr_line' id='line_1_2' title="bbox 507 386 2533 469; baseline 0.001 -24"><span class='ocrx_word' id='word_1_6' title='bbox 507 392 689 450; x_wconf 79' lang='lat' dir='ltr'>modi.</span> <span class='ocrx_word' id='word_1_7' title='bbox 721 392 852 448; x_wconf 83' lang='lat' dir='ltr'>Haec</span> <span class='ocrx_word' id='word_1_8' title='bbox 877 394 1062 469; x_wconf 78' lang='lat' dir='ltr'>autem</span> <span class='ocrx_word' id='word_1_9' title='bbox 1081 395 1226 444; x_wconf 67' lang='lat' dir='ltr'>«sunt</span> <span class='ocrx_word' id='word_1_10' title='bbox 1267 389 1355 450; x_wconf 68' lang='lat' dir='ltr'>det</span> <span class='ocrx_word' id='word_1_11' title='bbox 1375 387 1577 461; x_wconf 89' lang='lat' dir='ltr'>quibus</span> <span class='ocrx_word' id='word_1_12' title='bbox 1598 386 1787 446; x_wconf 75' lang='lat' dir='ltr'>divina</span> <span class='ocrx_word' id='word_1_13' title='bbox 1826 386 2059 446; x_wconf 85' lang='lat' dir='ltr'>scientia</span> <span class='ocrx_word' id='word_1_14' title='bbox 2096 387 2435 457; x_wconf 77' lang='lat' dir='ltr'>considerat,</span> <span class='ocrx_word' id='word_1_15' title='bbox 2466 396 2533 447; x_wconf 86' lang='lat' dir='ltr'>ut</span> 
     </span>
     <span class='ocr_line' id='line_1_3' title="bbox 522 474 2531 558; baseline -0.001 -20"><span class='ocrx_word' id='word_1_16' title='bbox 522 497 687 558; x_wconf 84' lang='lat' dir='ltr'>supra</span> <span class='ocrx_word' id='word_1_17' title='bbox 732 477 940 536; x_wconf 83' lang='lat' dir='ltr'>dictum</span> <span class='ocrx_word' id='word_1_18' title='bbox 981 475 1473 549; x_wconf 80' lang='lat' dir='ltr'>est‚-.s&#39;ubstantiae,</span> <span class='ocrx_word' id='word_1_19' title='bbox 1525 474 1737 534; x_wconf 84' lang='lat' dir='ltr'>scilicet</span> <span class='ocrx_word' id='word_1_20' title='bbox 1778 483 2067 548; x_wconf 80' lang='lat' dir='ltr'>separatae,</span> <span class='ocrx_word' id='word_1_21' title='bbox 2103 482 2163 533; x_wconf 88' lang='lat' dir='ltr'>et</span> <span class='ocrx_word' id='word_1_22' title='bbox 2210 478 2531 536; x_wconf 88' lang='lat' dir='ltr'>communia</span> 
     </span>
     <span class='ocr_line' id='line_1_4' title="bbox 520 564 2531 639; baseline -0.002 -12"><span class='ocrx_word' id='word_1_23' title='bbox 520 569 772 627; x_wconf 86' lang='lat' dir='ltr'>omnibus</span> <span class='ocrx_word' id='word_1_24' title='bbox 799 567 1015 627; x_wconf 79' lang='lat' dir='ltr'><strong>entibus</strong></span> <span class='ocrx_word' id='word_1_25' title='bbox 1042 583 1056 621; x_wconf 78' lang='grc' dir='ltr'><strong><em>ε</em></strong></span> <span class='ocrx_word' id='word_1_26' title='bbox 1083 565 1226 630; x_wconf 86' lang='lat' dir='ltr'>unde</span> <span class='ocrx_word' id='word_1_27' title='bbox 1255 565 1576 639; x_wconf 71' lang='lat' dir='ltr'>patetjquod</span> <span class='ocrx_word' id='word_1_28' title='bbox 1608 579 1709 622; x_wconf 87' lang='lat' dir='ltr'>sua</span> <span class='ocrx_word' id='word_1_29' title='bbox 1742 564 2119 622; x_wconf 84' lang='lat' dir='ltr'>consideratio</span> <span class='ocrx_word' id='word_1_30' title='bbox 2156 570 2242 621; x_wconf 86' lang='lat' dir='ltr'>cst</span> <span class='ocrx_word' id='word_1_31' title='bbox 2286 566 2531 623; x_wconf 80' lang='lat' dir='ltr'>maxime</span> 
     </span>
     <span class='ocr_line' id='line_1_5' title="bbox 521 653 2532 728; baseline -0.002 -13"><span class='ocrx_word' id='word_1_32' title='bbox 521 656 924 715; x_wconf 86' lang='lat' dir='ltr'>intellectualis.</span> <span class='ocrx_word' id='word_1_33' title='bbox 952 655 1020 712; x_wconf 84' lang='lat' dir='ltr'>Et</span> <span class='ocrx_word' id='word_1_34' title='bbox 1047 654 1174 711; x_wconf 88' lang='lat' dir='ltr'>inde</span> <span class='ocrx_word' id='word_1_35' title='bbox 1201 654 1370 715; x_wconf 85' lang='lat' dir='ltr'>etiam</span> <span class='ocrx_word' id='word_1_36' title='bbox 1395 659 1499 718; x_wconf 86' lang='lat' dir='ltr'>est,</span> <span class='ocrx_word' id='word_1_37' title='bbox 1531 653 1681 725; x_wconf 89' lang='lat' dir='ltr'>quod</span> <span class='ocrx_word' id='word_1_38' title='bbox 1706 653 1826 726; x_wconf 85' lang='lat' dir='ltr'>ipsa</span> <span class='ocrx_word' id='word_1_39' title='bbox 1850 653 2079 726; x_wconf 87' lang='lat' dir='ltr'>largitur</span> <span class='ocrx_word' id='word_1_40' title='bbox 2107 653 2377 728; x_wconf 84' lang='lat' dir='ltr'>principia</span> <span class='ocrx_word' id='word_1_41' title='bbox 2403 655 2532 710; x_wconf 64' lang='lat' dir='ltr'>orna·-</span> 
     </span>
     <span class='ocr_line' id='line_1_6' title="bbox 521 741 2531 815; baseline -0.002 -12"><span class='ocrx_word' id='word_1_42' title='bbox 521 745 682 804; x_wconf 86' lang='lat' dir='ltr'>nibus</span> <span class='ocrx_word' id='word_1_43' title='bbox 717 744 840 801; x_wconf 88' lang='lat' dir='ltr'>aliis</span> <span class='ocrx_word' id='word_1_44' title='bbox 879 743 1142 811; x_wconf 79' lang='grc' dir='ltr'><strong>εείειιιίἰε,</strong></span> <span class='ocrx_word' id='word_1_45' title='bbox 1189 743 1553 815; x_wconf 68' lang='grc' dir='ltr'><strong>ιιιηιιιιιιιιιιιι</strong></span> <span class='ocrx_word' id='word_1_46' title='bbox 1590 741 1977 799; x_wconf 87' lang='lat' dir='ltr'>intellectualis</span> <span class='ocrx_word' id='word_1_47' title='bbox 2020 742 2388 799; x_wconf 78' lang='lat' dir='ltr'><strong>consideratio</strong></span> <span class='ocrx_word' id='word_1_48' title='bbox 2442 751 2531 798; x_wconf 87' lang='lat' dir='ltr'>est</span> 
     </span>
     <span class='ocr_line' id='line_1_7' title="bbox 524 819 2525 908; baseline -0.001 -18"><span class='ocrx_word' id='word_1_49' title='bbox 524 819 1239 908; x_wconf 55' lang='lat' dir='ltr'>principium&#39;rationaliten</span> <span class='ocrx_word' id='word_1_50' title='bbox 1269 835 1493 904; x_wconf 84' lang='lat' dir='ltr'>propter</span> <span class='ocrx_word' id='word_1_51' title='bbox 1520 829 1667 906; x_wconf 86' lang='lat' dir='ltr'>quod</span> <span class='ocrx_word' id='word_1_52' title='bbox 1708 829 1911 888; x_wconf 89' lang='lat' dir='ltr'>dicitur</span> <span class='ocrx_word' id='word_1_53' title='bbox 1936 829 2110 901; x_wconf 89' lang='lat' dir='ltr'>prima</span> <span class='ocrx_word' id='word_1_54' title='bbox 2126 828 2479 904; x_wconf 77' lang='lat' dir='ltr'><strong>philosophia</strong></span> <span class='ocrx_word' id='word_1_55' title='bbox 2510 848 2525 887; x_wconf 78' lang='lat' dir='ltr'>z</span> 
     </span>
     <span class='ocr_line' id='line_1_8' title="bbox 520 915 2581 993; baseline -0.001 -15"><span class='ocrx_word' id='word_1_56' title='bbox 520 928 579 988; x_wconf 78' lang='lat' dir='ltr'>et</span> <span class='ocrx_word' id='word_1_57' title='bbox 603 921 950 978; x_wconf 87' lang='lat' dir='ltr'>nihilominus</span> <span class='ocrx_word' id='word_1_58' title='bbox 973 920 1094 993; x_wconf 85' lang='lat' dir='ltr'>ipsa</span> <span class='ocrx_word' id='word_1_59' title='bbox 1121 918 1423 980; x_wconf 79' lang='lat' dir='ltr'>addiscitur</span> <span class='ocrx_word' id='word_1_60' title='bbox 1452 923 1573 990; x_wconf 88' lang='lat' dir='ltr'>post</span> <span class='ocrx_word' id='word_1_61' title='bbox 1588 915 1873 990; x_wconf 81' lang='lat' dir='ltr'>physicam</span> <span class='ocrx_word' id='word_1_62' title='bbox 1900 926 1955 978; x_wconf 90' lang='lat' dir='ltr'>et</span> <span class='ocrx_word' id='word_1_63' title='bbox 1984 926 2215 974; x_wconf 83' lang='lat' dir='ltr'>caeteras</span> <span class='ocrx_word' id='word_1_64' title='bbox 2240 919 2525 987; x_wconf 86' lang='lat' dir='ltr'>scientias,</span> <span class='ocrx_word' id='word_1_65' title='bbox 2572 942 2581 950; x_wconf 93' lang='lat'><strong>·</strong></span> 
     </span>
     <span class='ocr_line' id='line_1_9' title="bbox 521 1005 2525 1082; baseline -0.003 -14"><span class='ocrx_word' id='word_1_66' title='bbox 521 1010 580 1068; x_wconf 88' lang='lat' dir='ltr'>in</span> <span class='ocrx_word' id='word_1_67' title='bbox 619 1016 885 1082; x_wconf 86' lang='lat' dir='ltr'>quantum</span> <span class='ocrx_word' id='word_1_68' title='bbox 930 1007 1317 1067; x_wconf 85' lang='lat' dir='ltr'>intellectualis</span> <span class='ocrx_word' id='word_1_69' title='bbox 1359 1005 1728 1064; x_wconf 76' lang='lat' dir='ltr'>consideratio</span> <span class='ocrx_word' id='word_1_70' title='bbox 1766 1013 1851 1063; x_wconf 90' lang='lat' dir='ltr'>est</span> <span class='ocrx_word' id='word_1_71' title='bbox 1899 1007 2167 1062; x_wconf 85' lang='lat' dir='ltr'>terminus</span> <span class='ocrx_word' id='word_1_72' title='bbox 2214 1007 2525 1076; x_wconf 70' lang='lat' dir='ltr'>rationalia,</span> 
     </span>
     <span class='ocr_line' id='line_1_10' title="bbox 523 1093 2529 1171; baseline 0 -19"><span class='ocrx_word' id='word_1_73' title='bbox 523 1104 747 1171; x_wconf 88' lang='lat' dir='ltr'>propter</span> <span class='ocrx_word' id='word_1_74' title='bbox 770 1096 916 1171; x_wconf 91' lang='lat' dir='ltr'>quod</span> <span class='ocrx_word' id='word_1_75' title='bbox 948 1095 1150 1153; x_wconf 87' lang='lat' dir='ltr'>dicitur</span> <span class='ocrx_word' id='word_1_76' title='bbox 1177 1095 1555 1168; x_wconf 79' lang='lat' dir='ltr'>metaphysica</span> <span class='ocrx_word' id='word_1_77' title='bbox 1592 1093 1750 1166; x_wconf 85' lang='lat' dir='ltr'>quasi</span> <span class='ocrx_word' id='word_1_78' title='bbox 1790 1094 2191 1168; x_wconf 80' lang='lat' dir='ltr'>transphysica,</span> <span class='ocrx_word' id='word_1_79' title='bbox 2225 1095 2357 1168; x_wconf 86' lang='lat' dir='ltr'>quia</span> <span class='ocrx_word' id='word_1_80' title='bbox 2398 1101 2529 1169; x_wconf 89' lang='lat' dir='ltr'>post</span> 
     </span>
     <span class='ocr_line' id='line_1_11' title="bbox 523 1183 2517 1260; baseline -0.005 -18"><span class='ocrx_word' id='word_1_81' title='bbox 523 1185 808 1260; x_wconf 79' lang='lat' dir='ltr'>physicam</span> <span class='ocrx_word' id='word_1_82' title='bbox 829 1183 1149 1242; x_wconf 81' lang='lat' dir='ltr'>resolvendo</span> <span class='ocrx_word' id='word_1_83' title='bbox 1169 1184 2517 1242; x_wconf 83' lang='lat' dir='ltr'>occurrit.-</span> 
     </span>
    </p>

    <p class='ocr_par' dir='ltr' id='par_1_3' title="bbox 523 1269 2565 1701">
     <span class='ocr_line' id='line_1_12' title="bbox 592 1269 2565 1347; baseline -0.001 -15"><span class='ocrx_word' id='word_1_84' title='bbox 592 1274 677 1332; x_wconf 82' lang='lat' dir='ltr'>Ad</span> <span class='ocrx_word' id='word_1_85' title='bbox 722 1273 956 1347; x_wconf 86' lang='lat' dir='ltr'>primum</span> <span class='ocrx_word' id='word_1_86' title='bbox 1008 1273 1177 1345; x_wconf 86' lang='lat' dir='ltr'>igitur</span> <span class='ocrx_word' id='word_1_87' title='bbox 1220 1270 1531 1347; x_wconf 85' lang='lat' dir='ltr'>dicendum,</span> <span class='ocrx_word' id='word_1_88' title='bbox 1560 1269 1707 1344; x_wconf 86' lang='lat' dir='ltr'>quod</span> <span class='ocrx_word' id='word_1_89' title='bbox 1744 1269 2187 1328; x_wconf 84' lang='lat' dir='ltr'>intellectualiter</span> <span class='ocrx_word' id='word_1_90' title='bbox 2226 1272 2565 1346; x_wconf 85' lang='lat' dir='ltr'>procedere·</span> 
     </span>
     <span class='ocr_line' id='line_1_13' title="bbox 523 1358 2526 1434; baseline -0.002 -12"><span class='ocrx_word' id='word_1_91' title='bbox 523 1377 633 1422; x_wconf 85' lang='lat' dir='ltr'>non</span> <span class='ocrx_word' id='word_1_92' title='bbox 655 1362 976 1422; x_wconf 81' lang='lat' dir='ltr'>attribuitur</span> <span class='ocrx_word' id='word_1_93' title='bbox 998 1360 1243 1418; x_wconf 71' lang='lat' dir='ltr'>scientiae</span> <span class='ocrx_word' id='word_1_94' title='bbox 1271 1359 1471 1418; x_wconf 82' lang='lat' dir='ltr'>divinae</span> <span class='ocrx_word' id='word_1_95' title='bbox 1512 1358 1671 1430; x_wconf 86' lang='lat' dir='ltr'>quasi</span> <span class='ocrx_word' id='word_1_96' title='bbox 1708 1373 1813 1414; x_wconf 89' lang='lat' dir='ltr'>uon</span> <span class='ocrx_word' id='word_1_97' title='bbox 1844 1358 1963 1431; x_wconf 87' lang='lat' dir='ltr'>ipsa</span> <span class='ocrx_word' id='word_1_98' title='bbox 2001 1359 2361 1418; x_wconf 79' lang='lat' dir='ltr'>ratiocinetur</span> <span class='ocrx_word' id='word_1_99' title='bbox 2389 1377 2526 1434; x_wconf 84' lang='lat' dir='ltr'>pro-</span> 
     </span>
     <span class='ocr_line' id='line_1_14' title="bbox 524 1445 2526 1523; baseline -0.001 -15"><span class='ocrx_word' id='word_1_100' title='bbox 524 1450 769 1510; x_wconf 90' lang='lat' dir='ltr'>cedendo</span> <span class='ocrx_word' id='word_1_101' title='bbox 793 1450 863 1507; x_wconf 89' lang='lat' dir='ltr'>de</span> <span class='ocrx_word' id='word_1_102' title='bbox 891 1448 1171 1523; x_wconf 80' lang='lat' dir='ltr'>principiis</span> <span class='ocrx_word' id='word_1_103' title='bbox 1198 1446 1267 1504; x_wconf 88' lang='lat' dir='ltr'>ad</span> <span class='ocrx_word' id='word_1_104' title='bbox 1297 1445 1689 1512; x_wconf 86' lang='lat' dir='ltr'>conclusiones,</span> <span class='ocrx_word' id='word_1_105' title='bbox 1716 1446 1812 1502; x_wconf 86' lang='lat' dir='ltr'>sed</span> <span class='ocrx_word' id='word_1_106' title='bbox 1850 1446 1979 1520; x_wconf 88' lang='lat' dir='ltr'>quia</span> <span class='ocrx_word' id='word_1_107' title='bbox 2018 1448 2139 1518; x_wconf 87' lang='lat' dir='ltr'>ejus</span> <span class='ocrx_word' id='word_1_108' title='bbox 2176 1449 2526 1505; x_wconf 82' lang='lat' dir='ltr'>ratiocinatio</span> 
     </span>
     <span class='ocr_line' id='line_1_15' title="bbox 525 1534 2526 1628; baseline -0.001 -32"><span class='ocrx_word' id='word_1_109' title='bbox 525 1548 609 1597; x_wconf 88' lang='lat' dir='ltr'>est</span> <span class='ocrx_word' id='word_1_110' title='bbox 659 1537 1014 1596; x_wconf 74' lang='lat' dir='ltr'>intellectuali</span> <span class='ocrx_word' id='word_1_111' title='bbox 1059 1534 1483 1594; x_wconf 80' lang='lat' dir='ltr'>considerationi</span> <span class='ocrx_word' id='word_1_112' title='bbox 1528 1534 2005 1628; x_wconf 81' lang='lat' dir='ltr'>propinquissima,</span> <span class='ocrx_word' id='word_1_113' title='bbox 2048 1542 2105 1592; x_wconf 83' lang='grc' dir='ltr'>ει</span> <span class='ocrx_word' id='word_1_114' title='bbox 2146 1535 2526 1594; x_wconf 82' lang='lat' dir='ltr'>conclusiones</span> 
     </span>
     <span class='ocr_line' id='line_1_16' title="bbox 525 1626 1564 1701; baseline -0.004 -17"><span class='ocrx_word' id='word_1_115' title='bbox 525 1633 644 1701; x_wconf 86' lang='lat' dir='ltr'>ejus</span> <span class='ocrx_word' id='word_1_116' title='bbox 680 1626 982 1701; x_wconf 75' lang='lat' dir='ltr'>principiiS.</span> <span class='ocrx_word' id='word_1_117' title='bbox 1504 1641 1564 1669; x_wconf 49' lang='grc' dir='ltr'><strong>ε</strong></span> 
     </span>
    </p>

    <p class='ocr_par' dir='ltr' id='par_1_4' title="bbox 523 1679 2527 2580">
     <span class='ocr_line' id='line_1_17' title="bbox 595 1679 2525 1784; baseline 0.001 -13"><span class='ocrx_word' id='word_1_118' title='bbox 595 1716 677 1772; x_wconf 82' lang='lat' dir='ltr'>Ad</span> <span class='ocrx_word' id='word_1_119' title='bbox 707 1715 1006 1770; x_wconf 90' lang='lat' dir='ltr'>secundum</span> <span class='ocrx_word' id='word_1_120' title='bbox 1034 1679 1345 1778; x_wconf 77' lang='lat' dir='ltr'>dicendum,</span> <span class='ocrx_word' id='word_1_121' title='bbox 1371 1711 1519 1784; x_wconf 90' lang='lat' dir='ltr'>quod</span> <span class='ocrx_word' id='word_1_122' title='bbox 1542 1711 1699 1769; x_wconf 81' lang='lat' dir='ltr'>Deus</span> <span class='ocrx_word' id='word_1_123' title='bbox 1718 1720 1803 1772; x_wconf 88' lang='lat' dir='ltr'>est</span> <span class='ocrx_word' id='word_1_124' title='bbox 1830 1727 1997 1784; x_wconf 82' lang='lat' dir='ltr'>supra</span> <span class='ocrx_word' id='word_1_125' title='bbox 2023 1713 2361 1774; x_wconf 87' lang='lat' dir='ltr'>intellectum</span> <span class='ocrx_word' id='word_1_126' title='bbox 2396 1731 2525 1772; x_wconf 88' lang='lat' dir='ltr'>om·-</span> 
     </span>
     <span class='ocr_line' id='line_1_18' title="bbox 525 1799 2527 1878; baseline 0.001 -19"><span class='ocrx_word' id='word_1_127' title='bbox 525 1818 650 1860; x_wconf 89' lang='lat' dir='ltr'>nem</span> <span class='ocrx_word' id='word_1_128' title='bbox 684 1808 930 1858; x_wconf 88' lang='lat' dir='ltr'>creatum</span> <span class='ocrx_word' id='word_1_129' title='bbox 975 1806 1242 1873; x_wconf 90' lang='lat' dir='ltr'>quantum</span> <span class='ocrx_word' id='word_1_130' title='bbox 1273 1799 1343 1856; x_wconf 88' lang='lat' dir='ltr'>ad</span> <span class='ocrx_word' id='word_1_131' title='bbox 1379 1799 1961 1872; x_wconf 84' lang='lat' dir='ltr'>comprehensionem.</span> <span class='ocrx_word' id='word_1_132' title='bbox 1986 1817 2095 1858; x_wconf 90' lang='lat' dir='ltr'>non</span> <span class='ocrx_word' id='word_1_133' title='bbox 2137 1807 2351 1860; x_wconf 82' lang='lat' dir='ltr'>autem</span> <span class='ocrx_word' id='word_1_134' title='bbox 2356 1820 2527 1878; x_wconf 83' lang='lat' dir='ltr'>supra</span> 
     </span>
     <span class='ocr_line' id='line_1_19' title="bbox 524 1888 2526 1965; baseline 0 -16"><span class='ocrx_word' id='word_1_135' title='bbox 524 1890 862 1949; x_wconf 85' lang='lat' dir='ltr'>intellectum</span> <span class='ocrx_word' id='word_1_136' title='bbox 891 1891 1213 1954; x_wconf 85' lang='lat' dir='ltr'>increatum,</span> <span class='ocrx_word' id='word_1_137' title='bbox 1231 1889 1495 1964; x_wconf 87' lang='lat' dir='ltr'>cumipse</span> <span class='ocrx_word' id='word_1_138' title='bbox 1516 1888 1757 1961; x_wconf 88' lang='lat' dir='ltr'>seipsum</span> <span class='ocrx_word' id='word_1_139' title='bbox 1786 1888 2135 1961; x_wconf 87' lang='lat' dir='ltr'>intelligendo</span> <span class='ocrx_word' id='word_1_140' title='bbox 2162 1893 2526 1965; x_wconf 76' lang='lat' dir='ltr'>comprehen-</span> 
     </span>
     <span class='ocr_line' id='line_1_20' title="bbox 525 1973 2527 2056; baseline 0.001 -20"><span class='ocrx_word' id='word_1_141' title='bbox 525 1979 642 2036; x_wconf 87' lang='lat' dir='ltr'>dat.</span> <span class='ocrx_word' id='word_1_142' title='bbox 667 1979 766 2035; x_wconf 89' lang='lat' dir='ltr'>Est</span> <span class='ocrx_word' id='word_1_143' title='bbox 790 1992 920 2034; x_wconf 87' lang='lat' dir='ltr'>vero</span> <span class='ocrx_word' id='word_1_144' title='bbox 941 1993 1109 2050; x_wconf 89' lang='lat' dir='ltr'>supra</span> <span class='ocrx_word' id='word_1_145' title='bbox 1135 1973 1722 2034; x_wconf 67' lang='lat' dir='ltr'>omnenrintellbctum</span> <span class='ocrx_word' id='word_1_146' title='bbox 1749 1978 1979 2035; x_wconf 83' lang='lat' dir='ltr'>viatoris</span> <span class='ocrx_word' id='word_1_147' title='bbox 2002 1987 2271 2052; x_wconf 86' lang='lat' dir='ltr'>quantum</span> <span class='ocrx_word' id='word_1_148' title='bbox 2293 1982 2361 2038; x_wconf 90' lang='lat' dir='ltr'>ad</span> <span class='ocrx_word' id='word_1_149' title='bbox 2392 1999 2527 2056; x_wconf 54' lang='lat' dir='ltr'>coge</span> 
     </span>
     <span class='ocr_line' id='line_1_21' title="bbox 526 2062 2527 2140; baseline 0.001 -15"><span class='ocrx_word' id='word_1_150' title='bbox 526 2067 791 2125; x_wconf 84' lang='lat' dir='ltr'>uitionem</span> <span class='ocrx_word' id='word_1_151' title='bbox 831 2082 940 2139; x_wconf 89' lang='lat' dir='ltr'>qua</span> <span class='ocrx_word' id='word_1_152' title='bbox 985 2062 1330 2138; x_wconf 83' lang='lat' dir='ltr'>cognoscitur</span> <span class='ocrx_word' id='word_1_153' title='bbox 1367 2065 1501 2139; x_wconf 88' lang='lat' dir='ltr'>quid</span> <span class='ocrx_word' id='word_1_154' title='bbox 1538 2071 1640 2132; x_wconf 87' lang='lat' dir='ltr'>est,</span> <span class='ocrx_word' id='word_1_155' title='bbox 1672 2081 1779 2121; x_wconf 87' lang='lat' dir='ltr'>non</span> <span class='ocrx_word' id='word_1_156' title='bbox 1820 2073 2005 2123; x_wconf 87' lang='lat' dir='ltr'>autem</span> <span class='ocrx_word' id='word_1_157' title='bbox 2046 2067 2115 2122; x_wconf 89' lang='lat' dir='ltr'>ad</span> <span class='ocrx_word' id='word_1_158' title='bbox 2156 2069 2527 2140; x_wconf 83' lang='lat' dir='ltr'>cognitionem</span> 
     </span>
     <span class='ocr_line' id='line_1_22' title="bbox 527 2153 2526 2231; baseline 0.001 -18"><span class='ocrx_word' id='word_1_159' title='bbox 527 2172 636 2230; x_wconf 90' lang='lat' dir='ltr'>qua</span> <span class='ocrx_word' id='word_1_160' title='bbox 664 2153 1008 2226; x_wconf 87' lang='lat' dir='ltr'>cognoscitur</span> <span class='ocrx_word' id='word_1_161' title='bbox 1039 2169 1108 2212; x_wconf 88' lang='lat' dir='ltr'>an</span> <span class='ocrx_word' id='word_1_162' title='bbox 1133 2160 1238 2212; x_wconf 85' lang='lat' dir='ltr'>est.</span> <span class='ocrx_word' id='word_1_163' title='bbox 1266 2159 1311 2210; x_wconf 83' lang='lat' dir='ltr'>A</span> <span class='ocrx_word' id='word_1_164' title='bbox 1337 2153 1515 2210; x_wconf 85' lang='lat' dir='ltr'>beatis</span> <span class='ocrx_word' id='word_1_165' title='bbox 1550 2161 1743 2214; x_wconf 73' lang='lat' dir='ltr'>autem</span> <span class='ocrx_word' id='word_1_166' title='bbox 1788 2155 2136 2226; x_wconf 85' lang='lat' dir='ltr'>cognoscitur</span> <span class='ocrx_word' id='word_1_167' title='bbox 2174 2159 2342 2214; x_wconf 83' lang='lat' dir='ltr'>etiam</span> <span class='ocrx_word' id='word_1_168' title='bbox 2390 2161 2526 2231; x_wconf 89' lang='lat' dir='ltr'>quid</span> 
     </span>
     <span class='ocr_line' id='line_1_23' title="bbox 526 2242 2527 2316; baseline 0.001 -16"><span class='ocrx_word' id='word_1_169' title='bbox 526 2252 631 2310; x_wconf 86' lang='lat' dir='ltr'>est,</span> <span class='ocrx_word' id='word_1_170' title='bbox 655 2245 784 2316; x_wconf 86' lang='lat' dir='ltr'>quia</span> <span class='ocrx_word' id='word_1_171' title='bbox 812 2242 1000 2299; x_wconf 80' lang='lat' dir='ltr'>vident</span> <span class='ocrx_word' id='word_1_172' title='bbox 1025 2243 1144 2315; x_wconf 83' lang='lat' dir='ltr'>ejus</span> <span class='ocrx_word' id='word_1_173' title='bbox 1171 2242 1466 2298; x_wconf 88' lang='lat' dir='ltr'>essentiam</span> <span class='ocrx_word' id='word_1_174' title='bbox 1498 2257 1513 2298; x_wconf 74' lang='grc' dir='ltr'><strong><em>ε</em></strong></span> <span class='ocrx_word' id='word_1_175' title='bbox 1543 2251 1600 2298; x_wconf 83' lang='lat' dir='ltr'>et</span> <span class='ocrx_word' id='word_1_176' title='bbox 1629 2248 1811 2298; x_wconf 84' lang='lat' dir='ltr'>tamen</span> <span class='ocrx_word' id='word_1_177' title='bbox 1845 2243 2074 2302; x_wconf 81' lang='lat' dir='ltr'>scientia</span> <span class='ocrx_word' id='word_1_178' title='bbox 2098 2243 2285 2302; x_wconf 83' lang='lat' dir='ltr'>diviua</span> <span class='ocrx_word' id='word_1_179' title='bbox 2307 2261 2413 2303; x_wconf 88' lang='lat' dir='ltr'>non</span> <span class='ocrx_word' id='word_1_180' title='bbox 2438 2254 2527 2303; x_wconf 88' lang='lat' dir='ltr'>est</span> 
     </span>
     <span class='ocr_line' id='line_1_24' title="bbox 523 2328 2527 2402; baseline 0.002 -16"><span class='ocrx_word' id='word_1_181' title='bbox 523 2331 700 2394; x_wconf 81' lang='lat' dir='ltr'>solum</span> <span class='ocrx_word' id='word_1_182' title='bbox 727 2330 796 2391; x_wconf 87' lang='lat' dir='ltr'>de</span> <span class='ocrx_word' id='word_1_183' title='bbox 817 2331 951 2398; x_wconf 89' lang='lat' dir='ltr'>Deo,</span> <span class='ocrx_word' id='word_1_184' title='bbox 969 2329 1066 2386; x_wconf 91' lang='lat' dir='ltr'>sed</span> <span class='ocrx_word' id='word_1_185' title='bbox 1093 2330 1262 2386; x_wconf 84' lang='lat' dir='ltr'>etiam</span> <span class='ocrx_word' id='word_1_186' title='bbox 1287 2329 1356 2388; x_wconf 91' lang='lat' dir='ltr'>de</span> <span class='ocrx_word' id='word_1_187' title='bbox 1381 2328 1503 2386; x_wconf 88' lang='lat' dir='ltr'>aliis</span> <span class='ocrx_word' id='word_1_188' title='bbox 1526 2345 1651 2402; x_wconf 87' lang='lat' dir='ltr'>quae</span> <span class='ocrx_word' id='word_1_189' title='bbox 1674 2329 2009 2388; x_wconf 84' lang='lat' dir='ltr'>intellectum</span> <span class='ocrx_word' id='word_1_190' title='bbox 2031 2328 2327 2390; x_wconf 82' lang='lat' dir='ltr'>humanum</span> <span class='ocrx_word' id='word_1_191' title='bbox 2354 2334 2527 2392; x_wconf 87' lang='lat' dir='ltr'>etiam</span> 
     </span>
     <span class='ocr_line' id='line_1_25' title="bbox 527 2409 2527 2495; baseline -0.001 -15"><span class='ocrx_word' id='word_1_192' title='bbox 527 2419 826 2489; x_wconf 58' lang='lat' dir='ltr'>secuudum</span> <span class='ocrx_word' id='word_1_193' title='bbox 847 2425 1058 2476; x_wconf 86' lang='lat' dir='ltr'>statum</span> <span class='ocrx_word' id='word_1_194' title='bbox 1081 2409 1192 2478; x_wconf 74' lang='lat' dir='ltr'>&#39;viae</span> <span class='ocrx_word' id='word_1_195' title='bbox 1219 2433 1327 2475; x_wconf 90' lang='lat' dir='ltr'>non</span> <span class='ocrx_word' id='word_1_196' title='bbox 1355 2417 1647 2486; x_wconf 83' lang='lat' dir='ltr'>excedunt,</span> <span class='ocrx_word' id='word_1_197' title='bbox 1678 2425 1945 2492; x_wconf 78' lang='lat' dir='ltr'>quantum</span> <span class='ocrx_word' id='word_1_198' title='bbox 1988 2419 2059 2477; x_wconf 84' lang='lat' dir='ltr'>ad</span> <span class='ocrx_word' id='word_1_199' title='bbox 2095 2421 2229 2494; x_wconf 87' lang='lat' dir='ltr'>quid</span> <span class='ocrx_word' id='word_1_200' title='bbox 2270 2430 2353 2478; x_wconf 82' lang='lat' dir='ltr'>est</span> <span class='ocrx_word' id='word_1_201' title='bbox 2388 2439 2527 2495; x_wconf 84' lang='lat' dir='ltr'>cog-</span> 
     </span>
     <span class='ocr_line' id='line_1_26' title="bbox 525 2507 1128 2580; baseline -0.007 -12"><span class='ocrx_word' id='word_1_202' title='bbox 525 2509 857 2571; x_wconf 83' lang='lat' dir='ltr'>noscendum</span> <span class='ocrx_word' id='word_1_203' title='bbox 877 2507 948 2572; x_wconf 86' lang='lat' dir='ltr'>de</span> <span class='ocrx_word' id='word_1_204' title='bbox 976 2507 1128 2580; x_wconf 86' lang='lat' dir='ltr'>ipsis.</span> 
     </span>
    </p>

    <p class='ocr_par' dir='ltr' id='par_1_5' title="bbox 524 2593 2531 3198">
     <span class='ocr_line' id='line_1_27' title="bbox 594 2593 2526 2668; baseline 0.003 -14"><span class='ocrx_word' id='word_1_205' title='bbox 594 2597 679 2654; x_wconf 81' lang='lat' dir='ltr'>Ad</span> <span class='ocrx_word' id='word_1_206' title='bbox 707 2597 928 2655; x_wconf 86' lang='lat' dir='ltr'>tertium</span> <span class='ocrx_word' id='word_1_207' title='bbox 957 2595 1264 2662; x_wconf 86' lang='lat' dir='ltr'>dicendum,</span> <span class='ocrx_word' id='word_1_208' title='bbox 1296 2595 1445 2667; x_wconf 85' lang='lat' dir='ltr'>quod</span> <span class='ocrx_word' id='word_1_209' title='bbox 1489 2593 1655 2652; x_wconf 84' lang='lat' dir='ltr'>sicut</span> <span class='ocrx_word' id='word_1_210' title='bbox 1680 2610 1847 2668; x_wconf 86' lang='lat' dir='ltr'>supra</span> <span class='ocrx_word' id='word_1_211' title='bbox 1889 2595 2097 2654; x_wconf 87' lang='lat' dir='ltr'>dictum</span> <span class='ocrx_word' id='word_1_212' title='bbox 2142 2605 2245 2668; x_wconf 90' lang='lat' dir='ltr'>est,</span> <span class='ocrx_word' id='word_1_213' title='bbox 2287 2599 2526 2660; x_wconf 85' lang='lat' dir='ltr'>bumana</span> 
     </span>
     <span class='ocr_line' id='line_1_28' title="bbox 525 2682 2526 2763; baseline 0.002 -21"><span class='ocrx_word' id='word_1_214' title='bbox 525 2685 788 2756; x_wconf 85' lang='lat' dir='ltr'>cogniti0,</span> <span class='ocrx_word' id='word_1_215' title='bbox 816 2682 903 2739; x_wconf 83' lang='lat' dir='ltr'>vel</span> <span class='ocrx_word' id='word_1_216' title='bbox 943 2682 1309 2740; x_wconf 86' lang='lat' dir='ltr'>consideratio</span> <span class='ocrx_word' id='word_1_217' title='bbox 1353 2689 1619 2755; x_wconf 87' lang='lat' dir='ltr'>quantum</span> <span class='ocrx_word' id='word_1_218' title='bbox 1674 2683 1743 2742; x_wconf 86' lang='lat' dir='ltr'>ad</span> <span class='ocrx_word' id='word_1_219' title='bbox 1780 2685 1865 2741; x_wconf 87' lang='lat' dir='ltr'>sui</span> <span class='ocrx_word' id='word_1_220' title='bbox 1916 2686 2209 2746; x_wconf 88' lang='lat' dir='ltr'>terminum</span> <span class='ocrx_word' id='word_1_221' title='bbox 2264 2691 2526 2763; x_wconf 87' lang='lat' dir='ltr'>pertingit</span> 
     </span>
     <span class='ocr_line' id='line_1_29' title="bbox 527 2763 2523 2852; baseline 0.006 -26"><span class='ocrx_word' id='word_1_222' title='bbox 527 2768 930 2846; x_wconf 88' lang='lat' dir='ltr'>quodammodo</span> <span class='ocrx_word' id='word_1_223' title='bbox 959 2769 1046 2826; x_wconf 88' lang='lat' dir='ltr'>ad</span> <span class='ocrx_word' id='word_1_224' title='bbox 1057 2763 1358 2852; x_wconf 78' lang='lat' dir='ltr'>angelicam</span> <span class='ocrx_word' id='word_1_225' title='bbox 1379 2771 1746 2843; x_wconf 84' lang='lat' dir='ltr'>cognitionem</span> <span class='ocrx_word' id='word_1_226' title='bbox 1773 2789 1879 2832; x_wconf 88' lang='lat' dir='ltr'>non</span> <span class='ocrx_word' id='word_1_227' title='bbox 1908 2775 2207 2833; x_wconf 88' lang='lat' dir='ltr'>secundum</span> <span class='ocrx_word' id='word_1_228' title='bbox 2228 2779 2523 2852; x_wconf 78' lang='lat' dir='ltr'>aequalita-</span> 
     </span>
     <span class='ocr_line' id='line_1_30' title="bbox 527 2855 2521 2941; baseline 0.004 -25"><span class='ocrx_word' id='word_1_229' title='bbox 527 2867 659 2927; x_wconf 89' lang='lat' dir='ltr'>tem‚</span> <span class='ocrx_word' id='word_1_230' title='bbox 677 2858 775 2915; x_wconf 85' lang='lat' dir='ltr'>sed</span> <span class='ocrx_word' id='word_1_231' title='bbox 800 2855 1120 2925; x_wconf 82' lang='lat' dir='ltr'>secundum</span> <span class='ocrx_word' id='word_1_232' title='bbox 1131 2857 1427 2932; x_wconf 77' lang='lat' dir='ltr'>quamdam</span> <span class='ocrx_word' id='word_1_233' title='bbox 1450 2858 1917 2924; x_wconf 83' lang='lat' dir='ltr'>assimilationem.</span> <span class='ocrx_word' id='word_1_234' title='bbox 1942 2863 2099 2920; x_wconf 85' lang='lat' dir='ltr'>Unde</span> <span class='ocrx_word' id='word_1_235' title='bbox 2124 2862 2261 2924; x_wconf 86' lang='lat' dir='ltr'>dicit</span> <span class='ocrx_word' id='word_1_236' title='bbox 2290 2868 2521 2941; x_wconf 77' lang='lat' dir='ltr'>Dionys.</span> 
     </span>
     <span class='ocr_line' id='line_1_31' title="bbox 527 2945 2527 3022; baseline 0.003 -17"><span class='ocrx_word' id='word_1_237' title='bbox 527 2962 612 3005; x_wconf 82' lang='lat' dir='ltr'>vu</span> <span class='ocrx_word' id='word_1_238' title='bbox 637 2963 762 3020; x_wconf 86' lang='lat' dir='ltr'>cap.</span> <span class='ocrx_word' id='word_1_239' title='bbox 779 2945 850 3003; x_wconf 91' lang='lat' dir='ltr'>de</span> <span class='ocrx_word' id='word_1_240' title='bbox 876 2946 1048 3003; x_wconf 86' lang='lat' dir='ltr'>divin.</span> <span class='ocrx_word' id='word_1_241' title='bbox 1063 2947 1244 3003; x_wconf 89' lang='lat' dir='ltr'>Nomi.</span> <span class='ocrx_word' id='word_1_242' title='bbox 1264 2947 1415 3022; x_wconf 89' lang='lat' dir='ltr'>quod</span> <span class='ocrx_word' id='word_1_243' title='bbox 1436 2967 1463 3001; x_wconf 75' lang='grc' dir='ltr'><strong>α</strong></span> <span class='ocrx_word' id='word_1_244' title='bbox 1484 2948 1681 3009; x_wconf 81' lang='lat' dir='ltr'>animae</span> <span class='ocrx_word' id='word_1_245' title='bbox 1708 2949 2003 3010; x_wconf 86' lang='lat' dir='ltr'>multorum</span> <span class='ocrx_word' id='word_1_246' title='bbox 2031 2952 2103 3009; x_wconf 90' lang='lat' dir='ltr'>ad</span> <span class='ocrx_word' id='word_1_247' title='bbox 2128 2969 2296 3010; x_wconf 89' lang='lat' dir='ltr'>unum</span> <span class='ocrx_word' id='word_1_248' title='bbox 2315 2970 2527 3012; x_wconf 87' lang='lat' dir='ltr'>convo-</span> 
     </span>
     <span class='ocr_line' id='line_1_32' title="bbox 525 3027 2531 3111; baseline 0.006 -21"><span class='ocrx_word' id='word_1_249' title='bbox 525 3035 730 3096; x_wconf 70' lang='lat' dir='ltr'>lutione</span> <span class='ocrx_word' id='word_1_250' title='bbox 755 3050 823 3092; x_wconf 84' lang='lat' dir='ltr'>ex</span> <span class='ocrx_word' id='word_1_251' title='bbox 849 3033 1214 3092; x_wconf 86' lang='lat' dir='ltr'>intellectibus</span> <span class='ocrx_word' id='word_1_252' title='bbox 1243 3027 1550 3108; x_wconf 82' lang='lat' dir='ltr'>aequalibus</span> <span class='ocrx_word' id='word_1_253' title='bbox 1587 3037 1809 3108; x_wconf 75' lang='lat' dir='ltr'>Angelis</span> <span class='ocrx_word' id='word_1_254' title='bbox 1842 3038 1900 3096; x_wconf 84' lang='lat' dir='ltr'>in</span> <span class='ocrx_word' id='word_1_255' title='bbox 1928 3045 2199 3111; x_wconf 80' lang='lat' dir='ltr'>quantum</span> <span class='ocrx_word' id='word_1_256' title='bbox 2238 3042 2531 3103; x_wconf 81' lang='lat' dir='ltr'>animabus</span> 
     </span>
     <span class='ocr_line' id='line_1_33' title="bbox 524 3122 2491 3198; baseline -0.002 -18"><span class='ocrx_word' id='word_1_257' title='bbox 524 3129 611 3182; x_wconf 86' lang='lat' dir='ltr'>est</span> <span class='ocrx_word' id='word_1_258' title='bbox 633 3122 912 3197; x_wconf 88' lang='lat' dir='ltr'>proprium</span> <span class='ocrx_word' id='word_1_259' title='bbox 935 3130 990 3180; x_wconf 85' lang='lat' dir='ltr'>et</span> <span class='ocrx_word' id='word_1_260' title='bbox 1018 3123 1292 3196; x_wconf 73' lang='lat' dir='ltr'>possibile,</span> <span class='ocrx_word' id='word_1_261' title='bbox 1315 3129 1446 3180; x_wconf 87' lang='lat' dir='ltr'>sunt</span> <span class='ocrx_word' id='word_1_262' title='bbox 1471 3125 1651 3198; x_wconf 82' lang='lat' dir='ltr'>dignae</span> <span class='ocrx_word' id='word_1_263' title='bbox 1678 3125 1903 3183; x_wconf 82' lang='lat' dir='ltr'>babitae.</span> <span class='ocrx_word' id='word_1_264' title='bbox 1930 3145 1957 3178; x_wconf 72' lang='lat' dir='ltr'><strong>n</strong></span> <span class='ocrx_word' id='word_1_265' title='bbox 2486 3161 2491 3164; x_wconf 91' lang='lat'>-</span> 
     </span>
    </p>

    <p class='ocr_par' dir='ltr' id='par_1_6' title="bbox 444 3197 2529 3646">
     <span class='ocr_line' id='line_1_34' title="bbox 595 3197 2527 3293; baseline 0.004 -23"><span class='ocrx_word' id='word_1_266' title='bbox 595 3213 679 3270; x_wconf 87' lang='lat' dir='ltr'>Ad</span> <span class='ocrx_word' id='word_1_267' title='bbox 706 3218 961 3288; x_wconf 87' lang='lat' dir='ltr'>quartum</span> <span class='ocrx_word' id='word_1_268' title='bbox 989 3197 1298 3280; x_wconf 58' lang='lat' dir='ltr'>dicendum,</span> <span class='ocrx_word' id='word_1_269' title='bbox 1328 3213 1474 3286; x_wconf 90' lang='lat' dir='ltr'>quod</span> <span class='ocrx_word' id='word_1_270' title='bbox 1513 3212 1753 3284; x_wconf 86' lang='lat' dir='ltr'>cognitio</span> <span class='ocrx_word' id='word_1_271' title='bbox 1774 3213 1944 3271; x_wconf 89' lang='lat' dir='ltr'>etiam</span> <span class='ocrx_word' id='word_1_272' title='bbox 1978 3214 2107 3273; x_wconf 84' lang='lat' dir='ltr'>fidei</span> <span class='ocrx_word' id='word_1_273' title='bbox 2134 3219 2371 3277; x_wconf 86' lang='lat' dir='ltr'>maxime</span> <span class='ocrx_word' id='word_1_274' title='bbox 2391 3236 2527 3293; x_wconf 87' lang='lat' dir='ltr'>per-</span> 
     </span>
     <span class='ocr_line' id='line_1_35' title="bbox 524 3285 2527 3378; baseline 0.003 -19"><span class='ocrx_word' id='word_1_275' title='bbox 524 3300 665 3359; x_wconf 88' lang='lat' dir='ltr'>tinet</span> <span class='ocrx_word' id='word_1_276' title='bbox 692 3299 763 3358; x_wconf 90' lang='lat' dir='ltr'>ad</span> <span class='ocrx_word' id='word_1_277' title='bbox 789 3285 1158 3363; x_wconf 71' lang='lat' dir='ltr'>inteliectum.</span> <span class='ocrx_word' id='word_1_278' title='bbox 1174 3302 1297 3359; x_wconf 86' lang='grc' dir='ltr'><strong>Νοιι</strong></span> <span class='ocrx_word' id='word_1_279' title='bbox 1323 3301 1469 3358; x_wconf 81' lang='lat' dir='ltr'>enim</span> <span class='ocrx_word' id='word_1_280' title='bbox 1499 3317 1620 3358; x_wconf 84' lang='lat' dir='ltr'>eam</span> <span class='ocrx_word' id='word_1_281' title='bbox 1658 3301 1886 3360; x_wconf 87' lang='lat' dir='ltr'>rationis</span> <span class='ocrx_word' id='word_1_282' title='bbox 1922 3303 2343 3378; x_wconf 84' lang='lat' dir='ltr'>investigatione</span> <span class='ocrx_word' id='word_1_283' title='bbox 2376 3309 2527 3365; x_wconf 87' lang='lat' dir='ltr'>acci-</span> 
     </span>
     <span class='ocr_line' id='line_1_36' title="bbox 525 3387 2526 3464; baseline 0.004 -19"><span class='ocrx_word' id='word_1_284' title='bbox 525 3389 724 3463; x_wconf 88' lang='lat' dir='ltr'>pimus,</span> <span class='ocrx_word' id='word_1_285' title='bbox 751 3388 848 3446; x_wconf 90' lang='lat' dir='ltr'>sed</span> <span class='ocrx_word' id='word_1_286' title='bbox 871 3388 1106 3463; x_wconf 85' lang='lat' dir='ltr'>simplici</span> <span class='ocrx_word' id='word_1_287' title='bbox 1137 3387 1453 3464; x_wconf 80' lang='lat' dir='ltr'>acceptione</span> <span class='ocrx_word' id='word_1_288' title='bbox 1476 3390 1787 3456; x_wconf 78' lang='lat' dir='ltr'>intellectus</span> <span class='ocrx_word' id='word_1_289' title='bbox 1818 3391 1868 3447; x_wconf 89' lang='lat' dir='ltr'>ei</span> <span class='ocrx_word' id='word_1_290' title='bbox 1892 3393 2245 3452; x_wconf 87' lang='lat' dir='ltr'>assentimus.</span> <span class='ocrx_word' id='word_1_291' title='bbox 2277 3396 2526 3454; x_wconf 84' lang='lat' dir='ltr'>Dicimur</span> 
     </span>
     <span class='ocr_line' id='line_1_37' title="bbox 525 3476 2529 3558; baseline 0.003 -24"><span class='ocrx_word' id='word_1_292' title='bbox 525 3487 710 3540; x_wconf 82' lang='lat' dir='ltr'>autem</span> <span class='ocrx_word' id='word_1_293' title='bbox 745 3491 956 3558; x_wconf 24' lang='lat' dir='ltr'>caurien·v</span> <span class='ocrx_word' id='word_1_294' title='bbox 986 3476 1306 3558; x_wconf 65' lang='lat' dir='ltr'>intelligere,</span> <span class='ocrx_word' id='word_1_295' title='bbox 1337 3479 1395 3545; x_wconf 83' lang='lat' dir='ltr'>in</span> <span class='ocrx_word' id='word_1_296' title='bbox 1422 3483 1687 3550; x_wconf 87' lang='lat' dir='ltr'>quantum</span> <span class='ocrx_word' id='word_1_297' title='bbox 1728 3478 2039 3538; x_wconf 84' lang='lat' dir='ltr'>intellectus</span> <span class='ocrx_word' id='word_1_298' title='bbox 2078 3481 2295 3555; x_wconf 88' lang='lat' dir='ltr'>plenam</span> <span class='ocrx_word' id='word_1_299' title='bbox 2335 3499 2529 3542; x_wconf 86' lang='lat' dir='ltr'>eorum</span> 
     </span>
     <span class='ocr_line' id='line_1_38' title="bbox 444 3561 2529 3646; baseline 0.003 -23"><span class='ocrx_word' id='word_1_300' title='bbox 444 3613 447 3615; x_wconf 95' lang='lat'>.</span> <span class='ocrx_word' id='word_1_301' title='bbox 485 3595 492 3598; x_wconf 95' lang='lat'><em>-</em></span> <span class='ocrx_word' id='word_1_302' title='bbox 523 3567 897 3641; x_wconf 76' lang='lat' dir='ltr'>cognitione-m</span> <span class='ocrx_word' id='word_1_303' title='bbox 927 3564 1036 3625; x_wconf 85' lang='lat' dir='ltr'>non</span> <span class='ocrx_word' id='word_1_304' title='bbox 1075 3561 1247 3636; x_wconf 72' lang='lat' dir='ltr'>habet</span> <span class='ocrx_word' id='word_1_305' title='bbox 1271 3582 1286 3622; x_wconf 76' lang='lat' dir='ltr'><em>z</em></span> <span class='ocrx_word' id='word_1_306' title='bbox 1313 3565 1461 3640; x_wconf 91' lang='lat' dir='ltr'>quod</span> <span class='ocrx_word' id='word_1_307' title='bbox 1496 3566 1719 3642; x_wconf 83' lang='lat' dir='ltr'>quidem</span> <span class='ocrx_word' id='word_1_308' title='bbox 1749 3567 1907 3628; x_wconf 88' lang='lat' dir='ltr'>nobis</span> <span class='ocrx_word' id='word_1_309' title='bbox 1930 3569 1987 3628; x_wconf 89' lang='lat' dir='ltr'>in</span> <span class='ocrx_word' id='word_1_310' title='bbox 2015 3571 2304 3645; x_wconf 73' lang='lat' dir='ltr'>praemium</span> <span class='ocrx_word' id='word_1_311' title='bbox 2329 3587 2529 3646; x_wconf 80' lang='lat' dir='ltr'>repro·-</span> 
     </span>
    </p>

    <p class='ocr_par' dir='ltr' id='par_1_7' title="bbox 524 3655 781 3719">
     <span class='ocr_line' id='line_1_39' title="bbox 524 3655 781 3719; baseline 0.016 -4"><span class='ocrx_word' id='word_1_312' title='bbox 524 3655 781 3719; x_wconf 54' lang='lat' dir='ltr'>mittitur·</span> 
     </span>
    </p>
   </div>
   <div class='ocr_carea' id='block_1_3' title="bbox 1253 3779 1292 3810">
    <p class='ocr_par' dir='ltr' id='par_1_8' title="bbox 1253 3779 1292 3810">
     <span class='ocr_line' id='line_1_40' title="bbox 1253 3779 1292 3810; baseline 0 -16"><span class='ocrx_word' id='word_1_313' title='bbox 1253 3790 1260 3794; x_wconf 89' lang='lat'>.</span> <span class='ocrx_word' id='word_1_314' title='bbox 1270 3779 1292 3810; x_wconf 28' lang='lat'>‘2&#39;</span> 
     </span>
    </p>
   </div>
   <div class='ocr_carea' id='block_1_4' title="bbox 2779 837 2793 4411">
    <p class='ocr_par' dir='ltr' id='par_1_9' title="bbox 2779 837 2793 4411">
     <span class='ocr_line' id='line_1_41' title="bbox 2779 837 2793 4411; baseline 0 0"><span class='ocrx_word' id='word_1_315' title='bbox 2779 837 2793 4411; x_wconf 95' lang='lat' dir='ltr'> </span> 
     </span>
    </p>
   </div>
  </div>
 </body>
</html>
