2800 4492
537 308 588 368 4·
1011 319 1072 370 ιι.
1117 319 1352 371 ⁹1·quAE
1390 319 1721 372 nomm-ris
1760 283 2105 375 censemus,

538 436 696 496 nobis
737 441 954 511 o'portet
991 435 1186 510 quaeri,
1219 444 1486 516 quantum
1516 436 1768 495 humanae
1806 436 2036 496 rationis
2074 436 2307 496 intuitus
2335 440 2406 498 ad
2434 441 2525 498 dei

539 527 674 584 tatis
701 526 846 584 valet
873 524 1022 584 celsa
1049 525 1439 590 conscendere.
1480 527 1621 584 Nam
1648 525 1867 584 caeteris
1904 542 2125 601 quoque
2163 528 2375 586 artibus
2411 529 2563 597 idem

537 615 665 672 finis
709 623 793 672 est
847 615 1215 683 constitutus,
1261 631 1549 688 quousque
1595 622 1777 689 potest
1821 613 1937 672 vita
1998 616 2229 680 rationis
2270 618 2565 686 accedere.

536 705 730 780 Neque
757 705 904 763 enim
927 703 1202 764 medicina
1233 705 1397 777 aegris
1420 720 1637 778 semper
1662 704 1819 762 affert
1844 705 2103 766 salutem.
2126 707 2232 764 Sed
2262 706 2430 772 nulla-
2451 709 2560 764 erit

538 793 699 866 culpa
721 793 1010 861 medentis,
1037 793 1085 850 si
1109 793 1244 851 nihil
1267 809 1456 854 eorum
1481 809 1605 867 quae
1631 793 1747 851 fleri
1767 793 2056 867 oportebat
2082 795 2349 863 omiserit,
2376 795 2564 852 idem-.

539 899 647 956 que
689 882 744 938 in
782 883 1020 941 caeteris.
1053 885 1128 940 At
1155 890 1425 956 quantum
1460 882 1579 940 hasc
1614 881 1887 944 difficilior
1916 883 2151 958 quaestio
2192 888 2299 954 est,
2340 889 2560 952 tantum

537 969 752 1029 facilior
789 970 952 1028 debet
980 986 1100 1029 esse
1128 970 1198 1030 ad
1223 970 1462 1048 veniam.
1487 971 1655 1032 Vobis
1683 977 1867 1043 tamen
1901 972 2035 1035 illud
2058 972 2228 1030 etiam
2256 973 2583 1046 inspicien-'

539 1059 672 1116 dum
703 1065 808 1127 est,
839 1075 910 1118 nn
937 1071 1002 1117 ex
1031 1059 1180 1118 beati
1217 1063 1397 1133 Augu.
1436 1060 1658 1134 scriptis
1684 1059 1895 1120 semina
1928 1060 2202 1124 rationum
2245 1062 2301 1120 in
2330 1075 2429 1123 nos
2455 1077 2560 1118 ve-

537 1148 748 1206 nientia
773 1147 986 1206 fructus
1011 1148 1318 1208 attulerint.
1353 1149 1515 1208 Nunc
1552 1149 1622 1207 do
1646 1149 1928 1224 proposita
1970 1149 2275 1223 quaestione
2302 1149 2431 1262 hinc
2455 1165 2557 1215 suff.

538 1253 758 1332 mamus
793 1237 1032 1296 initium.
1067 1256 1096 1292 n

606 1416 748 1473 Huic
774 1431 904 1488 ergo
935 1413 1086 1490 operi
1115 1414 1437 1488 proaemium
1472 1413 1783 1489 praemittit,
1815 1415 1871 1472 in
1899 1429 2009 1490 quo
2042 1414 2152 1474 tria
2179 1414 2334 1474 facit.
2374 1415 2557 1481 Primo

536 1507 782 1564 breviter
802 1521 998 1562 causas
1020 1504 1202 1579 operis
1229 1500 1498 1578 praelibat,
1531 1505 1587 1562 in
1614 1520 1723 1580 quo
1753 1505 1934 1563 reddit
1958 1496 2267 1564 auditorem
2297 1505 2552 1568 docilem..

537 1596 786 1653 Secundo
823 1594 1229 1651 excusationem
1257 1593 1557 1666 subjungit,
1589 1594 1647 1650 in
1684 1610 1794 1668 quo
1822 1595 2004 1651 reddit
2038 1595 2346 1654 auditorem
2384 1595 2557 1652 bene-

536 1684 741 1752 volum,
775 1682 882 1738 ibi:
916 1701 944 1736 α
979 1682 1191 1739 Idcirco
1228 1681 1453 1756 stylum.
1496 1701 1523 1734 n
1554 1683 1741 1740 Tertio
1771 1683 2010 1740 ostendit
2050 1683 2135 1742 sui
2164 1683 2346 1754 operis
2381 1683 2557 1756 origi-

537 1788 682 1839 nem,
725 1779 780 1827 et
809 1768 966 1844 quasi
1004 1770 1324 1827 doctrinam.
1349 1785 1473 1828 esse
1498 1772 1685 1828 Sancti
1713 1775 1891 1844 Augu.
1932 1772 1989 1828 in
2028 1787 2138 1846 quo
2174 1772 2558 1832 reddit‚audi-.·

538 1867 716 1918 torem
744 1865 1036 1926 attentum,
1068 1857 1143 1915 ibi
1166 1875 1190 1914 :-
1211 1879 1238 1913 α
1265 1859 1435 1920 Vobis
1464 1867 1645 1916 tamen
1681 1858 1741 1926 id
1759 1859 2191 1932 inspiciendum.
2236 1879 2262 1912 n
2292 1861 2557 1937 Proponit

538 1955 723 2007 autem
756 1956 993 2023 quatuor
1019 1962 1216 2004 causas
1245 1948 1447 2022 operis,
1476 1948 1529 2004 in
1570 1949 1745 2021 prima
1771 1954 1947 2022 parte.
1980 1950 2161 2006 Primo
2191 1949 2553 2018 materialem,

537 2054 664 2094 cum
699 2036 875 2093 dicit:
907 2036 1355 2109 «Investigatam
1401 2036 1710 2102 diutissime
1750 2037 2132 2110 quaestionem,
2166 2057 2192 2090 ι)
2232 2037 2445 2114 scilicet
2485 2038 2557 2097 de

537 2126 808 2186 Trinitate
837 2140 1191 2198 personarum
1223 2125 1381 2182 unius
1410 2127 1509 2182 Dei
1555 2125 1611 2181 in
1651 2125 1759 2182 duo
1796 2134 1852 2182 et
1894 2125 2271 2183 difficultatem
2308 2126 2557 2185 materiae

539 2216 799 2286 insinuat,
844 2230 968 2288 quae
1005 2213 1217 2271 diutina
1247 2213 1670 2285 investigatione
1712 2212 1948 2284 indiguit
1990 2231 2003 2268 t
2036 2221 2091 2269 et
2120 2214 2287 2270 studii
2314 2214 2558 2286 diligen-

539 2305 694 2373 tiam,
728 2319 836 2377 qua
862 2305 978 2376 ipse
1007 2319 1129 2360 eam
1152 2300 1461 2361 diutissime
1490 2300 1863 2373 investigavit,
1906 2307 1967 2356 ut
1995 2299 2332 2374 intelligatur
2367 2304 2560 2360 inves-

539 2393 771 2466 tigatam
813 2409 846 2449 a
886 2393 1062 2461 nobis,
1095 2393 1347 2466 quamvis
1387 2391 1557 2448 etiam
1600 2389 1829 2462 intelligi
1873 2390 2047 2465 possit
2089 2391 2478 2464 investigatam
2522 2407 2559 2452 a

537 2481 801 2556 pluribus,
833 2480 964 2556 quia
990 2497 1022 2539 a
1043 2481 1314 2556 principio
1342 2479 1617 2541 nascentis
1640 2478 1903 2538 Ecclesiae
1930 2478 2051 2540 haec
2074 2480 2307 2553 quaestio
2335 2481 2557 2552 ingenia

537 2569 780 2627 fidelium
810 2571 1045 2626 maxime
1083 2569 1355 2641 fatigavit.
1395 2567 1649 2630 Secundo
1677 2566 1854 2640 tangit
1892 2582 2117 2625 causam
2144 2567 2469 2629 efficientem
2500 2575 2558 2631 et

539 2660 863 2732 proximam,
887 2657 1004 2716 sive
1029 2657 1430 2725 secundariam,
1452 2672 1579 2717 cum
1598 2657 1767 2712 dicit:
1788 2677 1813 2708 α
1838 2655 2113 2725 Quantum
2133 2657 2332 2720 mentis
2352 2661 2559 2721 nostrae

537 2745 859 2815 igniculum.
897 2763 923 2796 2>
966 2743 1036 2802 Et
1083 2743 1314 2814 primam
1357 2743 1473 2798 sive
1515 2740 1891 2816 principalem,
1921 2740 1994 2796 ibi
2032 2757 2047 2796 ς
2094 2761 2120 2792 α
2154 2741 2431 2797 illustrare
2461 2741 2558 2804 lux

539 2833 724 2889 divina
752 2833 980 2904 dignata
1006 2837 1111 2888 est.
1147 2848 1174 2882 x>
1205 2829 1457 2892 Proxima
1486 2829 1711 2903 quidem
1737 2843 1905 2884 causa
1928 2827 2089 2900 hujus
2117 2829 2558 2902 investigationis

538 2921 642 2978 fuit
669 2921 979 2978 intellectus
1015 2917 1276 2984 auctoris,
1305 2918 1400 2990 qui
1430 2925 1579 2972 recte
1607 2915 1879 2987 igniculus
1902 2915 2122 2997 dicitur.
2152 2937 2178 2968 α
2211 2917 2358 2988 Ignis
2384 2919 2552 2986 enim,

540 3013 601 3062 ut
629 3006 763 3063 dicit
807 3007 1004 3078 Diony.
1037 3020 1136 3062 xv.
1168 3002 1325 3060 coele.
1351 3003 1487 3070 Jer.,
1514 3002 1751 3058 maxime
1780 3002 2043 3075 competit
2070 3003 2135 3071 ad
2166 3003 2561 3074 significandas·

539 3094 756 3154 divinas
777 3093 1168 3168 proprietateS,
1192 3097 1308 3154 tum
1333 3090 1541 3148 ratione
1566 3090 1907 3158 subtilitatis,
1934 3098 2050 3147 tum
2076 3092 2285 3147 ratione
2310 3091 2553 3163 luminis»,

541 3190 660 3240 tum
687 3181 900 3239 ratione
927 3179 1149 3237 virtutis
1175 3179 1372 3242 activae
1402 3185 1625 3252 propter
1656 3177 1915 3247 calorem,
1946 3185 2062 3236 tum
2092 3179 2305 3250 ratione
2332 3181 2475 3248 situs
2498 3187 2557 3253 et

541 3279 744 3329 motuS.
777 3289 802 3322 »
829 3268 966 3340 Quae
993 3269 1216 3342 quidem
1237 3268 1474 3325 maxime
1498 3269 1611 3324 Deo
1635 3268 1985 3336 conveniunt,
2018 3268 2074 3324 in
2094 3285 2203 3341 quo
2232 3276 2315 3325 est
2338 3284 2558 3342 summa

540 3359 886 3434 simplicitas,
919 3363 976 3413 et
1004 3357 1461 3426 immaterialitaS,
1492 3355 1734 3430 perfecta
1761 3355 2021 3425 chari-tas,
2054 3356 2398 3429 omnipotens
2437 3359 2558 3429 vir-‚-

543 3457 650 3514 tuS,
685 3452 741 3504 et
769 3445 1036 3502 altissima
1064 3443 1389 3502 sublimitas.
1419 3444 1644 3516 Angelis
1676 3450 1861 3501 autem
1890 3444 2153 3516 competit
2182 3445 2554 3516 mediocriter,

544 3536 640 3594 sed
665 3535 916 3590 humanis
940 3533 1214 3594 mentibus
1241 3534 1459 3590 infirmo
1484 3533 1664 3603 modo,
1685 3548 1920 3606 quarum
1948 3541 2169 3605 propter
2198 3549 2397 3606 corpus
2419 3551 2558 3594 con-

537 3629 792 3698 junctum
831 3623 1042 3695 puritas
1083 3621 1417 3696 inquinatur,
1463 3629 1519 3678 et
1547 3622 1641 3678 lux
1681 3621 2111 3692 obscuratum-et
2141 3621 2313 3692 virtus
2356 3624 2556 3693 debili-

545 3711 710 3781 tatur,
745 3720 802 3770 et
829 3719 1012 3768 motus
1034 3712 1089 3766 in
1119 3726 1330 3768 summo
1359 3710 1671 3768 retardatur
1708 3727 1721 3766 ε
1764 3710 1905 3766 unde
1928 3707 2182 3767 humanae
2206 3713 2405 3768 mentis
2434 3713 2558 3769 effi-

541 3804 697 3860 cacia
737 3807 886 3858 recte
934 3799 1170 3872 igniculo
1199 3807 1568 3872 comparatur.
1599 3797 1754 3854 Unde
1784 3815 1885 3854 nec
1926 3801 1994 3854 ad
2048 3799 2207 3870 hujus
2236 3801 2559 3872 quaestionis

545 3892 832 3953 veritatem
861 3888 1244 3963 inquirendam
1269 3888 1491 3961 sufficit,
1522 3886 1629 3946 nisi
1657 3887 1857 3958 divina,
1884 3887 2005 3945 luce
2034 3887 2336 3958 illustretur
2374 3897 2429 3948 et
2470 3893 2556 3950 sic
