2800 4492
307 594 326 689 ...nuss'
303 583 310 591 ⁴

863 466 1298 605 EDITOR
1386 468 1873 605 LECTORI

1113 743 1144 765 J
1171 738 1247 773 ..πῃ

440 824 528 881 En
561 822 694 894 tibi,
721 814 980 881 studiose
1004 822 1244 893 Lector,
1249 818 1545 899 'volumen
1576 822 1892 881 secuudum
1926 821 2370 901 opusculorum

364 910 831 989 theoloyicorum
873 910 995 969 divi
1025 907 1291 970 Thomae.
1322 912 1466 969 Duo
1494 914 1727 969 tantum
1761 912 2041 987 opuscula
2072 914 2369 989 complec-

362 1000 538 1072 titur,
571 1018 643 1057 ea
675 1017 819 1057 vero
864 998 1065 1074 magni
1103 998 1413 1081 momenti
1433 1016 1637 1099 neque
1670 998 1982 1057 mediocris
2028 1018 2168 1057 sane
2198 1001 2367 1061 utili«

363 1086 531 1148 tatis.
580 1088 851 1147 Primum
892 1080 1256 1145 inscribitur
1274 1076 1653 1163 Exposztao
1646 1086 1767 1145 in
1768 1081 2009 1146 librum
2052 1087 2260 1148 Boetii
2302 1088 2369 1149 de

363 1172 703 1244 fruticate,
729 1190 1091 1248 numeroque
1134 1173 1307 1231 LXX
1338 1168 1683 1232 recensetur
1723 1174 1783 1232 in
1824 1192 2067 1233 romana
2110 1179 2231 1249 ed.;
2277 1196 2365 1236 se-

357 1266 634 1335 cundnm,
674 1262 1040 1335 Qua-stiones
1074 1260 1523 1341 quodlibetaleS,
1556 1264 1653 1320 de
1670 1281 1785 1337 quo
1821 1263 2001 1339 juvat
2038 1266 2363 1325 doctissimi

361 1352 433 1413 Β.
466 1352 554 1411 M.
590 1353 662 1410 de
693 1351 914 1409 Rubeis
943 1355 1251 1425 sequentia
1282 1351 1471 1407 verba
1500 1350 1727 1409 referre
1762 1366 1777 1409 ε
1808 1368 1845 1409 «
1873 1351 1961 1409 Eo
1992 1354 2226 1411 nomine
2254 1372 2365 1431 ap-

359 1440 611 1517 pellatas
653 1439 915 1497 arbitror
943 1438 1078 1497 illas
1122 1438 1520 1508 Quaestiones,
1554 1438 1765 1513 quibus
1796 1440 2015 1498 Doctor
2062 1446 2264 1499 noster
2292 1444 2364 1501 de

356 1528 544 1587 variis
564 1526 926 1606 quibuslibet
951 1527 1320 1601 argumentis
1345 1526 1759 1601 pertractavit,
1785 1526 1912 1584 sive
1935 1546 2066 1603 quae
2094 1548 2198 1604 pro
2224 1531 2363 1599 data

357 1616 658 1676 occasione
707 1614 1133 1685 occurrebant,
1192 1612 1320 1671 sive
1360 1632 1493 1689 quae
1548 1615 2027 1690 proponebantur
2076 1618 2150 1674 ab
2197 1618 2354 1676 aliis.

355 1706 508 1764 Hinc
553 1703 832 1763 differunt
872 1720 910 1761 a
961 1700 1404 1775 Qacestioaibus
1448 1701 1804 1779 disputatis,
1850 1720 1997 1777 quas
2045 1704 2172 1780 ipse
2219 1707 2358 1764 data

354 1810 536 1869 opera
563 1791 832 1850 versavit
877 1790 935 1848 in
977 1790 1196 1849 scholis
1238 1790 1643 1865 agitavitque3
1687 1809 1755 1849 ae
1784 1791 2064 1849 differunt
2110 1792 2290 1851 etiam
2322 1812 2357 1852 a

360 1879 814 1944 Commentariis
859 1886 920 1937 et
948 1896 986 1937 a
1023 1877 1274 1940 Samma
1317 1877 1668 1957 theoloqica,
1718 1882 2184 1955 proptereaquod
2229 1882 2356 1941 haec

353 1987 534 2045 opera
587 1968 885 2043 integrum
939 1968 1412 2042 complectantur
1479 1967 1771 2043 quoddam
1824 1967 2013 2025 veluti
2066 1969 2352 2029 doctrinae

351 2056 702 2133 theologicae
752 2073 988 2131 corpuS,
1033 2055 1262 2113 nonnisi
1304 2055 1475 2113 varia
1508 2056 1780 2131 quaedam
1813 2055 2129 2131 theologiae
2156 2058 2356 2133 capita

349 2143 854 2207 contineantillae.
881 2160 919 2201 »
943 2142 1326 2221 (Deqestiset
1342 2142 1671 2220 seriptis&
1700 2141 1961 2215 Thema,
1980 2144 2219 2205 dissert.
2238 2146 2351 2221 XI,

349 2252 480 2309 cap.
520 2250 604 2305 iv,
637 2251 695 2290 n.
728 2232 790 2305 2,
826 2248 962 2307 pag·
998 2231 1160 2308 144).

429 2322 479 2379 1.
515 2320 705 2379 Multa
733 2337 918 2379 sacrae
941 2318 1226 2377 doctrinae
1255 2319 1453 2395 capita
1482 2318 1736 2377 dilucide
1764 2318 2007 2395 exponit
2034 2320 2353 2381 Commen-

349 2410 541 2467 tarius
515 2408 628 2466 sin
672 2407 979 2481 Boetium3
1013 2406 1236 2464 nullum
1267 2412 1465 2465 tamen
1507 2406 1747 2466 uberius
1789 2408 1884 2466 vel
1928 2408 2259 2483 enodatius,
2292 2410 2349 2469 ni

349 2496 637 2567 fallimur,
669 2512 845 2569 quam
893 2494 1278 2568 quaestionem
1311 2510 1451 2550 sane
1472 2493 1793 2566 jucundam
1835 2513 1903 2552 ac
1932 2514 2088 2570 saepe
2136 2498 2193 2554 in
2225 2498 2351 2557 dis-

347 2582 746 2659 ceptationem
798 2585 1094 2649 vocatam,
1128 2580 1201 2635 de
1248 2580 1450 2646 habitu
1492 2579 1721 2637 scilicet
1763 2582 1921 2639 inter
1970 2582 2259 2643 rationem
2290 2590 2352 2645 et

345 2672 547 2731 fidem.
595 2669 724 2727 Hoc
754 2666 905 2725 idem
937 2671 1350 2741 argumentum
1400 2668 1777 2743 persequitur
1812 2669 2077 2743 Aquinas
2120 2679 2244 2731 tum
2289 2673 2346 2732 in

347 2759 592 2822 Samma
621 2754 970 2833 theoloqica,
994 2754 1020 2813 1
1046 2760 1228 2831 part.,
1256 2760 1471 2830 quaest.
1494 2773 1537 2828 1,
1562 2764 1680 2815 art.
1702 2757 1777 2827 8;
1803 2754 1977 2829 ibid„
2000 2766 2211 2834 quaest.
2235 2778 2347 2835 xu,

346 2854 466 2907 art.
494 2850 532 2905 4
549 2844 733 2916 et123
757 2842 932 2915 ibid„
954 2848 1166 2918 quaest.
1196 2860 1395 2915 xxxii,
1416 2847 1531 2904 art.
1566 2842 1624 2916 1,
1646 2851 1865 2903 —tum
1894 2846 1953 2903 in
1978 2864 2156 2922 opere
2190 2846 2351 2911 Con-

347 2940 448 2997 tra
485 2931 769 3005 Gentiles,
801 2931 905 2991 lib.
939 2930 989 3004 1,
1017 2950 1102 2989 ce.
1136 2948 1330 3001 111-1x,
1363 2939 1425 2988 et
1453 2932 1593 2990 alibi
1626 2932 1744 3008 (cf.
1776 2932 2075 2994 Tabulam
2103 2952 2347 2997 auream

345 3024 516 3083 Petri
541 3024 614 3081 de
639 3022 958 3095 Ber-gamo,
996 3020 1162 3077 verb.
1195 3020 1403 3091 Fines,
1446 3038 1545 3079 nn.
1581 3020 1719 3090 134,
1752 3022 1890 3091 137,
1926 3022 2099 3098 138);
2132 3023 2189 3081 in
2219 3025 2349 3099 pri-

347 3110 464 3171 mis
507 3128 650 3168 vero
679 3109 905 3167 laudati
951 3106 1215 3183 opusculi
1257 3107 1683 3183 quaestionibus
1729 3108 1959 3167 acutius
2004 3111 2344 3186 discutitur,
2391 3165 2397 3171 .

345 3198 638 3275 copiosius
666 3202 846 3271 atque
883 3195 992 3254 sub
1038 3195 1208 3253 novis
1232 3194 1601 3271 respectibus
1630 3195 2009 3273 explanatur.
2044 3198 2348 3276 Exemplis

346 3306 476 3347 rem
501 3285 888 3361 comprobare
913 3282 1110 3343 liceat.
1145 3283 1210 3340 In
1241 3287 1454 3359 quaest.
1491 3301 1557 3355 ιι,
1591 3288 1709 3343 art.
1746 3285 1808 3357 3,
1840 3284 2060 3360 triplex
2098 3288 2349 3347 rationis

345 3376 622 3435 humanae
649 3373 778 3431 sive
806 3389 968 3431 sanae
997 3371 1386 3447 philosophiae
1428 3388 1643 3429 munus
1683 3370 1741 3429 in
1792 3372 1968 3431 rebus
1998 3374 2347 3451 theologicis
2414 3368 2423 3377 ’

347 3464 436 3523 ita
462 3460 746 3522 describit
772 3478 786 3519 :
818 3479 855 3520 «
885 3459 951 3518 In
982 3476 1153 3518 sacra
1181 3459 1471 3528 doctrina,
1500 3458 1874 3537 philosophia
1897 3478 2207 3537 possumus
2232 3462 2341 3523 tri·

350 3569 387 3610 «
416 3549 648 3628 pliciter
693 3547 782 3607 uti
841 3563 856 3607 :
909 3546 1158 3619 Prima,
1195 3540 1270 3605 ad
1320 3547 1843 3606 demonstrandum
1898 3566 1970 3606 ea
2026 3568 2157 3624 quae
2208 3555 2349 3619 sunt

348 3659 385 3700 «
416 3635 778 3716 praeambula
805 3634 963 3705 fidei,
1009 3653 1143 3710 quae
1184 3634 1518 3693 necessaria
1546 3642 1686 3693 sunt
1721 3636 1782 3693 in
1810 3635 1947 3694 fidei
1978 3638 2250 3711 scientia,
2284 3643 2349 3699 ut

349 3744 386 3785 «
414 3744 484 3785 ea
508 3744 638 3801 quae
668 3723 1036 3783 naturalibus
1064 3722 1392 3781 rationibus
1424 3723 1497 3781 de
1520 3724 1643 3782 Deo
1679 3725 2029 3799 probantur,
2070 3730 2134 3783 ut
2162 3726 2350 3787 Deum

349 3833 386 3874 «
414 3832 566 3886 esse,
598 3815 783 3873 Deum
813 3830 942 3871 esse
989 3830 1166 3869 unum
1213 3816 1276 3869 et
1301 3810 1643 3886 hujusmodi
1691 3812 1765 3869 de
1800 3812 1924 3869 Deo
1954 3810 2050 3868 vel
2080 3814 2154 3869 de
2178 3832 2355 3873 crea-

349 3920 388 3961 «
413 3902 565 3962 turis
594 3902 651 3960 in
683 3899 1056 3978 philosophia
1086 3898 1355 3975 probata,
1388 3914 1520 3973 quae
1546 3898 1692 3956 fides
1722 3897 2020 3972 supponit.
2054 3896 2349 3975 Secunda,

2546 3878 2734 3892 wf-
