2800 4492
519 343 638 404 122
994 363 1047 406 s.
1089 363 1324 410 ‘mous
1361 355 1688 408 Aemi-uris
1730 354 2039 399 causeum

515 475 812 549 simplices,
849 489 954 534 nec
979 475 1174 533 incidit
1209 477 1269 534 in
1293 487 1482 530 earum
1518 469 1919 544 quidditatibus
1959 467 2145 542 aliqua
2172 466 2521 540 compositio,

516 570 578 620 ut
621 563 855 621 habetur
895 580 998 639 per
1039 564 1342 638 philosoph
1345 576 1423 616 im
1467 567 1525 616 et
1558 560 2055 616 commentatorem
2097 571 2162 612 ix
2202 554 2525 628 Metaphys;

517 667 647 724 ergo
675 669 773 724 per
797 652 1058 710 scientias
1085 649 1452 726 speculativas
1478 662 1585 712 non
1622 661 1910 721 possumus
1941 643 2235 754 praedictas
2260 642 2531 700 substan·-

519 741 625 797 tias
653 740 974 812 intelligere.

586 828 907 900 Respondeo
959 829 1270 898 dicendum,
1317 825 1461 900 quod
1508 825 1564 880 in
1618 821 1864 880 scientiis
1909 819 2265 894 speculativis
2308 833 2532 890 semper

518 915 832 989 proceditur
859 931 926 972 ex
948 917 1134 990 aliquo
1158 917 1310 990 prius
1338 920 1469 970 noto
1495 920 1609 969 tam
1636 911 1691 968 in
1715 907 2273 967 demonstrationibus
2298 906 2532 968 conclu-

519 1005 750 1070 sionum,
778 1018 944 1076 quam
971 1004 1028 1060 in
1054 1003 1461 1062 inventionibus
1492 1001 1661 1056 etiam
1684 997 2081 1055 definitionum.
2106 997 2261 1052 Sicut
2285 995 2532 1051 enim-ex

412 1159 416 1164 .
521 1091 978 1164 propositionibus
1018 1092 1368 1164 praecognitis
1401 1087 1602 1161 aliquis
1639 1086 1859 1144 devenit
1897 1085 1952 1141 in
1982 1084 2353 1156 cognitionem
2392 1097 2535 1139 con-

521 1178 798 1248 clusionis,
829 1180 910 1238 ita
931 1195 1000 1236 ex
1027 1180 1385 1253 conceptione
1413 1177 1649 1250 generis,
1678 1180 1735 1231 et
1762 1173 2105 1240 differentiae,
2144 1178 2201 1228 et
2236 1185 2535 1228 causarum

521 1268 600 1324 rei
639 1267 869 1324 aliarum
898 1269 1118 1324 devenit
1154 1270 1211 1324 in
1257 1266 1625 1338 cognitionem
1652 1262 1901 1337 speciei:
1943 1261 2048 1318 hoc
2083 1269 2268 1320 autem
2310 1275 2419 1316 non
2446 1267 2537 1325 est

521 1356 818 1442 possibile
801 1373 858 1412 in
898 1356 1171 1412 infinitum
1209 1355 1519 1428 procedere,
1560 1353 1693 1426 quia
1728 1351 1809 1408 sic
1843 1350 2021 1406 omnis
2048 1349 2279 1406 scientia
2324 1349 2535 1420 periret

521 1437 580 1501 et
599 1451 862 1518 quantum
891 1444 961 1500 ad
989 1444 1509 1509 demonstrationeS,
1540 1449 1599 1497 et
1626 1448 1893 1513 quantum
1912 1437 1985 1500 ad
2012 1437 2377 1503 definitiones,
2405 1451 2535 1492 cum

522 1533 732 1590 infinita
759 1549 864 1589 non
892 1532 964 1588 sit
993 1532 1350 1606 pertransire.
1383 1531 1537 1588 Unde
1568 1528 1747 1584 omnis
1772 1525 2136 1584 consideratio
2176 1525 2536 1582 scientiarum
2567 1542 2579 1550 ’-

520 1622 980 1694 speculativarum
1006 1621 1287 1677 reducitur
1333 1620 1387 1674 in
1424 1618 1607 1691 aliqua
1638 1615 1923 1689 principia,
1954 1629 2081 1686 quae
2106 1613 2331 1687 quidem
2370 1612 2539 1670 homo

521 1725 628 1764 non
661 1708 826 1764 habet
859 1723 1080 1763 necesse
1103 1707 1324 1763 addisce
1339 1723 1415 1774 re,
1458 1712 1552 1762 aut
1587 1703 1849 1768 invenire,
1890 1719 1955 1757 ne
1980 1708 2229 1774 oporteat
2260 1703 2316 1757 in
2345 1701 2539 1756 inlini-

522 1804 640 1854 tum
664 1791 977 1868 procedere,
1005 1794 1102 1850 sed
1131 1809 1322 1850 eorum
1374 1793 1625 1848 notitiam
1668 1789 1988 1851 naturaliter
2024 1789 2205 1856 habet,
2252 1797 2311 1846 et
2337 1790 2539 1862 hujus-

522 1882 669 1940 modi
717 1888 844 1940 sunt
883 1881 1148 1954 principia
1195 1881 1731 1938 demonstrationum
1776 1877 2300 1943 indemonstrabilia,
2344 1885 2408 1933 ut
2450 1886 2538 1936 est

523 1991 550 2026 α
579 1969 752 2027 Omne
776 1977 950 2028 totum
973 1976 1058 2025 est
1085 1970 1258 2040 majus
1295 1985 1391 2026 sna
1416 1977 1570 2038 parte
1602 1989 1649 2031 ι,
1676 1975 1732 2030 et
1761 1966 2088 2038 hujusmodi,
2116 1967 2170 2022 in
2195 1981 2321 2038 quae
2345 1981 2539 2024 omnes

522 2057 1010 2115 demonstrationes
1055 2055 1407 2113 scientiarum
1448 2060 1799 2134 reducuntur,
1842 2061 1899 2111 et
1933 2061 2099 2114 etiam
2146 2061 2339 2129 primae
2382 2072 2525 2115 con-

497 2146 799 2218 'ceptiones
825 2143 1153 2211 intellectus,
1185 2145 1432 2211 utentis,
1462 2145 1644 2211 uniuS,
1670 2152 1728 2201 et
1756 2144 2084 2217 hujusmodi,
2114 2144 2171 2200 in
2201 2161 2327 2218 quae
2352 2160 2525 2218 opor-

457 2230 461 2235 ’
522 2241 602 2291 tet
628 2234 888 2290 reducere
915 2247 1104 2290 omnes
1123 2233 1469 2292 definitiones
1490 2233 1841 2294 scientiarum
1870 2232 2276 2304 praedictarum.
2302 2233 2383 2288 Ex
2410 2249 2523 2306 quo

522 2327 674 2396 patet
712 2321 858 2395 quod
887 2321 1020 2378 nihil
1055 2328 1232 2394 potest
1277 2321 1406 2378 sciri
1434 2321 1494 2376 in
1536 2320 1781 2379 scientiis
1824 2320 2177 2391 speculativis
2216 2337 2395 2394 neque
2422 2339 2523 2394 per

522 2411 664 2468 viam
692 2409 1042 2476 definitionis,
1073 2423 1250 2482 neque
1272 2423 1368 2482 per
1389 2410 1541 2467 viam
1558 2408 2054 2474 demonstrationis,
2082 2408 2185 2466 nisi
2210 2423 2277 2464 ea
2303 2414 2523 2472 tantum

519 2500 588 2555 ad
638 2513 763 2572 quae
800 2498 1062 2572 praedicta
1109 2497 1431 2557 naturaliter
1476 2496 1695 2568 cognita
1732 2511 1791 2552 se
1836 2496 2153 2556 extendunt.
2196 2497 2521 2568 Hujusmodi

519 2595 702 2646 autem
741 2587 1063 2645 naturaliter
1089 2587 1308 2658 cognita
1339 2586 1545 2642 homini
1584 2584 2002 2648 manifestantur
2026 2600 2093 2640 ex
2122 2583 2325 2640 lumine
2352 2586 2523 2642 intel-

518 2674 692 2728 lectus
735 2674 966 2741 agentis,
1011 2671 1158 2744 quod
1199 2679 1283 2727 est
1335 2671 1541 2728 homini
1584 2671 1850 2736 naturale,
1900 2686 2008 2744 quo
2050 2671 2273 2744 quidem
2316 2671 2523 2729 lumine

519 2759 652 2816 nihil
684 2758 1062 2815 manifestatur
1094 2757 1269 2826 nobis,
1299 2758 1404 2814 nisi
1434 2759 1491 2814 in
1514 2766 1779 2832 quantum
1807 2775 1903 2831 per
1932 2758 2109 2835 ipsum
2136 2759 2518 2832 phantasmata

522 2847 659 2903 fiunt
687 2844 1045 2916 intelligibilia
1073 2845 1130 2901 in
1157 2851 1304 2902 actu.
1340 2847 1443 2902 Hic
1470 2853 1554 2912 est
1584 2847 1731 2905 enim
1766 2855 1923 2903 actus
1950 2847 2258 2903 intellectus
2282 2849 2516 2918 agentiS,

525 2939 586 2990 ut
606 2932 807 2988 dicitur
829 2932 886 2990 in
913 2948 981 2989 ιιι
1014 2931 1085 3000 de
1109 2933 1326 3000 Anima.
1358 2933 1743 2991 Phantasmata
1772 2942 1955 2991 autem
1980 2950 2013 2991 a
2044 2949 2206 2990 sensu
2235 2937 2521 3009 accipiun-

522 3027 630 3092 tur,
656 3019 799 3076 unde
819 3019 1144 3093 principium
1173 3020 1498 3093 cognitionis
1520 3021 1905 3094 praedictorum
1935 3022 2323 3095 principiorum
2344 3031 2430 3080 est
2454 3040 2521 3080 ex

519 3123 682 3165 sensu
708 3113 766 3164 et
789 3109 1072 3176 memoria,
1105 3116 1166 3164 ut
1195 3116 1344 3181 patet
1373 3125 1468 3181 per
1496 3109 1879 3182 Philosophum
1904 3110 1959 3164 in
1985 3110 2093 3166 fine
2126 3111 2515 3178 Posteriorum,

517 3201 574 3250 et
617 3195 698 3250 sic
740 3194 1046 3267 hujusmodi
1092 3197 1358 3270 principia
1386 3211 1493 3254 non
1539 3197 1745 3254 ducunt
1783 3213 1881 3254 nos
1918 3197 2167 3266 ulterius,
2200 3197 2306 3255 nisi
2342 3199 2413 3256 ad
2455 3215 2521 3257 ea

517 3296 748 3356 quorum
800 3284 1164 3354 cognitionem
1211 3285 1495 3358 acquirere
1540 3299 1829 3358 possumus
1870 3301 1937 3342 ex
1983 3285 2069 3344 his
2109 3301 2235 3360 quae
2279 3301 2313 3344 a
2356 3303 2519 3344 sensu

517 3367 1064 3440 comprehenduntur.
1113 3370 1401 3440 Quidditas
1444 3379 1627 3430 autem
1667 3373 2099 3445 substantiarum
2136 3382 2521 3448 separatarum

517 3473 626 3513 non
655 3461 836 3530 potest
861 3460 1114 3528 cognosci
1141 3474 1238 3532 per
1262 3475 1326 3516 ea
1349 3475 1473 3533 quae
1500 3475 1661 3517 sensu
1688 3461 2036 3534 percipimuS,
2063 3467 2127 3518 ut
2145 3477 2213 3518 ex
2238 3462 2521 3534 praedictis

518 3553 686 3619 patet,
711 3545 960 3626 quamvis
979 3547 1262 3617 pervenire
1286 3549 1556 3620 possimus
1576 3565 1669 3622 per
1688 3549 1965 3606 sensibilia
1986 3550 2057 3606 ad
2080 3551 2520 3622 cognoscendum

519 3631 824 3707 hujusmodi
847 3632 1180 3692 substantias
1203 3651 1342 3704 esse,
1370 3643 1427 3694 et
1450 3637 1663 3711 aliquas
1684 3653 1873 3694 earum
1899 3637 2241 3694 conditiones
2268 3656 2283 3694 ι
2310 3644 2369 3696 et
2395 3639 2521 3698 ideo

518 3738 614 3797 per
641 3721 842 3778 nullam
871 3721 1155 3780 scientiam
1183 3723 1572 3798 speculativam
1594 3725 1935 3798 -potest‘sciri
1958 3725 2028 3782 de
2050 3725 2233 3798 aliqua
2258 3725 2523 3784 substan-

517 3811 598 3898 tia
623 3817 876 3883 separata
915 3810 1047 3886 quid
1074 3821 1178 3880 est,
1217 3814 1468 3890 quamvis
1493 3815 1764 3886 possimus
1788 3815 1930 3872 scire
1957 3814 2107 3889 ipsas
2142 3829 2281 3882 esse,
2327 3820 2386 3872 et
2412 3814 2525 3872 ali-

521 3912 660 3973 quas
686 3913 870 3958 earum
910 3899 1270 3971 conditiones,
1313 3909 1506 3976 utpote
1536 3903 1684 3977 quod
1726 3902 1838 3962 sint
1864 3895 2280 3974 intellectuales,
2328 3909 2389 3964 et
2430 3903 2526 3967 in·
