2800 4492
521 328 612 396 ’38
975 391 982 395 ,
1009 343 1061 389 s.
1107 343 1348 394 1·quAE
1382 340 1720 396 dommus,
1752 338 2067 401 opuscumr

1269 530 1271 534 ¹
1327 584 1639 656 LECTIO
1684 584 1741 657 Ι.

605 764 633 797 «
681 743 1006 803 Christianae
1052 744 1330 819 religionis
1370 745 1736 804 reverentiam
1781 744 1966 819 plures
2006 746 2288 819 usurpant,
2336 743 2433 800 sed
2472 758 2541 801 ea

522 832 670 889 fides
709 833 877 907 pollet
916 834 1153 891 maxime
1182 849 1248 891 ac
1275 832 1538 903 solitarie,
1572 850 1697 908 quae
1729 843 1847 892 tum
1886 839 2109 907 propter
2151 831 2540 895 universalium

530 928 807 995 praecepta
832 922 1159 994 regularum,
1190 923 1386 997 quibus
1412 924 1657 996 ejusdem
1680 922 1957 995 religionis
1981 922 2316 994 intelligatur
2344 926 2539 977 aucto-

533 1011 689 1081 ritaS,
733 1018 849 1067 tum
885 1018 1175 1085 propterea
1204 1011 1349 1085 quod
1375 1012 1493 1083 ejus
1516 1012 1697 1069 cultus
1729 1028 1825 1084 per
1854 1026 2043 1070 omnes
2070 1011 2181 1067 sere
2204 1009 2390 1066 mundi
2424 1014 2539 1064 ter-

520 1100 712 1155 -minos
738 1102 1032 1169 emanavit,
1069 1100 1358 1169 catholica,
1387 1100 1471 1157 vel
1500 1100 1824 1158 universalis
1849 1106 2111 1167 vocatum
2138 1101 2295 1171 cujus
2326 1098 2443 1155 haec
2470 1098 2539 1153 de

533 1188 802 1245 Trinitate
825 1190 1094 1246 sententia
1119 1194 1234 1247 estz
1267 1192 1444 1255 Pater,
1474 1180 1746 1261 inquiunt,
1775 1197 1859 1245 est
1881 1190 2046 1255 Deus,
2074 1188 2243 1243 Filius
2266 1194 2349 1243 est
2372 1188 2535 1253 DeuS,

533 1276 768 1349 Spiritus
790 1278 1025 1335 Sanctus
1047 1282 1129 1335 e'st
1153 1280 1330 1348 Deus;
1359 1278 1525 1350 igitur
1547 1280 1727 1347 Pater,
1754 1277 1941 1347 Filius,
1972 1284 2029 1335 et
2052 1276 2285 1349 Spiritus
2309 1273 2540 1332 Sanctus

537 1366 681 1421 Deus
709 1382 865 1435 unus,
897 1383 1005 1423 non
1030 1372 1142 1425 tres
1165 1366 1259 1435 dii,
1284 1369 1443 1439 cujus
1466 1367 1866 1440 conjunctionis
1886 1366 2025 1423 ratio
2049 1371 2131 1420 est
2152 1363 2538 1422 indifferentia.

531 1452 638 1509 Eos
679 1455 826 1512 enim
863 1454 1168 1512 differentia
1205 1456 1519 1524 comitatur,
1555 1456 1648 1529 qui
1684 1454 1772 1513 vel
1812 1461 2030 1527 augent,
2062 1453 2147 1511 vel
2176 1454 2446 1518 minuunt,
2478 1461 2538 1509 ut

531 1542 740 1609 Ariani,
774 1544 868 1616 qui
895 1544 1154 1615 gradibus
1184 1545 1505 1601 meritorum
1544 1544 1869 1601 Trinitatem
1902 1544 2177 1602 variantes
2206 1542 2535 1609 distrahunt,

531 1636 699 1704 atque
737 1632 794 1688 in
823 1632 1138 1705 pluritatem
1173 1633 1471 1689 deducunt.
1514 1632 1846 1703 Principium
1879 1632 2023 1687 enim
2053 1630 2346 1703 pluritatiS,
2398 1630 2541 1687 alte-

519 1720 670 1776 -ritas
698 1729 800 1777 est.
832 1722 1038 1779 Praeter
1075 1721 1409 1779 alteritatem
1438 1722 1581 1777 enim
1612 1721 1732 1777 haec
1764 1721 1994 1794 pluritas
2022 1720 2154 1792 quid
2187 1720 2277 1787 sit,
2310 1718 2539 1791 intelligi

535 1815 734 1880 potest.
785 1810 1040 1867 Omnium
1085 1826 1318 1883 namque
1352 1825 1555 1876 rerum,
1586 1809 1673 1867 vel
1699 1809 1985 1881 quotlibet,
2018 1818 2134 1865 tum
2176 1824 2391 1880 genere,
2424 1813 2541 1863 tum

519 1896 734 1968 specie,
760 1905 876 1955 tum
903 1914 1130 1955 numero
1151 1898 1445 1955 diversitas
1469 1903 1705 1954 constat.
1737 1897 1962 1967 Quoties
1982 1898 2127 1953 enim
2146 1896 2347 1953 dicitur
2369 1896 2535 1963 idem,

535 1985 701 2043 toties
746 1994 802 2043 et
840 1988 1118 2046 diversum
1155 1987 1510 2060 praedicatur.
1539 1986 1689 2043 Idem
1724 2002 1857 2045 vero
1886 1987 2085 2043 dicitur
2130 1986 2302 2044 tribus
2339 1986 2545 2053 modis,
2591 2058 2609 2065 ν

523 2082 632 2130 ‘aut
663 2090 881 2146 genere,
927 2082 988 2131 ut
1011 2076 1158 2131 idem
1185 2074 1346 2131 homo
1375 2076 1522 2148 quod
1564 2092 1755 2149 equus,
1788 2077 1919 2148 quia
1961 2075 2045 2131 his
2080 2075 2227 2131 idem
2266 2090 2439 2147 genus
2479 2080 2541 2131 ut

534 2161 736 2219 animal
770 2179 783 2219 z
814 2161 902 2218 vel
933 2161 1131 2234 specie,
1170 2168 1230 2218 ut
1258 2162 1406 2219 idem
1446 2164 1580 2219 Cato
1617 2164 1761 2235 quod
1792 2164 1999 2230 Cicero,
2033 2164 2162 2235 quia
2193 2162 2387 2217 eadem
2412 2176 2541 2235 spe·-

531 2236 664 2316 cieS,
697 2257 755 2306 ut
780 2249 941 2306 homo
984 2266 998 2304 t
1027 2248 1116 2307 vel
1145 2266 1391 2328 numero,
1421 2256 1483 2306 ut
1512 2250 1719 2306 Tullius
1752 2251 1961 2317 Cicero,
1990 2254 2121 2322 quia
2150 2266 2287 2305 unus
2315 2259 2400 2306 est
2435 2267 2540 2306 nu-

531 2344 704 2393 mero·
731 2337 911 2407 Quare
939 2337 1216 2396 diversum
1250 2340 1419 2395 etiam
1456 2338 1541 2395 vel
1578 2354 1796 2410 genere,
1828 2338 1914 2393 vel
1940 2337 2143 2411 specie,
2185 2338 2274 2395 vel
2316 2354 2540 2401 numero

532 2425 754 2493 dicitur,
785 2426 880 2483 sed
911 2443 1136 2484 numero
1165 2427 1529 2485 differentiam
1562 2426 1694 2484 facit
1721 2426 2088 2484 accidentium
2111 2426 2371 2484 varietas.
2402 2430 2539 2484 Nam

531 2521 650 2575 tres
687 2514 934 2572 homines
970 2532 1148 2590 neque
1174 2532 1392 2589 genere,
1420 2532 1617 2591 ·neque
1644 2514 1845 2589 specie,
1886 2515 1983 2571 sed
2011 2514 2125 2571 suis
2168 2513 2540 2572 accidentibus

532 2598 759 2662 distant.
804 2606 946 2662 Nam
981 2606 1028 2661 si
1069 2605 1156 2662 vel
1195 2606 1377 2663 animo
1406 2611 1605 2663 cuncta
1642 2604 1712 2662 ab
1736 2602 1822 2660 his
1860 2603 2165 2661 accidentia
2202 2612 2534 2676 separemuS,

531 2699 719 2749 tamen
747 2692 901 2750 locus
928 2694 1142 2750 cunctis
1165 2693 1417 2750 diversus
1444 2699 1547 2760 est,
1581 2708 1745 2765 quem
1772 2708 1941 2748 unum
1965 2693 2169 2765 fingere
2198 2688 2347 2750 nullo
2378 2694 2541 2751 modo

520 2796 840 2853 possumus.
873 2782 992 2837 Duo
1021 2780 1165 2836 enim
1201 2796 1431 2855 corpora
1468 2796 1635 2837 unum
1677 2780 1855 2837 locum
1883 2796 1991 2837 non
2028 2780 2295 2849 obtinent,
2326 2782 2423 2854 qui
2456 2789 2540 2839 est

533 2869 788 2926 accidens
822 2885 836 2925 :
869 2876 1034 2943 atque
1065 2868 1190 2925 ideo
1217 2875 1345 2926 sunt
1378 2884 1605 2927 numero
1633 2868 1835 2942 plures,
1878 2870 2137 2943 quoniam
2166 2869 2538 2929 accidentibus

533 2957 719 3033 plures
742 2956 900 3015 fiunt.
926 2976 953 3010 ι)

515 3156 520 3162 ·
605 3118 732 3175 Post
751 3116 1095 3192 prooemium,
1122 3116 1212 3175 hic
1237 3118 1457 3176 Boetius
1484 3118 1676 3193 incipit
1700 3123 1995 3177 tractatum
2019 3119 2087 3176 de
2114 3119 2383 3177 Trinitate
2410 3136 2542 3195 per·-

535 3221 812 3274 sonarum,
854 3213 908 3262 et
938 3206 1148 3263 unitate
1194 3207 1396 3268 divinae
1425 3208 1679 3265 essentiae
1720 3225 1733 3262 t
1781 3214 1838 3265 et
1864 3207 2129 3265 dividitur
2172 3208 2306 3266 liber
2336 3210 2440 3266 iste
2484 3212 2540 3269 in

537 3296 674 3351 duas
715 3300 919 3367 partes·
960 3294 1160 3365 Prim0,
1207 3296 1555 3369 prosequitur
1590 3312 1655 3354 ea
1684 3313 1808 3371 quae
1843 3297 2119 3371 pertinent
2160 3299 2227 3355 ad
2272 3299 2559 3365 unitatem⁸

537 3384 739 3443 divinae
769 3384 1023 3443 essentiae
1057 3393 1249 3444 contra
1285 3384 1539 3443 Arianos·
1582 3385 1848 3453 Secundo,
1880 3401 1945 3442 ea
1992 3400 2115 3459 quae
2155 3385 2428 3459 pertinent
2470 3387 2542 3446 ad

539 3472 862 3532 Trinitatem
900 3488 1253 3546 personarum
1277 3481 1467 3532 contra
1496 3472 1809 3542 Sabellium,
1842 3472 1918 3529 ihi
1952 3489 1966 3529 ε
1999 3493 2033 3527 «-
2056 3474 2163 3547 Sed
2190 3474 2294 3531 hoc
2321 3476 2543 3535 interim

511 3564 610 3622 -ad
631 3577 774 3619 eam.
808 3580 836 3615 »
876 3563 1054 3620 Prima
1083 3563 1142 3619 in
1166 3564 1321 3620 duaS.
1357 3562 1534 3619 Primo
1564 3563 1815 3636 proponit
1842 3562 2135 3620 catholioae'
2158 3563 2282 3620 fidei
2316 3571 2542 3623 senten-

541 3652 673 3709 tiam
701 3651 770 3708 de
810 3652 1018 3710 unitate
1063 3652 1266 3709 divinae
1307 3652 1579 3709 essentiae.
1618 3652 1883 3720 Secunde,
1916 3652 2213 3723 investigat
2248 3654 2545 3727 propositae

539 3740 826 3798 sententiae
865 3740 1174 3809 veritatem,
1211 3739 1287 3796 ibi
1321 3758 1334 3795 :
1369 3762 1395 3793 α
1427 3743 1541 3813 Age
1573 3741 1760 3813 igitur,
1793 3740 2182 3813 ingrediamur.
2212 3760 2239 3795 »
2270 3742 2451 3799 Prima
2486 3744 2542 3799 in

541 3829 696 3887 duas·
729 3830 906 3887 Primo
934 3829 1208 3896 describit
1221 3829 1350 3887 fidei
1378 3830 1765 3899 conditionem,
1802 3831 1960 3903 cujus
1985 3830 2314 3896 sententiam
2349 3846 2545 3904 prose-

543 3918 635 3993 qui
683 3918 936 3978 intendit.
987 3917 1256 3991 Secundo,
1301 3919 1554 3995 proponit
1600 3920 1889 3995 descriptae
1929 3919 2055 3979 fidei
2096 3920 2425 3981 sententiam
2472 3921 2547 3981 de
