2800 4492
438 324 443 329 ·
513 304 628 366 186
986 326 1040 369 s.
1082 323 1315 369 ‘monae
1354 314 1684 375 Aoumms
1723 313 2033 368 croscum

581 438 666 494 Ad
707 438 1005 495 secundum
1033 439 1344 509 dicendum,
1376 440 1523 514 quod
1564 440 1704 499 ratio
1747 439 1836 496 illa
1866 438 2113 513 procedit
2148 437 2218 493 de
2266 434 2540 509 passione

514 541 639 599 quae
662 532 747 582 est
766 542 860 599 per
888 529 1287 600 susceptionem
1306 520 1502 588 fdrmae?
1524 529 1834 586 contrariae.
2181 542 2198 553 ·

570 615 668 671 ‘Ad
700 616 921 672 tertium
958 617 1266 688 dicendum,
1300 619 1446 693 quod
1487 620 1706 693 propria
1735 616 1985 675 voluntas
2011 615 2212 673 dicitur
2241 616 2448 671 ardere
2479 613 2540 669 in

516 702 745 771 inferum
778 704 909 777 quia
933 711 1171 762 meretur
1199 707 1473 764 ardorem.

1175 884 1631 947 ARTIGULUS
1685 884 1854 945 XIV.

590 1012 807 1077 Utrum
831 1015 1053 1096 oequali
1081 1033 1261 1095 poena
1280 1017 1624 1097 puniendi
1598 1036 1666 1079 m
1682 1014 2050 1095 puraatooio
2078 1031 2239 1078 unus
2278 1014 2478 1079 citius

1062 1107 1263 1185 possit
1292 1106 1540 1169 liberari
1567 1122 1748 1186 quam
1775 1106 1960 1168 alius.

593 1236 676 1293 Ad
716 1238 1017 1293 secundum
1060 1241 1141 1295 sic
1170 1239 1584 1311 procedebatur.
1618 1241 1671 1294 ⁴.
1707 1238 1932 1295 Videtur
1961 1236 2108 1310 quod
2150 1236 2382 1291 duorum
2429 1234 2539 1308 qui

524 1334 651 1381 sunt
676 1324 824 1397 digni
854 1326 1051 1398 aequali
1078 1326 1257 1399 pizena,
1292 1344 1432 1383 unus
1455 1342 1559 1383 non
1589 1328 1760 1397 possit
1787 1326 1949 1381 citius
1978 1341 2009 1380 a
2035 1324 2350 1397 purgatorio
2386 1323 2542 1379 libe-

525 1414 634 1469 rari
663 1414 1024 1486 quam-alius.
1066 1415 1337 1471 ‚iudicium
1380 1415 1524 1471 enim
1565 1422 1688 1487 post
1718 1419 1949 1471 mortem
1989 1427 2096 1467 non
2138 1416 2220 1469 e'st
2267 1410 2534 1473 hominis,

524 1502 621 1557 sed
658 1503 776 1569 Dei,
806 1502 898 1575 qui
938 1504 1235 1561 secundum
1262 1504 1550 1560 veritatem
1579 1502 1810 1575 judicat,
1845 1508 1905 1559 ut
1942 1501 2143 1558 dicitur
2173 1498 2238 1556 ad
2268 1501 2428 1557 Rom.
2459 1516 2535 1559 ιι.

527 1590 631 1645 Sed
689 1595 879 1647 contra
922 1592 1209 1649 veritatem
1240 1592 1533 1663 judicaret,
1584 1592 1628 1649 'si
1675 1592 1766 1647 uni
1813 1605 2020 1655 eorum,
2073 1589 2167 1661 qui
2211 1594 2339 1644 sunt
2373 1588 2540 1660 digni

527 1678 724 1749 aequali
763 1694 943 1749 poena‚
980 1678 1316 1750 infligeretur
1350 1680 1567 1751 gravior
1598 1696 1754 1752 poena
1784 1694 1972 1733 sensus
2001 1692 2167 1751 quam
2206 1676 2397 1738 alteri:
2435 1676 2539 1733 dn·-

532 1763 661 1821 latio
686 1778 868 1820 autem
892 1765 1080 1837 gloriae
1107 1773 1191 1823 est
1218 1770 1391 1837 major
1422 1784 1580 1840 poena
1605 1784 1765 1840 quam
1797 1766 2068 1824 acerbitas
2095 1780 2270 1838 poenae
2297 1780 2532 1832 sensus;

532 1852 679 1924 quia,
713 1852 853 1909 sicut
882 1854 1015 1910 dicit
1040 1854 1457 1929 Chrysostomus
1479 1872 1642 1929 super
1663 1854 1875 1921 Matih„
1909 1870 2096 1910 carere
2115 1854 2322 1911 visione
2341 1852 2536 1909 divina

532 1948 617 1995 est
639 1941 810 2011 major
840 1956 999 2012 poena
1024 1958 1190 2014 quam
1214 1943 1471 2015 quaelibet
1499 1958 1659 2016 poena
1685 1942 1976 2002 Sensibilis.
2006 1942 2152 2013 Ergo
2183 1956 2320 1997 unus
2338 1956 2537 1998 eorum-

533 2028 625 2099 qui
654 2028 803 2101 digni
826 2038 952 2087 sunt
988 2030 1189 2104 aequali
1218 2046 1395 2104 poena,
1427 2048 1530 2091 non
1561 2033 1822 2103 majorem
1859 2030 2176 2125 dilationem
2200 2029 2388 2106 gloriae
2425 2045 2538 2101 pa-

536 2117 701 2172 tietur
724 2117 895 2177 altero
920 2120 1081 2175 citius
1115 2118 1365 2175 liberato·

604 2206 1205 2276 2.Praeierea,ma1um,
1224 2208 1524 2265 secundum
1553 2207 2152 2279 Augustinum‚dicitur
2181 2206 2311 2279 quia
2333 2212 2532 2274 nocet;

534 2302 693 2351 nocet
746 2302 927 2351 autem
970 2297 1115 2369 quod
1160 2297 1351 2353 adimit
1386 2297 1608 2355 bonum.
1636 2295 1838 2355 Dilatio
1879 2304 2063 2353 autem
2105 2295 2292 2368 gloriae
2337 2292 2540 2351 adimit¹

536 2385 711 2456 majus
740 2384 958 2452 bonum,
989 2384 1207 2441 scilicet·
1226 2386 1426 2443 bonum
1456 2386 1780 2443 increatum.
1808 2385 1950 2458 Ergo
1977 2391 2062 2441 est
2087 2387 2262 2457 majus
2291 2383 2530 2453 malum;

535 2482 591 2545 et
616 2474 698 2528 sic
726 2472 867 2529 idem
893 2472 1040 2546 quod
1069 2474 1239 2545 prius.

600 2565 657 2615 ·3.
677 2562 781 2617 Sed
804 2570 995 2619 contra
1024 2569 1107 2619 est
1134 2563 1284 2635 quod
1308 2563 1566 2633 Magister
1592 2562 1728 2617 dicit
1755 2562 1813 2617 in
1837 2577 1898 2617 ιν
1922 2563 2094 2629 sent„
2114 2560 2244 2618 dist.
2272 2564 2361 2629 45,
2384 2560 2538 2634 quod

535 2650 627 2705 ille
652 2666 749 2720 pro
780 2666 888 2721 quo
910 2650 1049 2705 fiunt
1070 2650 1225 2721 plura
1250 2650 1526 2721 suffragia,
1556 2650 1721 2706 citius
1756 2666 1787 2705 a
1833 2652 2009 2723 poenis
2047 2650 2350 2722 purgatorii
2393 2650 2538 2704 libe·-

537 2743 709 2793 ratur.
728 2738 1002 2807 Contingit
1025 2744 1209 2793 autem
1238 2738 1383 2809 quod
1413 2754 1510 2811 pro
1533 2754 1644 2794 uno
1666 2754 1852 2796 eorum
1879 2740 1972 2808 qui
2002 2738 2148 2810 digni
2177 2746 2304 2795 sunt
2329 2739 2534 2812 aequali

540 2840 720 2897 poena,
754 2824 889 2883 fiunt
918 2824 1073 2896 plura
1106 2825 1362 2896 suffragia
1391 2840 1556 2898 quam
1586 2842 1684 2899 pro
1711 2826 1837 2885 alio.
1861 2827 2002 2897 Ergo
2031 2842 2172 2882 unus
2198 2825 2363 2884 citius
2391 2826 2536 2881 libe-

541 2914 769 2969 rabitur.
1743 2977 1750 2985 .

612 3004 664 3059 4.
696 3003 981 3070 Praeterea,
1010 3000 1067 3059 in
1101 3001 1205 3057 fine
1226 3002 1411 3057 mundi
1439 3002 1788 3059 inveniuntur
1815 3003 1984 3075 aliqui
2021 3002 2336 3060 cremabilia
2375 2996 2537 3077 quaess

540 3090 666 3150 dam
702 3090 979 3157 habenteS,
1010 3103 1241 3163 quorum
1281 3088 1472 3146 dilatio
1513 3107 1544 3147 a
1583 3090 1755 3161 gloria
1797 3106 1904 3145 non
1943 3092 2050 3145 erit
2093 3096 2206 3145 tam
2249 3091 2536 3158 diuturna,-

538 3184 679 3236 sicut
705 3193 892 3234 eorum
921 3178 1014 3250 qui
1037 3178 1199 3233 modo
1234 3178 1550 3235 cremabilia
1585 3178 1836 3234 deferunt
1875 3176 1942 3236 ad
1973 3178 2370 3250 purgatorium,
2401 3180 2532 3251 quia

537 3264 722 3330 brevis
748 3284 899 3323 mora
928 3265 1031 3321 erit
1059 3264 1202 3320 inter
1243 3272 1474 3321 mortem
1499 3268 1554 3322 et
1581 3265 2061 3333 resurrectionem,
2091 3272 2150 3321 ut
2196 3268 2536 3337 Augustinus

538 3354 691 3409 dicit.
722 3354 861 3425 Ergo
904 3356 1020 3427 pari
1066 3354 1275 3410 ratione
1315 3362 1370 3410 ct
1415 3370 1554 3410 nunc
1589 3370 1776 3411 eorum
1814 3356 1908 3427 qui
1945 3354 2181 3427 aequalia
2219 3352 2535 3412 cremabilia

537 3441 806 3509 deferunt,
834 3458 973 3497 unus
1016 3447 1195 3512 potest
1235 3442 1413 3497 minus
1455 3442 1658 3497 differri
1703 3458 1733 3498 a
1770 3441 1942 3513 gloria
1981 3457 2146 3514 quam
2189 3441 2346 3509 alius,
2374 3448 2429 3497 et
2456 3439 2538 3496 sic

538 3530 643 3584 erit
660 3530 823 3585 citius
846 3530 1105 3596 liberatus
1134 3546 1165 3585 a
1190 3531 1386 3602 poeniS.

610 3617 925 3697 Respondeo
953 3618 1259 3682 dicendum,
1290 3617 1436 3691 quod
1469 3617 1576 3673 ista
1604 3620 1834 3690 quaestio
1873 3619 2130 3675 fundatur
2157 3635 2322 3692 supra
2355 3618 2538 3675 virtu-

542 3708 652 3759 tem
686 3706 1081 3776 suffragiorum,
1117 3714 1300 3761 utrum
1346 3705 1558 3761 scilicet
1591 3708 1849 3778 suffragia
1890 3708 2036 3765 facta
2070 3724 2168 3781 pro
2206 3708 2410 3779 aliqu0‚
2433 3723 2541 3763 va-

546 3792 689 3845 leant
719 3791 798 3846 illi
842 3794 1015 3848 solum
1058 3810 1155 3865 pro
1198 3808 1305 3864 quo
1351 3794 1489 3848 fiunt
1527 3794 1596 3850 ad
1630 3794 2022 3860 liberationem,
2055 3797 2141 3851 vel
2183 3795 2346 3852 etiam
2389 3795 2536 3857 aliis',

548 3878 703 3933 Circa
728 3879 869 3949 quod
894 3880 1061 3951 aliqui
1084 3881 1358 3949 dixerunt,
1376 3882 1522 3953 quod
1553 3898 1660 3939 non
1685 3885 1858 3955 magis
1875 3884 2057 3941 valent
2081 3884 2158 3939 illi
2187 3897 2351 3955 quam
2381 3884 2536 3954 aliis;
