2800 4492
545 328 665 393 446
1019 349 1073 394 s.
1113 348 1349 393 ‘tuom
1390 347 1718 400 :iomanis
1758 348 2074 394 censuum

549 463 603 518 in
647 463 1000 521 contrarium.
1041 458 1382 539 Quicumque
1413 464 1556 521 enim
1584 464 1881 521 committit
1924 480 1984 521 se
2026 462 2328 521 discrimini
2352 435 2559 521 ‘iubis

443 604 458 619 ,
547 566 674 625 quae
695 557 822 609 sunt
844 551 913 609 ad
942 552 1193 621 salutem,
1227 559 1439 628 peccat.
1470 554 1575 611 Sed
1604 542 1709 611 iste
1737 551 2035 611 committit
2059 569 2118 609 se
2142 552 2471 619 discrimini,
2500 558 2558 609 ιιι

549 641 784 709 videtur,
819 655 946 697 cum
970 640 1134 699 saciat
1162 649 1351 700 contra
1378 642 1675 703 multorum
1705 642 2004 717 peritorum
2026 642 2381 705 sententiam.
2412 642 2557 715 Ergo
2592 656 2599 660 ·
2653 634 2665 649 '

552 729 767 787 videtur
794 729 936 803 quod
965 736 1177 803 peccet.
2174 762 2179 767 -

618 818 725 873 Sed
764 826 974 886 contra,
1007 825 1184 891 potest
1217 835 1336 875 esse
1365 819 1553 892 quod'
1540 837 1595 875 ιιι
1639 819 1732 876 tali
1760 831 1894 877 casu
1930 821 2130 894 aliquis
2174 820 2399 877 adhibet
2428 820 2558 876 diii-

553 908 813 978 gentiam,
861 908 1140 981 inquirens
1166 924 1236 965 an
1272 908 1472 965 habere
1494 907 1676 982 piures
1702 908 2027 982 praebendas
2068 908 2413 975 sit'licitum,
2460 924 2557 964 nec

554 996 762 1051 invenit
785 995 988 1069 aliquid
1019 997 1165 1070 quod
1203 1012 1327 1053 eum
1361 1005 1579 1054 moveat
1602 996 1668 1054 ad
1700 997 1803 1053 hoc
1839 997 1983 1070 quod
2014 997 2086 1053 sit
2113 996 2385 1053 illicitum.
2416 998 2553 1069 Ergo

556 1083 772 1149 videtur
792 1084 935 1161 quod
959 1086 1076 1143 sine
1101 1092 1324 1159 peccato
1356 1086 1538 1159 possit
1548 1085 1731 1160 piures
1759 1086 2079 1161 praebendas
2102 1085 2333 1145 babere.

629 1172 945 1245 Respondeo
975 1172 1281 1241 dicendum,
1315 1173 1459 1247 quod
1490 1173 1700 1233 duobus
1738 1173 1915 1229 modis
1951 1173 2149 1247 aliquis
2179 1174 2245 1231 ad
2272 1146 2555 1250 peccatum

557 1258 874 1332 obligatur:
918 1278 1023 1317 uno
1051 1262 1227 1330 modo,
1260 1262 1509 1318 faciendo
1538 1269 1727 1335 contra
1744 1262 1947 1332 legem,
1978 1272 2036 1317 ut
2070 1278 2195 1319 cum
2219 1262 2421 1336 aliquis
2444 1263 2555 1318 sor'-

561 1347 774 1404 nicatur
823 1366 836 1404 z
883 1349 990 1406 alio
1022 1350 1200 1419 modo,
1243 1349 1491 1407 faciendo
1520 1357 1708 1407 contra
1738 1350 2148 1417 conscientiam,
2200 1353 2303 1407 etsi
2344 1360 2447 1407 ιιοιι
2484 1353 2552 1407 sit

561 1444 750 1493 contra
776 1436 977 1509 iegem;
1007 1443 1068 1493 ut
1109 1438 1154 1493 si
1197 1436 1529 1494 conscientia
1570 1436 1743 1494 dictat
1773 1437 1958 1505 alicui,
1989 1437 2136 1511 quod
2176 1436 2359 1493 levare
2387 1438 2554 1493 festu-

561 1540 682 1603 cam
729 1524 798 1581 de
836 1534 994 1582 terra·
1018 1528 1091 1583 sit
1112 1537 1402 1600 peccatum
1434 1526 1682 1583 mortale.
1712 1526 1790 1581 Ex
1828 1527 2162 1583 conscientia
2192 1534 2378 1595 autem
2418 1526 2553 1582 obii-

563 1622 723 1685 gutur
747 1604 944 1688 aliquis
968 1616 1036 1671 ad
1065 1622 1369 1689 peccatum,
1398 1616 1514 1671 slve
1538 1615 1734 1671 babeat
1765 1620 1973 1669 certam
1998 1614 2161 1671 fldem
2190 1616 2259 1670 de
2288 1616 2551 1671 contrario

565 1704 681 1774 ejus
714 1704 857 1776 quod
885 1704 1016 1775 agit,
1053 1705 1168 1760 sive
1199 1706 1362 1761 etiam
1393 1703 1593 1761 habeat
1634 1703 1942 1777 opinionem
1973 1719 2097 1759 cum
2123 1703 2310 1779 aliqua
2339 1704 2552 1760 dubita-

567 1793 731 1847 tione.
765 1792 901 1847 lliud
925 1800 1107 1848 autem
1135 1794 1278 1866 quod
1311 1794 1493 1863 agitur
1516 1800 1706 1849 contra
1742 1792 1936 1862 legem,
1968 1807 2183 1865 semper
2212 1800 2295 1848 est
2324 1788 2549 1861 maium3

566 1895 667 1935 nec
694 1885 985 1936 excusatur
1015 1896 1108 1952 per
1136 1884 1238 1936 hoc
1265 1881 1411 1953 quod
1440 1887 1524 1936 est
1552 1880 1849 1936 secundum
1876 1881 2302 1951 conscientiam,
2288 1898 2302 1911 ·
2328 1888 2386 1936 et
2408 1881 2585 1937 simi--

567 1967 692 2023 liter
719 1968 863 2040 quod
892 1974 977 2024 est
1018 1976 1207 2025 contra
1235 1968 1645 2036 conscientiam,
1690 1977 1776 2025 est
1806 1968 2027 2036 maium,
2067 1970 2323 2043 quamvis
2366 1986 2466 2026 non
2488 1971 2552 2027 sit

568 2064 758 2113 contra
796 2057 990 2129 legem.
1021 2057 1174 2127 Quod
1203 2065 1386 2115 autem
1428 2074 1529 2115 nec
1566 2066 1756 2115 contra
1800 2057 2189 2115 conscientiam
2232 2076 2337 2115 nec
2377 2066 2583 2153 contra·

571 2145 742 2217 legem
771 2153 873 2215 est,
906 2162 1014 2204 non
1039 2154 1215 2221 potest
1240 2163 1360 2204 esse
1391 2154 1693 2223 peccatum.
2084 2184 2090 2192 ·

639 2235 940 2295 Dicendum
963 2242 1047 2293 est
1074 2253 1221 2309 erge,
1253 2238 1396 2310 quod
1428 2238 1647 2311 quando
1674 2236 1797 2294 duae
1820 2241 1947 2293 sunt
1972 2236 2253 2313 opiniones
2277 2237 2555 2314 contrariae

569 2325 640 2381 de
661 2325 870 2395 eodem,
898 2333 1113 2401 oportet
1135 2342 1253 2383 esse
1278 2326 1506 2391 atteram
1527 2342 1711 2384 veram
1735 2333 1789 2382 et
1814 2319 2283 2385 aiteramfalsam.
2307 2332 2417 2387 Aut
2438 2342 2553 2409 ergo

572 2414 661 2471 iile
684 2416 775 2490 qui
793 2414 924 2473 facit
948 2427 1138 2475 contra
1156 2417 1463 2491 opinionem
1485 2418 1887 2489 magistrorum,
1910 2422 2099 2491 utpote
2116 2416 2369 2473 habendo
2388 2418 2555 2495 plures

572 2504 909 2576 praebendas,
930 2504 1060 2562 tacit
1078 2512 1269 2562 contra
1287 2520 1473 2563 veram
1494 2504 1831 2578 opinionem,
1851 2510 1905 2560 et
1928 2504 2024 2571 sic,
2044 2518 2169 2559 cum
2184 2503 2359 2561 faciat
2380 2512 2555 2570 contra

574 2591 745 2663 legem
775 2595 890 2661 Dei,
929 2609 1036 2651 ιιοιι
1073 2599 1363 2650 excusatur
1391 2605 1424 2653 a
1462 2599 1705 2667 peccate,
1752 2593 2002 2668 quamvis
2032 2608 2137 2647 non
2179 2592 2353 2649 faciat
2382 2601 2556 2651 contra

571 2675 990 2750 conscientiam3
1016 2680 1095 2738 sic
1119 2682 1264 2737 enim
1287 2691 1479 2740 contra
1503 2681 1676 2755 legem
1701 2682 1795 2738 Dei
1817 2681 1968 2741 facit.
1996 2685 2103 2739 Aut
2135 2680 2226 2737 illa
2251 2682 2435 2756 opinio
2458 2698 2553 2739 non

572 2776 656 2824 est
683 2784 832 2835 vera,
863 2770 958 2825 sed
992 2762 1165 2841 magis
1189 2770 1481 2839 contraria,
1513 2785 1679 2847 quam
1716 2770 1819 2827 iste
1853 2770 2117 2845 sequitur,
2153 2770 2241 2825 ita·
2267 2771 2417 2844 quod
2444 2786 2555 2826 vere

573 2856 701 2911 licet
728 2855 926 2912 habere
955 2856 1135 2927 plures
1172 2859 1522 2931 praebendas;
1566 2865 1621 2915 et
1650 2865 1779 2915 tunc
1802 2858 2243 2931 distinguendum
2272 2870 2357 2913 est
2401 2874 2415 2891 ·
2440 2859 2555 2933 quia

575 2951 668 3002 aut
707 2944 831 3001 talis
866 2944 1031 3002 habet
1063 2947 1455 3004 conscientiam·
1492 2948 1560 3003 de
1596 2948 1893 3017 contrario,
1935 2956 1990 3004 et
2030 2948 2110 3004 sic
2152 2948 2353 3007 iterum
2385 2955 2558 3019 peccat

573 3041 762 3091 contra
788 3034 1177 3105 conscientiam
1203 3036 1425 3103 faciens,
1460 3038 1711 3110 quamvis
1740 3053 1843 3093 non
1872 3042 2062 3093 contra
2096 3037 2297 3111 legem,
2329 3046 2431 3095 aut
2464 3052 2559 3093 non

573 3124 734 3181 habet
763 3124 1149 3181 conscientiam
1179 3126 1246 3181 de
1274 3127 1567 3193 contrario,
1592 3139 1691 3185 seu
1726 3126 2128 3193 certitudinem,
2167 3128 2263 3182 sed
2302 3127 2558 3192 tamenin

575 3213 865 3286 quamdam
889 3215 1282 3272 dubitationem
1311 3200 1588 3272 inducitur
1621 3232 1688 3275 ex
1712 3216 2100 3272 contrarietate
2134 3216 2482 3291 opinionum;
2512 3220 2559 3270 et

573 3302 652 3356 sic
681 3302 724 3355 si
763 3308 1014 3359 manente
1043 3302 1136 3360 tali
1168 3303 1509 3361 dubitatione
1543 3304 1723 3381 plures
1748 3304 2065 3379 praebendas
2100 3302 2562 3387 habet„pericuio

573 3405 632 3445 se
672 3391 983 3459 committit,
1034 3398 1089 3449 et
1139 3392 1218 3449 sic
1259 3392 1616 3467 proculdubio
1669 3400 1878 3466 peccat,
1904 3398 2112 3466 utpote
2158 3394 2561 3465 magis'amans

573 3478 892 3535 beneficium
935 3480 1232 3553 temporale
1260 3498 1427 3557 quam
1456 3484 1732 3561 propriam
1768 3482 2031 3551 satutem
2058 3487 2154 3539 aut
2190 3497 2256 3537 ex
2281 3480 2561 3540 contrasiffi

571 3568 913 3640 opinionibus
955 3568 1010 3624 in
1039 3568 1238 3627 nuliam
1258 3570 1671 3628 dubitationem
1710 3569 2021 3639 adducitur,
2061 3576 2117 3627 et
2158 3571 2238 3627 sic
2274 3587 2382 3628 uon
2418 3584 2563 3628 com-

572 3657 738 3713 mittit
767 3674 825 3713 se
847 3658 1166 3739 discrimini,
1197 3674 1298 3717 nec
1319 3665 1531 3731 peccat.
1860 3669 1869 3681 ·

639 3746 792 3803 Unde
817 3754 967 3822 patet
993 3746 1191 3860 solutio
1220 3747 1287 3807 ad
1314 3740 1550 3820 objecta.
1622 3740 1627 3747 ’

1423 3908 1717 3929 ·-------
1810 3908 1815 3913 “
