2800 4492
763 371 854 420 ιιι.
885 389 964 404 —-
990 372 1062 418 m
1109 371 1384 422 sonrxuu.
1420 373 1501 418 nn
1540 373 1867 420 rmum-Am
2262 355 2327 424 ‘5

296 488 496 549 divina
524 489 738 546 lu‘x‘est
763 491 932 546 ca'usa'
967 488 1302 563 principalis,
1345 493 1719 548 mensautem'
1756 489 2007 548 humana
2026 487 2195 550 causa
2232 486 2326 550 se-

303 581 601 638 cundaria.
636 579 824 636 Tertio
867 580 1046 651 tangit
1067 592 1292 636 causam
1317 578 1621 652 formalem,
1649 581 1773 636 'cum
1818 578 1953 637 dicit
1978 601 2005 634 α
2034 579 2325 639 formatam

285 670 616 728 sationibus
657 689 684 721 ι)
716 671 784 725 et'
813 670 990 740 tangit
1030 669 1253 726 modum
1283 670 1500 742 agendi,
1526 679 1819 744 ‚quantum
1838 670 1909 727 ad
1948 671 2073 727 tria.
2118 672 2323 742 Primo,

304 765 578 832 quantum
603 759 672 816 ad
705 758 810 815 hoc
831 759 978 832 quod
1003 759 1441 832 argumentando
1462 757 1730 832 procedit,
1754 765 1810 817 et
1841 759 1965 817 ideo
1984 758 2174 818 dicit«
2206 762 2327 819 for-

302 851 516 906 matam
537 848 920 905 rationibus.»
947 848 1192 918 Quaestio
1210 863 1447 950 namque
1452 846 1728 923 quamdiu
1748 847 2121 922 probabilibus
2149 853 2324 910 ratio-

300 939 468 996 nibus
495 933 600 994 sub
627 937 796 996 dubio
825 938 1084 1010 agitatur,
1114 937 1272 1012 quasi
1298 938 1550 999 informis
1572 946 1677 1010 est,
1708 938 1947 995 nondum
1974 939 2042 996 ad
2075 940 2326 1024 veritatis

299 1029 698 1087 certitudinem
727 1027 1062 1100 pertingens,
1091 1033 1147 1084 et
1173 1027 1296 1084 ideo
1325 1026 1559 1085 formata
1596 1023 1814 1095 dicitur,
1844 1029 2065 1102 quando
2103 1029 2174 1086 ad
2200 1019 2327 1088 eam

283 1115 450 1174 'ratio
478 1116 720 1186 additur,
747 1132 846 1189 per
873 1131 1040 1192 quam
1061 1114 1336 1174 certitudo
1365 1117 1435 1173 de
1461 1114 1698 1174 veritate
1724 1115 2011 1174 habetur.
2038 1125 2109 1174 et
2136 1117 2191 1174 in
2222 1119 2326 1178 hoc

281 1207 550 1282 -providit
589 1205 968 1278 intelligentia,
1013 1204 1146 1278 quia
1172 1206 1318 1280 quod
1356 1203 1650 1273 credimus,
1692 1203 2321 1277 debemus'auctoritati‚

299 1297 455 1369 quod
495 1294 852 1367 intelligimus
892 1293 1112 1364 rationi,
1141 1301 1202 1350 ut
1241 1299 1421 1368 Augu.
1461 1295 1617 1353 dicit.
1658 1295 1926 1362 Secundo,
1959 1295 2013 1352 in
2042 1295 2146 1352 hoc
2174 1286 2325 1369 quod

294 1401 416 1442 'non
444 1384 624 1442 solum
649 1385 832 1441 verbis
858 1383 1136 1454 disseruit,
1165 1381 1260 1441 sed
1285 1385 1454 1440 etiam
1484 1383 1689 1456 scripto
1714 1385 2016 1453 mandavit,
2050 1390 2111 1441 ut
2138 1385 2322 1443 dicit:

303 1495 332 1528 ι
377 1475 712 1548 Litterisque
739 1473 1140 1532 mandatam.»
1171 1473 1232 1529 In
1265 1489 1375 1546 quo
1410 1471 1652 1546 providit
1688 1474 1986 1530 memoriae.
2002 1471 2281 1541 ''Tertio,
2267 1491 2322 1530 ιιι

301 1564 412 1620 hoc
438 1563 586 1637 quod
618 1577 722 1620 non
749 1562 818 1618 ad
857 1559 1183 1636 praesentem
1208 1577 1303 1635 per
1333 1562 1555 1618 modum
1572 1558 1867 1628 doctrinae,
1901 1561 2000 1617 sed
2026 1553 2095 1617 'ad
2122 1561 2323 1618 absen-

304 1659 422 1708 tem
459 1668 560 1726 per
602 1651 826 1708 modum
851 1648 1110 1724 epistolae
1135 1651 1482 1723 conscripsit.
1496 1651 1605 1707 -Sic
1630 1651 1777 1706 enim
1812 1643 1867 1706 et
1907 1650 2051 1706 Aris.
2083 1649 2325 1707 diversi-

303 1738 472 1794 mode
497 1736 662 1794 libros
699 1753 827 1794 suos
857 1737 1182 1812 composuit,
1214 1737 1483 1811 quosdam
1506 1737 1729 1811 quidem
1771 1737 1840 1795 ad
1878 1746 2195 1812 praesentes,
2226 1739 2326 1812 qui

293 1827 522 1899 abipso
551 1824 865 1894 audiebant,
893 1833 950 1883 et
991 1827 1045 1882 hi
1070 1825 1195 1883 libri
1223 1827 1480 1884 dicuntur
1505 1826 1745 1894 auditus,
1776 1827 1921 1884 sicut
1948 1827 2153 1884 dicitur
2187 1825 2327 1884 liber

299 1915 378 1972 de
401 1915 644 1972 naturali
673 1915 879 1973 Auditu
916 1916 1227 1989 :quosdam
1256 1921 1440 1973 autem
1473 1917 1554 1973 ad·
1569 1915 1821 1972 absentes
1862 1915 2135 1984 scribens,
2176 1913 2323 1974 sic'u't

299 2004 478 2061 libros
505 2003 588 2060 de·
613 2003 809 2061 Anima
831 2003 1171 2078 conscriptos
1198 2017 1318 2062 esse
1347 2000 1686 2077 significatur
1709 2005 1813 2061 int
1842 2005 1989 2062 Ethi.
2020 2005 2325 2063 ubi-nomi·-

301 2102 512 2150 nantur
553 2094 851 2150 exteriores
895 2092 1224 2162 locutioneS,
1276 2101 1340 2151 ut
1395 2099 1797 2150 commentator
1840 2094 2067 2151 Graecus
2117 2093 2323 2151 ibidem

299 2183 467 2240 dicit.
493 2182 650 2241 Unde
679 2185 962 2256 sequitur:
997 2204 1024 2237 α
1058 2177 1401 2241 offerendam
1444 2183 1617 2254 vobis,
1654 2183 1812 2257 quasi
1842 2175 2036 2256 majori
2062 2169 2131 2240 a”d
2167 2183 2327 2256 judi-

287 2271 564 2342 candum,
590 2271 1208 2344 communicandamque
1231 2258 1439 2338 curavi,
1474 2285 1500 2324 ιι
1531 2272 1689 2344 quasi
1716 2271 1867 2328 secio
1895 2270 1965 2328 ad
1994 2270 2321 2345 profectum,

291 2365 368 2416 et
390 2360 446 2414 in
475 2357 580 2416 hoc
595 2359 862 2432 judicium
892 2359 1144 2432 requirit.
1173 2359 1329 2416 Unde
1351 2360 1602 2435 sequitur
1628 2376 1643 2416 ι
1672 2379 1699 2414 «
1730 2360 1868 2417 Tam
1895 2360 2061 2417 vestri
2092 2359 2324 2434 cupidus

298 2448 521 2522 judicii,
565 2464 729 2520 quam
757 2447 866 2503 m'ei
901 2448 1180 2505 studiosus
1219 2449 1449 2506 inventi.
1497 2467 1523 2501 n
1568 2449 1649 2504 Ex
1696 2451 1797 2504 hoc
1846 2449 1994 2504 enim
2029 2450 2175 2521 quod
2218 2448 2323 2505 fuit

294 2536 593 2593 ,studiosus
619 2537 686 2593 ad
717 2536 1098 2594 inveniendam
1127 2537 1449 2610 praedictam
1476 2536 1838 2610 quaestionem
1876 2535 2181 2591 rationibus
2209 2536 2327 2592 sor·-

305 2625 532 2682 mavit:
574 2641 642 2682 ex
669 2625 772 2682 hoc
799 2625 930 2682 vero
956 2625 1103 2700 quo'd
1141 2627 1265 2682 suit·
1272 2625 1505 2699 cupidus
1522 2622 1719 2696 judicii
1746 2623 2079 2712 Symmachi,
2114 2624 2164 2680 ei
2207 2624 2326 2682 sor—

307 2720 518 2772 matam
545 2714 759 2771 obtulit.
791 2714 999 2784 Quarto
1035 2715 1212 2787 tangit
1241 2714 1463 2772 causam
1493 2713 1726 2781 finalem,
1752 2728 1879 2769 cum
1906 2711 2099 2770 dicit:
2144 2733 2170 2767 α
2204 2703 2326 2783 Qua

305 2804 369 2859 in
397 2818 459 2859 re
487 2804 616 2877 quid
640 2803 772 2860 mihi
802 2805 884 2860 sit
899 2802 1065 2860 animi
1096 2822 1122 2856 1>
1151 2803 1209 2860 id
1239 2809 1321 2860 est
1342 2819 1506 2878 quem
1536 2803 1697 2860 finem
1726 2802 2007 2858 intendam
2033 2817 2099 2858 ex
2127 2817 2327 2876 supra-

305 2892 464 2948 dicta
499 2907 580 2948 re.
621 2912 647 2945 α
694 2892 922 2962 Quoties
961 2890 1271 2964 excogitata
1314 2891 1497 2948 animo
1543 2891 1613 2947 de
1644 2889 1924 2966 praedictis
1960 2889 2044 2949 vel
2093 2893 2328 2964 quibus-

305 2982 529 3054 c'unque
567 2981 689 3038 aliis
716 2981 860 3055 stylo
895 2982 1236 3051 commendo,
1269 2981 1500 3054 intelligi
1534 2987 1715 3054 potest
1754 2997 1820 3037 ex
1848 2979 2079 3048 duobus,
2104 2972 2228 3038 'tum
2258 2998 2326 3038 ex

303 3059 634 3126 difficultate
665 3070 926 3139 materiae,
963 3078 1077 3127 tum
1121 3087 1187 3128 ex
1227 3087 1295 3128 eo
1331 3072 1478 3145 quod
1516 3070 1797 3145 colloquor
1826 3087 1931 3126 non
1960 3059 2323 3137 multitudini,

302 3159 408 3214 sed
431 3158 568 3214 viris
595 3159 932 3231 sapientibus
961 3179 1008 3227 ι),
1042 3160 1098 3215 id
1127 3168 1212 3217 est
1238 3157 1393 3220 vobis
1422 3160 1824 3216 tantummodo.
1851 3160 1972 3216 Non
2002 3159 2147 3216 enim
2184 3161 2331 3215 hunc

305 3247 513 3302 librum
561 3247 801 3320 scripsit,
853 3257 918 3304 ut
967 3247 1228 3314 recitaret
1286 3247 1645 3316 multitudini,
1695 3250 1841 3323 quod
1889 3249 2219 3322 quandoque
2266 3247 2331 3304 fit

303 3344 534 3409 propter
561 3336 712 3409 vulgi
748 3338 1010 3406 favorem,
1061 3339 1156 3395 sed
1189 3345 1401 3396 tantum
1437 3338 1529 3394 uui
1558 3337 1813 3412 sapienti,
1845 3339 1988 3394 unde
2028 3339 2276 3411 sequitur
2310 3354 2325 3392 ι

301 3444 338 3480 a
369 3425 566 3498 Neque
595 3426 742 3481 enim
783 3427 1180 3495 excitamur,·›>
1209 3427 1421 3486 scilicet
1446 3428 1513 3485 ad
1544 3427 1910 3496 scribendum,
1944 3447 1972 3480 α
2006 3427 2167 3484 famae
2201 3427 2331 3499 jac-

303 3514 521 3571 tatione
541 3533 568 3566 »
591 3513 735 3570 idest
755 3515 1248 3584 commendatione,
1267 3523 1322 3572 et
1345 3537 1372 3570 «
1391 3516 1720 3573 clamoribus
1738 3515 1882 3588 vulgi
1912 3535 1961 3584 n,
1980 3515 2122 3574 sicut
2149 3522 2328 3589 poetae

303 3603 612 3660 recitantes
641 3604 886 3661 carmina
915 3604 969 3661 in
1009 3605 1238 3663 theatris
1273 3605 1549 3673 inanibus,
1580 3605 1712 3678 quia
1755 3604 1893 3662 tales
1919 3595 2189 3662 clamores
2214 3603 2331 3658 sre-

301 3700 543 3764 quenter
571 3692 690 3748 sine
731 3691 944 3750 ratione
966 3700 1112 3749 sunt.
1151 3694 1219 3750 ΕΙ.
1261 3694 1344 3750 sic
1371 3700 1616 3750 removet
1642 3694 1802 3750 finem
1832 3694 2335 3760 inconvenientem,

299 3787 366 3835 et
403 3778 690 3852 subjungit
715 3780 882 3836 finem
909 3781 1170 3844 debitum,
1213 3781 1497 3839 insinuans
1520 3780 1743 3855 quidem
1774 3784 1933 3839 finem
1971 3773 2331 3856 principalem

303 3869 404 3940 qui
443 3873 528 3924 est
556 3868 808 3939 interior,
853 3869 1065 3928 scilicet
1089 3872 1374 3945 perceptio
1416 3870 1617 3930 divinae
1658 3870 1929 3938 veritatis,
1962 3877 2023 3926 et
2050 3869 2331 3942 explicans

301 3957 476 4014 finem
507 3957 918 4030 secundarium,
943 3958 1153 4018 scilicet
1173 3958 1445 4034 judicium
1473 3960 1758 4034 sapientis,
1790 3957 1935 4016 unde
1958 3947 2134 4016 dicit:
2169 3978 2197 4014 α
2223 3959 2332 4018 Sed
