2800 4492
505 278 624 345 156
980 288 1037 341 s.
1080 285 1313 331 1·quAE
1352 279 1680 336 Aommms
1721 279 2032 331 orusounn

1214 510 1638 605 ,QUAESTIO
1684 484 1779 585 X.

494 676 499 679 ’
572 680 779 739 Deinde
802 676 950 736 eirea
974 676 1173 733 bonum
1191 671 1378 745 gloriae
1404 647 1792 744 quaerebantur
1815 666 2017 746 duodo
2035 664 2358 739 corporibus
2388 662 2526 735 glo-

508 772 667 830 riosis
686 773 775 826 :lo
798 777 984 825 utrum
1014 778 1210 836 corpus
1235 760 1532 834 gloriosum
1555 756 1882 817 naturaliter
1907 756 2076 829 possit
2104 770 2223 811 esse
2247 768 2374 810 eum
2407 752 2526 809 alio

504 869 729 947 'corpore
766 874 871 916 non
914 856 1151 931 glorioso
1185 852 1239 909 in
1281 850 1474 909 eodem
1507 846 1660 939 loeo-3
1697 852 1759 907 20
1805 852 1988 907 utrum
2029 845 2134 903 hoc
2177 842 2295 905 fieri
2336 841 2524 918 possit

504 948 791 1013 miraculo·

1166 1120 1622 1190 ARTIGULUS
1673 1118 1845 1180 XXI.

520 1270 736 1338 Utrum
782 1278 997 1345 corpus
1036 1259 1370 1343 ylom'osum
1404 1254 1602 1335 possit
1647 1270 1767 1316 esse
1809 1269 1944 1315 oum
1983 1251 2106 1315 alio
2137 1267 2396 1331 ‚corpore
2449 1250 2523 1313 in

589 1356 781 1421 eodem
827 1354 975 1416 loco.
1008 1384 1087 1396 --
1116 1346 1288 1429 (Art.
1328 1346 1440 1421 223
1485 1348 1546 1417 4,
1591 1342 1740 1409 dist.
1785 1343 1884 1406 45.
1925 1345 2134 1423 quaest.
2180 1340 2242 1415 2,
2289 1344 2417 1405 art.
2449 1340 2518 1419 2,

587 1448 795 1531 quast.
828 1444 889 1519 2,
917 1445 972 1505 et
998 1442 1209 1522 quaest.
1242 1436 1302 1513 5,
1334 1431 1531 1514 corp.)

494 1627 498 1631 Δ
578 1582 657 1638 Ad
680 1580 915 1655 primum
952 1575 1033 1631 sio
1072 1568 1403 1645 proceditur.
1437 1569 1488 1622 l.
1519 1565 1750 1624 Videtur
1785 1562 1929 1637 qnod
1970 1578 2169 1637 eorpus
2207 1557 2513 1635 gloriosum

507 1668 827 1729 naturaliter
852 1664 1021 1738 possit
1049 1677 1167 1717 esse
1196 1674 1320 1714 eum
1345 1656 1453 1714 alio
1480 1669 1707 1728 corpore
1755 1652 1810 1709 in
1855 1652 2046 1709 eodem
2091 1650 2230 1709 looo;
2261 1652 2319 1709 Si
2366 1653 2518 1711 enim

508 1758 826 1835 prohibetur
872 1768 992 1810 esse
1032 1766 1157 1805 cum
1206 1746 1311 1803 alio
1353 1758 1582 1817 corporo
1619 1744 1674 1821 in
1717 1741 1919 1799 eodem
1955 1741 2106 1809 looo;
2153 1750 2520 1813 aut-propter
2571 1742 2584 1746 “

510 1846 819 1921 grossitiem
859 1843 973 1899 sivo
1020 1834 1431 1909 corpulentiam,
1468 1840 1563 1889 aut
1602 1839 1822 1905 propter
1859 1830 2244 1887 dimensiones·
2274 1828 2378 1885 Sed
2409 1845 2520 1887 non

510 1943 732 2011 propter
754 1929 1065 2006 grossitiem
1088 1941 1183 1981 seu
1216 1922 1633 1996 corpulentiam,
1663 1921 1792 1994 quia
1839 1934 2036 1992 eorpus
2072 1918 2370 1991 gloriosum
2412 1918 2521 1975 erit

510 2022 813 2101 spirituale,
846 2018 1142 2075 seeundum
1184 2009 1522 2087 Apostolum,
1556 2010 1579 2065 1
1609 2010 1676 2066 ad
1707 2008 1949 2065 Corinth.
1973 2022 2055 2064 xv
2087 2023 2101 2062 ε
2129 1991 2381 2061 similiter
2419 2022 2521 2063 nee

514 2120 735 2190 propter
776 2106 1158 2173 dimensioneS,
1204 2103 1352 2177 quia,
1400 2116 1526 2157 oum
1569 2097 1849 2169 tangentia
1889 2096 1999 2153 sint
2046 2108 2278 2169 quorum
2319 2094 2522 2153 ultima

510 2211 640 2267 sunt
663 2200 842 2266 simul,
866 2211 1087 2255 neeesse
1114 2201 1199 2250 est
1228 2190 1372 2267 quod
1404 2196 1666 2263 punctum
1693 2187 1852 2242 unius
1879 2184 2122 2259 corporis
2149 2183 2419 2241 naturalis
2447 2187 2520 2242 sit

512 2291 670 2355 simul
696 2305 821 2348 cum
846 2291 1048 2361 puncto
1072 2282 1316 2348 alteriuS,
1346 2286 1403 2335 et
1433 2278 1576 2333 linea
1617 2292 1742 2333 cum
1772 2274 1934 2342 linea,
1961 2282 2018 2331 et
2044 2274 2364 2347 superficieg
2399 2274 2540 2347 pari·

510 2401 639 2457 ergo
669 2382 878 2439 ratione
906 2383 961 2434 et
985 2388 1181 2447 eorpus
1209 2386 1335 2428 eum
1362 2382 1611 2440 corpore.
1641 2366 1760 2421 Non
1796 2379 1926 2436 ergo
1959 2363 2276 2438 prohibetur
2317 2352 2522 2437 corpus

449 2473 463 2487 '
511 2472 805 2545 gloriosum
830 2464 961 2544 quin
990 2460 1312 2521 naturaliter
1336 2456 1508 2533 possit
1534 2468 1652 2511 esse
1697 2451 1855 2509 simul
1885 2466 2012 2508 cum
2054 2450 2160 2507 alio
2199 2465 2434 2524 corpore
2464 2451 2522 2507 in

513 2561 703 2617 eodem
730 2558 869 2614 loco,

584 2653 637 2705 2.
665 2647 959 2709 Praeterea,
982 2642 1390 2697 commentator
1421 2632 1556 2688 dicit
1581 2632 1635 2686 in
1663 2644 1769 2687 vul
1799 2629 1960 2701 Phys
1987 2629 2140 2699 (text.
2169 2642 2372 2684 comm.
2407 2630 2519 2701 82),

513 2735 661 2811 quod
684 2739 866 2810 partes
895 2730 1037 2787 aeris
1065 2734 1121 2783 et
1150 2740 1311 2798 aquae
1340 2722 1540 2795 partim
1569 2720 1881 2783 subintrant
1909 2734 1969 2773 se
2000 2716 2252 2784 invicem,
2293 2727 2521 2791 propter

510 2826 615 2885 hoe
655 2820 800 2897 quod
842 2818 1041 2893 partim
1087 2819 1213 2870 sunt
1256 2817 1468 2867 naturae
1513 2807 1832 2882 spiritualis,
1859 2807 1965 2863 Sed
2008 2822 2236 2879 corpora
2279 2806 2524 2879 gloriosa

513 2911 733 2971 omnino
762 2916 920 2967 erunt
944 2902 1269 2979 spiritualia,
1300 2906 1359 2957 ut
1377 2900 1492 2972 jam
1521 2898 1730 2953 dietum
1761 2902 1862 2953 est.
1885 2896 2025 2967 Ergo
2071 2895 2317 2952 totaliter
2355 2904 2526 2971 pote-

513 3010 641 3061 runt
662 2999 971 3057 subintrare
999 2994 1106 3053 alia
1134 3006 1381 3065 corpora,
1415 2992 1471 3045 et
1493 2986 1747 3045 similiter
1777 3001 1894 3041 esse
1923 3000 2049 3041 cum
2075 2985 2175 3041 eis.

582 3092 688 3149 Sed
720 3095 931 3153 contra,
960 3082 1281 3159 glorificatio
1311 3094 1418 3136 non
1459 3076 1600 3133 tollit
1628 3080 1898 3131 naturam.
1925 3073 2031 3131 Sed
2077 3088 2276 3145 corpus
2319 3072 2526 3130 huma-

502 3196 643 3251 ,num
666 3194 775 3235 non
802 3182 983 3250 potest
1012 3169 1334 3230 naturaliter
1360 3182 1481 3224 esse
1509 3163 1669 3221 simul
1699 3177 1824 3219 cum
1847 3162 1955 3218 alio
1989 3176 2216 3237 corpore
2242 3162 2296 3218 in
2327 3162 2522 3219 eodem

515 3270 632 3330 loco
662 3270 718 3323 in
742 3273 890 3321 statu
910 3264 1038 3319 isto.
1067 3261 1209 3331 Ergo
1237 3272 1414 3330 neque
1443 3260 1734 3329 postquam
1764 3249 1868 3307 erit
1898 3249 2283 3323 glorificatum.

582 3353 905 3428 Respondeo
924 3349 1231 3413 dicendum,
1264 3344 1409 3417 quod
1442 3340 1789 3399 manifestum
1815 3346 1898 3395 est
1928 3339 2074 3413 quod
2098 3353 2297 3413 corpus
2321 3338 2524 3396 huma-

514 3464 643 3506 num
671 3446 729 3501 in
751 3449 899 3499 statu
926 3440 1033 3496 isto
1061 3453 1169 3493 non
1194 3441 1510 3509 potestesse
1542 3445 1666 3487 cum
1690 3429 1797 3485 alio
1826 3444 2054 3500 corporo
2079 3426 2135 3483 in
2159 3428 2355 3485 eodem
2378 3429 2516 3485 loeo.

510 3539 568 3596 Si
598 3551 727 3609 ergo
756 3546 954 3605 corpus
976 3526 1269 3600 gloriosum
1297 3520 1624 3580 naturaliter
1651 3518 1825 3593 possit
1853 3532 1974 3575 esse
2001 3533 2126 3574 cum
2159 3516 2266 3574 alio
2287 3508 2521 3591 'corporo

514 3628 567 3683 in
597 3626 790 3683 eodem
837 3621 953 3677 loco
995 3624 1219 3691 propter
1258 3612 1498 3686 aliquam
1544 3609 1937 3682 proprietatem
1981 3606 2231 3673 inditam,
2266 3604 2358 3662 illa
2388 3620 2526 3680 pro-

513 3716 718 3787 prietas
752 3710 930 3767 aufert
967 3705 1069 3762 hoe
1102 3711 1323 3777 propter
1368 3698 1514 3772 quod
1553 3712 1752 3769 corpus
1791 3696 2088 3752 humanum
2127 3696 2182 3750 in
2226 3701 2378 3751 statu
2415 3694 2524 3752 isto

511 3802 825 3875 prohibetur
850 3813 968 3853 esse
994 3809 1122 3851 eum
1148 3791 1251 3847 alio
1277 3803 1502 3861 corpore
1527 3787 1582 3841 in
1607 3784 1798 3842 eodem
1823 3784 1961 3841 loco·
1985 3784 2080 3842 Est
2108 3799 2237 3857 ergo
2263 3784 2528 3843 conside-

514 3890 745 3945 randum
774 3885 905 3959 quid
934 3885 1006 3940 sit
1035 3877 1347 3954 hujusmodi
1371 3873 1680 3951 prohibenS.
