2800 4492
812 304 923 354 ΧΠ.
955 318 1035 335 -
1063 305 1488 356 ononmnnrum
1529 307 1745 354 Nouum
1923 265 1933 276 ⁵
2163 299 2282 360 489

279 420 819 496 praedestinationem
864 421 1107 481 divinam
1148 437 1272 498 quae
1317 423 1436 498 ejus
1485 425 1864 498 poenitentiam
1911 428 2276 510 praeparabat,

278 512 531 598 quamvis
559 517 702 574 esset
731 511 788 571 in
812 523 871 569 se
900 511 1141 574 extincta
1169 511 1470 605 secund-um
1499 520 1706 578 actum.

952 722 1430 808 Ammonos
1468 747 1609 812 xv.

291 896 509 962 Utrum
535 895 745 962 habere
756 895 971 976 plures
990 896 1339 975 praebendas
1359 896 1488 960 sine
1509 913 1658 962 cura
1681 871 2044 978 animarum,
2070 901 2286 984 absque

672 985 1131 1065 disponsatione,
1160 985 1247 1050 sit
1260 990 1576 1066 peccatum
1610 988 1884 1054 mortale.

357 1135 438 1192 Ad
478 1134 779 1193 secundum
811 1135 891 1190 sic
918 1135 1254 1208 proceditur.
1286 1137 1339 1192 l.
1386 1135 1618 1192 Videtur
1663 1137 1809 1210 quod
1857 1137 2058 1212 habere
2098 1140 2282 1214 plures

280 1224 604 1299 praebendas
628 1225 745 1280 sine
770 1240 901 1281 cura
930 1225 1253 1292 animarum,
1288 1225 1495 1299 absque
1524 1226 1948 1298 dispensatione,
1981 1229 2054 1284 sit
2082 1246 2280 1304 pecca-

283 1321 403 1372 tum
442 1313 691 1370 mortale.
729 1301 1070 1386 Quicumque
1110 1314 1257 1369 enim
1295 1313 1430 1369 facit
1485 1319 1676 1369 contra
1715 1318 1984 1373 statutum
2035 1317 2280 1387 Concilii,

281 1410 475 1476 peccat
516 1400 839 1458 mortaliter.
871 1401 977 1458 Sed
1008 1402 1097 1473 qui
1130 1401 1295 1458 habet
1338 1402 1518 1475 plures
1556 1403 1898 1476 praebendas,
1933 1406 2064 1461 facit
2095 1413 2284 1462 contra

268 1497 550 1548 ‚statutum
579 1490 803 1546 Concilii
832 1489 1120 1562 generalis».
1148 1489 1289 1562 Ergo
1309 1500 1502 1564 peccat
1532 1492 1855 1548 mortaliter.
1889 1493 2141 1551 Probatio
2167 1511 2285 1552 me-

279 1581 408 1638 diae.
441 1581 579 1636 Dist.
608 1595 690 1635 vu
716 1579 917 1634 dicitur
946 1578 1000 1635 in
1026 1578 1265 1651 quodam
1292 1579 1512 1637 decreto
1531 1579 1734 1636 Urbani
1760 1582 1920 1653 Papae
1949 1583 2109 1656 (quod
2143 1583 2282 1640 inci·
2381 1575 2415 1654 j

280 1671 382 1742 pit,
428 1669 743 1724 Sanctorum
792 1667 1068 1738 canonum)
1097 1667 1370 1724 :Omnino
1414 1668 1644 1742 aliquem
1688 1669 1748 1724 in
1789 1669 1992 1726 duabus
2033 1669 2284 1732 Ecclesiis

286 1757 513 1814 titulari
550 1773 657 1812 non
698 1756 888 1824 liceat,·
926 1757 1015 1811 sed
1054 1755 1411 1829 uniusquisque
1440 1756 1498 1812 in
1543 1774 1646 1832 qua
1685 1757 1934 1816 titulatus
1979 1767 2075 1827 est,
2117 1761 2177 1816 in
2221 1779 2283 1818 ea

282 1852 496 1906 tantum
551 1844 833 1902 canonicus
874 1843 1154 1900 habeatur.
1204 1843 1356 1900 Licet
1410 1845 1550 1901 enim
1596 1846 1890 1922 Episcopus
1941 1848 2282 1921 dispositione

286 1951 425 1991 unus
451 1933 675 1990 diversis
704 1950 926 2008 proeesse
946 1933 1114 2008 possit
1138 1933 1410 2000 Ecclesiis,
1441 1935 1724 1992 canonieus
1761 1942 1936 1996 tamen
1963 1938 2283 2010 praebenda-

282 2023 403 2082 νὶαε
425 2024 533 2079 nisi
558 2022 724 2079 unius
753 2023 1025 2088 Ecclesiae,
1050 2022 1110 2078 in
1134 2039 1240 2096 qua
1268 2023 1594 2096 conscriptus
1623 2030 1718 2090 est,
1750 2041 1854 2080 esse
1878 2042 1984 2082 non
2012 2026 2178 2084 debet.

355 2118 407 2174 2.
440 2114 728 2180 Praeterea,
778 2113 865 2180 ⁴4,
900 2119 1098 2184 quaest.
1148 2113 1201 2178 4,
1239 2111 1374 2168 dicit
1403 2112 1680 2184 quoddam
1709 2114 1990 2170 decretum
2035 2117 2282 2189 septimae

282 2202 487 2276 Synodi
520 2218 535 2257 ε
562 2199 797 2266 Clericus
820 2199 882 2254 ab
904 2198 1133 2256 instanti
1158 2205 1389 2272 tempore
1419 2199 1478 2255 in
1504 2200 1708 2258 duabus
1735 2217 1838 2258 non
1869 2214 2279 2264 connumeretur

282 2289 534 2347 Ecclesiis
550 2306 570 2357 ,·
598 2287 973 2362 neyotiatiom's
1000 2286 1143 2343 enim
1180 2295 1257 2344 est
1282 2289 1395 2354 hoc,
1423 2294 1473 2343 et
1503 2289 1680 2362 turpis
1705 2291 1845 2347 lucri
1866 2293 2204 2364 commodum,
2231 2303 2282 2354 et

282 2379 350 2434 ab
396 2379 743 2436 ecclesiastica
788 2377 1162 2434 consuetudine
1197 2377 1418 2451 penitus
1453 2377 1721 2447 alienum3
1749 2387 1804 2438 et
1845 2381 1926 2440 sic
1962 2381 2110 2442 idem
2139 2385 2285 2458 quod

325 2485 456 2524 rius.

281 2486 321 2543 p
358 2561 410 2612 3.
443 2559 730 2620 Praeterea,
765 2555 1184 2628 Chrysostomus
1212 2553 1345 2609 dicit
1377 2571 1391 2609 ι
1427 2553 1574 2622 Quod
1611 2555 1828 2612 tenebra
1860 2558 2010 2628 ¹eruit
2052 2559 2286 2628 erubuit,

284 2649 463 2706 lumen
486 2631 787 2704 erubescat:
814 2643 951 2718 quod
966 2643 1159 2716 fiqurae
1182 2659 1289 2698 non
1313 2641 1425 2715 fuit
1449 2660 1762 2712 concessum,
1785 2646 1867 2702 rei
1897 2664 2023 2704 reor
2042 2665 2145 2706 esse
2172 2649 2288 2708 illi-

284 2735 469 2791 citum.
497 2735 713 2806 Figurae
750 2739 933 2788 autem
961 2747 1069 2788 non
1097 2731 1199 2786 fuit
1226 2747 1564 2800 concessum,
1594 2734 1737 2806 quod
1769 2725 1912 2791 inter
1948 2737 2157 2795 Livitas
2191 2740 2286 2815 qui

284 2823 539 2898 capiebat
583 2824 638 2878 in
682 2819 978 2888 Bethleem,
1020 2827 1241 2894 caperet
1287 2821 1343 2878 in
1388 2821 1749 2880 Hierusalem.
1793 2823 1955 2896 Erg0‚
1997 2842 2120 2884 cum
2160 2844 2290 2902 per-

286 2913 545 2968 rectiores
586 2927 705 2968 esse
753 2909 1081 2980 debeamus;
1132 2910 1225 2984 qui
1266 2911 1414 2984 capit
1452 2911 1508 2968 in
1555 2911 1720 2985 Tyro,
1762 2929 1869 2970 non
1903 2915 2050 2990 capit
2078 2916 2134 2974 in
2175 2917 2290 2974 Da-

282 3016 495 3059 masco.
1051 3027 1056 3035 ·

238 3127 255 3143 .
360 3092 413 3144 4.
442 3090 732 3154 Praeterea,
765 3087 1071 3142 Bernartius
1103 3086 1239 3143 dicit
1273 3102 1286 3142 :
1313 3086 1428 3154 Qut
1470 3103 1576 3143 nou
1607 3103 1746 3148 tanus
1788 3087 1879 3144 sed
1916 3087 2100 3162 plures
2121 3098 2196 3147 est
2231 3091 2292 3148 in

284 3172 579 3246 beneficiis,
610 3187 716 3227 non
756 3187 895 3228 unus
935 3172 1024 3226 sed
1056 3173 1241 3244 plures
1285 3171 1394 3228 erit
1429 3172 1490 3226 in
1529 3172 1824 3244 supplicii&
1855 3173 1960 3230 Sed
1999 3175 2093 3249 qui
2123 3167 2293 3234 'habet

287 3264 475 3338 plures
506 3259 849 3334 praebendae,
890 3257 1072 3332 plures
1118 3267 1203 3314 est
1251 3259 1306 3315 in
1347 3258 1648 3320 beneficiis,
1686 3260 1830 3334 Ergo
1872 3262 2054 3338 plures
2091 3266 2196 3322 erit
2237 3267 2292 3324 in

288 3350 606 3425 suppliciis3
638 3356 693 3405 et
722 3348 803 3404 sic
830 3345 1152 3420 gravissime
1175 3354 1393 3421 peccat.

362 3443 416 3495 5.
458 3440 749 3505 Praeterea,
795 3436 1128 3510 quicumque
1165 3435 1461 3493 committit
1498 3453 1559 3495 se
1591 3437 1894 3498 discrimini
1945 3448 2000 3499 et
2052 3442 2294 3516 periculo

178 3591 191 3597 ,
292 3528 506 3605 peccati
534 3526 753 3584 mortali
797 3525 1061 3595 martene,
1093 3532 1286 3598 peccat
1331 3527 1656 3584 mortaliter.
1689 3529 1797 3584 Iste
1831 3535 1916 3585 est
1955 3529 2292 3601 huJusmodi,

293 3619 423 3692 quia
450 3615 761 3691 recipiendo
788 3615 970 3689 plures
1005 3614 1327 3688 praebendas
1360 3617 1515 3689 jurat
1551 3625 1758 3675 statuta
1787 3617 2074 3690 utriusque
2099 3619 2297 3674 Eccle-

292 3709 409 3772 siae,
442 3706 497 3764 in
542 3704 739 3779 quibus
778 3703 1181 3778 praebendetur,
1213 3719 1339 3777 quae
1386 3705 1681 3778 aliquando
1726 3721 1834 3762 non
1863 3714 2090 3780 possunt
2137 3708 2297 3764 simul

292 3796 537 3865 servari3
566 3800 759 3866 utpote
780 3793 826 3849 si
853 3795 1044 3850 eodem
1071 3800 1315 3866 tempore
1342 3800 1569 3850 vocetur
1593 3793 1663 3848 ad
1706 3792 2028 3853 electionem
2053 3796 2108 3854 in
2140 3803 2298 3856 utra-

295 3901 405 3960 que
427 3883 692 3950 Ecclesia,
724 3882 811 3941 vel
841 3881 911 3940 ad
941 3881 1125 3958 aliqua
1150 3881 1412 3940 Ecclesiae
1451 3881 1668 3956 negotia
1699 3883 2044 3960 peragenda;
2072 3891 2128 3944 et
2149 3873 2300 3964 prro-2

232 4103 319 4119 *ις
