2800 4492
735 343 825 401 ἄξι’.
855 371 936 388 --
963 356 1028 400 m
1078 358 1348 403 nemum
1386 361 1467 404 nn
1508 361 1835 410 'rmm’rarn
2210 355 2291 415 37

267 487 342 528 ne
368 487 466 545 per
505 470 826 528 scandalum
865 471 1094 529 interius
1133 479 1229 529 aut
1271 473 1487 531 fidelem
1525 478 1833 550 parvulum,
1881 491 1975 538 aut
2000 482 2288 552 ‚infidelem

269 562 364 633 qui
394 561 619 616 credere
646 562 932 634 potuisset,
966 560 1264 618 interimat.
1298 564 1428 620 Haec
1449 580 1581 636 ergo
1607 567 1677 622 ab
1704 568 1802 632 eis,
1836 571 2035 642 quibus
2065 585 2281 643 nocent,

270 649 600 705 occultanda
635 656 764 704 sunt
805 650 945 704 :sed
989 645 1447 707 in'collocutione
1490 659 1669 726 potest
1714 656 1828 711 lieri
1872 658 2176 725 distinctio,
2226 671 2286 719 ut

269 737 463 793 eadem
489 737 830 808 sapientibus
857 751 1100 796 seorsum
1124 739 1561 808 manifestentur,
1589 743 1645 797 in
1671 743 1885 814 publico
1918 754 2223 806 taceantur.
2253 770 2282 804 ιι

267 824 424 881 Unde
456 829 634 896 Augu.
675 841 733 879 tv
760 824 828 879 de
859 826 1118 892 Doctrina
1145 826 1466 888 christiana.
1513 849 1540 882 α
1584 831 1737 888 Sicut
1768 834 2023 905 quaedam
2064 853 2189 908 quae
2227 839 2282 895 vi

266 928 367 968 sua
391 927 500 968 non
541 911 938 984 intelliguntur,
967 923 1064 970 ant
1103 915 1191 970 vix
1221 916 1597 987 intelliguntur
1628 920 1988 991 quantalibet,
2020 933 2079 980 et
2106 942 2283 998 quan-

267 1010 384 1057 tum
428 1000 564 1057 libet
603 1001 836 1057 dicentis
876 1002 1187 1075 plenissime
1232 1012 1517 1062 versentur
1560 1007 1796 1079 eloquio,
1842 1027 1967 1083 quae
1999 1013 2053 1068 in
2096 1016 2281 1087 populi

263 1091 567 1156 audientia,
599 1089 686 1145 vel
727 1105 851 1146 raro
891 1091 938 1146 si
983 1091 1188 1163 aliquid
1211 1100 1390 1163 urget,
1439 1094 1523 1150 vel
1573 1113 1851 1170 nunquam
1880 1103 2102 1158 omnino
2148 1105 2280 1160 mit·

264 1178 432 1234 tenda
464 1183 594 1234 sunt
621 1195 634 1232 :
663 1178 758 1234 sed
785 1179 838 1233 in
869 1177 1156 1236 scribendo
1185 1196 1290 1236 non
1323 1188 1501 1254 potest
1532 1184 1657 1252 talis
1686 1185 1968 1244 distinctio
2006 1191 2274 1257 adhiberi,

261 1267 392 1340 quia
425 1267 564 1323 liber
587 1269 931 1338 conscriptus
960 1267 1028 1322 ad
1059 1282 1252 1323 manus
1272 1271 1641 1342 quorumlibet
1678 1276 1965 1346 pervenire
1994 1284 2193 1349 potest,
2222 1289 2279 1336 et

247 1357 386 1414 ,ideo
409 1364 540 1411 sunt
577 1355 900 1434 occultanda
929 1355 1216 1412 verborum
1241 1356 1691 1430 obscuritatibus,
1722 1371 1782 1418 ut
1807 1380 1902 1435 per
1931 1364 2035 1422 hoc
2066 1369 2277 1439 prosint

259 1442 604 1515 sapientibus
627 1445 814 1516 quiea
851 1443 1179 1514 intelligunt,
1211 1453 1267 1501 et
1307 1446 1654 1502 occultentur
1694 1449 2035 1521 simplicibus
2074 1456 2170 1527 qui
2209 1473 2275 1513 ea

259 1547 460 1606 capere
489 1547 594 1588 non
624 1539 870 1605 possunt.
917 1552 944 1584 ›>
982 1533 1051 1587 Et
1086 1531 1140 1587 in
1171 1532 1272 1589 boc
1301 1532 1483 1590 nullus
1510 1545 1792 1606 gravatur,
1824 1540 1955 1612 quia
1984 1543 2078 1614 qui
2109 1543 2277 1598 intel-

259 1619 453 1691 ligunt,
483 1619 719 1676 lectione
742 1620 1071 1686 detinentur,
1101 1620 1196 1693 qui
1221 1635 1352 1676 vero
1377 1637 1483 1678 non
1512 1624 1840 1695 intelligunt,
1873 1643 1977 1694 non
2004 1637 2275 1701 coguntur

259 1709 326 1766 ad
368 1709 682 1779 legendum.
729 1709 882 1765 Unde
932 1712 1070 1779 Aug.
1113 1709 1168 1764 in
1205 1709 1396 1766 eodem
1426 1729 1438 1766 :
1474 1731 1501 1763 α
1533 1713 1593 1767 ln
1635 1713 1789 1768 libris
1831 1722 2015 1790 autem
2056 1719 2150 1790 qui
2196 1721 2273 1784 ita

255 1798 594 1865 scribuntur,
628 1804 688 1852 ut
715 1793 816 1870 ipsi
845 1797 950 1852 sibi
977 1797 1378 1870 quodammodo
1403 1799 1663 1858 lectorem
1694 1808 1917 1860 teneant
1953 1820 2081 1862 cum
2105 1806 2272 1863 intel-

254 1886 524 1958 liguntur,
567 1901 694 1942 cum
735 1893 920 1942 autem
961 1901 1068 1942 non
1111 1886 1487 1958 intelliguntur
1527 1889 1743 1947 molesti
1788 1907 1892 1948 non
1930 1871 2271 1952 sint⁰nolen-

254 1975 408 2032 tibus
433 1975 646 2046 legere;
673 1989 778 2030 non
805 1980 888 2031 est
929 1973 1032 2032 hoc
1073 1973 1306 2048 officium
1332 1975 1713 2050 deserendum,
1748 1986 1809 2033 ut
1835 1995 1983 2048 vera,
2016 1985 2269 2054 quamvis

252 2063 322 2121 ad
379 2063 796 2136 intelligendum
841 2060 1178 2130 difficillima,
1207 2063 1276 2120 ad
1324 2063 1555 2120 aliorum
1601 2065 2015 2138 intelligentiam
2064 2071 2266 2143 perdu-

249 2167 468 2209 camus.
511 2170 540 2204 ιο
2004 2225 2011 2232 .

320 2241 410 2298 Ad
455 2240 692 2314 primum
733 2238 902 2310 igitur
942 2238 1234 2296 dicendum
1273 2241 1419 2313 quod
1450 2241 1753 2300 auctoritas
1788 2241 1882 2300 illa
1926 2261 2033 2300 non
2072 2252 2159 2304 est
2186 2249 2265 2306 ‘ad

251 2331 619 2402 propositum.
651 2329 774 2384 Non
801 2326 946 2386 enim
974 2327 1295 2400 intelligitur
1333 2329 1480 2402 quod
1511 2329 1761 2386 doctrina
1797 2333 2147 2406 prudentium
2192 2337 2265 2396 sit

249 2416 434 2476 facilis
469 2417 670 2482 active,
712 2415 768 2472 id
797 2421 900 2483 est,
947 2417 1090 2490 quod
1133 2415 1367 2473 faciliter
1407 2418 1640 2474 doceant
1677 2434 1690 2472 :
1723 2419 1819 2474 sed
1860 2422 2094 2492 passive,
2134 2423 2264 2495 quia

249 2503 489 2561 faciliter
518 2504 802 2572 docentur,
831 2512 892 2560 ut
921 2511 1072 2576 patet
1103 2520 1198 2576 per
1225 2503 1363 2575 glos.
2134 2573 2143 2584 x
2231 2579 2237 2584 .

319 2593 408 2651 Ad
447 2592 746 2650 secundum
789 2590 1098 2660 dice-ndum,
1140 2591 1286 2664 quod
1325 2590 1684 2648 auctoritates
1721 2590 1828 2650 illae
1866 2591 2162 2665 loquuntur
2194 2596 2264 2654 de

250 2681 344 2738 illo
369 2683 466 2755 qui
503 2681 790 2738 abscondit
817 2697 882 2737 ea
906 2697 1031 2754 quae
1059 2679 1460 2738 manifestanda
1496 2686 1644 2747 sunt,
1679 2680 1821 2736 unde
1846 2679 2167 2740 Ecclesiast.
2202 2701 2263 2742 ιν

251 2771 608 2842 praemittitur
635 2785 650 2826 ε
687 2769 770 2828 Ne
797 2770 982 2826 timeas
1011 2768 1226 2824 verbum
1253 2769 1314 2825 in
1338 2775 1569 2841 tempore
1590 2769 1797 2826 salutis·
1828 2770 1927 2825 Per
1946 2768 2051 2826 hoc
2078 2779 2261 2832 autem

249 2875 358 2916 non
401 2867 734 2924 removetur,
777 2859 910 2931 quin
955 2874 1019 2916 ea
1065 2873 1197 2931 quae.
1231 2864 1359 2914 sunt
1397 2855 1613 2914 occulta
1656 2856 1890 2914 debeant
1926 2858 2263 2936 obscuritate

235 2947 543 3025 ‚verborum
573 2946 761 3002 celari.
1826 3009 1837 3022 x

318 3035 404 3091 Ad
447 3036 674 3090 tertium
712 3032 1022 3100 dicendum,
1074 3033 1219 3106 quod
1264 3032 1515 3091 doctrina
1559 3033 1761 3090 Christi
1808 3040 1891 3090 est
1932 3035 2149 3108 publice
2205 3046 2263 3096 et

245 3122 410 3196 plane
437 3121 706 3189 docenda,
739 3122 815 3179 ita
846 3123 990 3196 quod
1021 3122 1316 3195 unicuique
1347 3123 1420 3178 sit
1449 3121 1667 3194 planum
1702 3122 1758 3182 id
1786 3123 1931 3195 quod
1958 3124 2179 3197 expedit
2210 3127 2263 3184 ei

248 3213 394 3269 scire
420 3229 434 3268 z
467 3227 576 3269 non
603 3219 785 3268 autem
813 3217 873 3266 ut
896 3211 1240 3284 publicentur
1269 3211 1359 3267 illa
1389 3221 1515 3284 quae
1540 3211 1679 3266 scite
1709 3223 1815 3266 non
1844 3212 2083 3284 expedit.

318 3301 405 3360 Ad
430 3307 692 3374 quartum
709 3299 1024 3374 dicendum,
1050 3300 1194 3373 quod
1212 3299 1465 3358 doctores
1490 3314 1661 3358 sacrae
1684 3300 1981 3370 Scripturae
2006 3315 2110 3358 non
2133 3309 2263 3359 sunt

243 3392 329 3448 ita
373 3388 718 3462 sapientibus
767 3397 823 3445 et
867 3388 1249 3462 insipientibus
1291 3388 1587 3456 debitores,
1616 3394 1677 3444 ut
1721 3388 1913 3446 eadem
1958 3398 2263 3462 proponant

245 3481 520 3552 utrisque,
553 3479 650 3534 sed
677 3477 756 3535 ita
782 3478 928 3551 quod
954 3478 1200 3552 utrisque
1227 3486 1534 3552 proponant
1562 3478 1708 3552 quod
1736 3479 1819 3534 eis
1846 3478 2085 3552 expedit.

317 3568 404 3625 Ad
445 3567 700 3642 quintum
737 3568 1049 3634 dicendum,
1081 3568 1225 3640 quod
1271 3583 1377 3624 non
1415 3583 1481 3624 ex
1510 3567 1717 3623 invidia
1743 3565 1967 3626 subtilia
2006 3567 2263 3629 multitu-

247 3656 367 3713 dini
393 3656 759 3725 occultantur,
788 3657 885 3712 sed
911 3657 1084 3728 magis
1113 3673 1181 3712 ex
1206 3656 1392 3713 debita
1421 3655 1770 3712 discretione.

227 3785 233 3791 -
319 3744 406 3800 Ad
444 3753 660 3800 sextum
689 3744 999 3810 dicendum,
1030 3743 1445 3818 quod'August.,
1481 3742 1724 3816 loquitur
1758 3742 1829 3799 de
1864 3739 2265 3814 expositoribus

222 3833 348 3907 ·qui
387 3832 740 3906 adpopulum
783 3833 1096 3906 loquuntur,
1137 3841 1244 3890 non
1279 3832 1349 3891 de
1389 3830 1477 3890 his
1518 3832 1613 3905 qui
1660 3830 1865 3904 scripto
1915 3828 2157 3898 tradunt,
2204 3838 2264 3887 ut

245 3927 410 3996 patet
435 3931 500 3977 ex
527 3922 1008 4002 consequentibus.
1052 3977 1058 3982 .
1138 3975 1144 3983 .
