<?xml version="1.0" encoding="UTF-8"?>
<!DOCTYPE html PUBLIC "-//W3C//DTD XHTML 1.0 Transitional//EN"
    "http://www.w3.org/TR/xhtml1/DTD/xhtml1-transitional.dtd">
<html xmlns="http://www.w3.org/1999/xhtml" xml:lang="en" lang="en">
 <head>
  <title>
</title>
<meta http-equiv="Content-Type" content="text/html;charset=utf-8" />
  <meta name='ocr-system' content='tesseract 3.04.00' />
  <meta name='ocr-capabilities' content='ocr_page ocr_carea ocr_par ocr_line ocrx_word'/>
</head>
<body>
  <div class='ocr_page' id='page_1' title='image "./sthomaquinatisd00thomgoog_0155.png"; bbox 0 0 2800 4492; ppageno 0'>
   <div class='ocr_carea' id='block_1_1' title="bbox 770 311 2340 380">
    <p class='ocr_par' dir='ltr' id='par_1_1' title="bbox 770 311 2340 380">
     <span class='ocr_line' id='line_1_1' title="bbox 770 311 2340 380; baseline -0.001 -10"><span class='ocrx_word' id='word_1_1' title='bbox 770 333 778 341; x_wconf 93' lang='lat'><strong>·</strong></span> <span class='ocrx_word' id='word_1_2' title='bbox 825 327 937 378; x_wconf 66' lang='grc' dir='ltr'><strong>ω.</strong></span> <span class='ocrx_word' id='word_1_3' title='bbox 971 343 1050 357; x_wconf 90' lang='grc'><strong>--</strong></span> <span class='ocrx_word' id='word_1_4' title='bbox 1087 325 1513 376; x_wconf 66' lang='lat' dir='ltr'><strong>eunonium-vu,</strong></span> <span class='ocrx_word' id='word_1_5' title='bbox 1554 327 1799 370; x_wconf 72' lang='lat' dir='ltr'><strong>ramum</strong></span> <span class='ocrx_word' id='word_1_6' title='bbox 2198 311 2340 380; x_wconf 73' lang='lat'>141.</span> 
     </span>
    </p>
   </div>
   <div class='ocr_carea' id='block_1_2' title="bbox 1017 520 1605 630">
    <p class='ocr_par' dir='ltr' id='par_1_2' title="bbox 1017 520 1605 630">
     <span class='ocr_line' id='line_1_2' title="bbox 1017 520 1605 630; baseline -0.002 -11"><span class='ocrx_word' id='word_1_7' title='bbox 1017 520 1415 630; x_wconf 74' lang='lat' dir='ltr'>QUAESTIO</span> <span class='ocrx_word' id='word_1_8' title='bbox 1460 521 1605 618; x_wconf 67' lang='grc' dir='ltr'><strong>Ἦ.</strong></span> 
     </span>
    </p>
   </div>
   <div class='ocr_carea' id='block_1_3' title="bbox 272 699 2323 1226">
    <p class='ocr_par' dir='ltr' id='par_1_3' title="bbox 272 699 2323 985">
     <span class='ocr_line' id='line_1_3' title="bbox 327 699 2315 796; baseline -0.002 -24"><span class='ocrx_word' id='word_1_9' title='bbox 327 755 336 765; x_wconf 77' lang='lat'><em>.</em></span> <span class='ocrx_word' id='word_1_10' title='bbox 365 713 591 777; x_wconf 72' lang='lat' dir='ltr'><strong>[Deinde</strong></span> <span class='ocrx_word' id='word_1_11' title='bbox 619 713 766 796; x_wconf 80' lang='lat' dir='ltr'><strong>circa</strong></span> <span class='ocrx_word' id='word_1_12' title='bbox 799 710 1194 768; x_wconf 85' lang='lat' dir='ltr'><strong>confessionem</strong></span> <span class='ocrx_word' id='word_1_13' title='bbox 1229 699 1619 782; x_wconf 61' lang='lat' dir='ltr'><strong>quaerebantur</strong></span> <span class='ocrx_word' id='word_1_14' title='bbox 1656 710 1763 766; x_wconf 88' lang='lat' dir='ltr'><strong>tria</strong></span> <span class='ocrx_word' id='word_1_15' title='bbox 1794 725 1809 765; x_wconf 75' lang='lat' dir='ltr'><strong>t</strong></span> <span class='ocrx_word' id='word_1_16' title='bbox 1842 711 1905 766; x_wconf 82' lang='grc'><strong>40</strong></span> <span class='ocrx_word' id='word_1_17' title='bbox 1931 717 2113 768; x_wconf 84' lang='lat' dir='ltr'><strong>utrum</strong></span> <span class='ocrx_word' id='word_1_18' title='bbox 2161 713 2315 770; x_wconf 85' lang='lat' dir='ltr'><strong>suffi-</strong></span> 
     </span>
     <span class='ocr_line' id='line_1_4' title="bbox 310 787 2323 874; baseline -0.001 -12"><span class='ocrx_word' id='word_1_19' title='bbox 310 806 424 862; x_wconf 90' lang='lat' dir='ltr'><strong>ciat</strong></span> <span class='ocrx_word' id='word_1_20' title='bbox 447 804 594 873; x_wconf 86' lang='lat' dir='ltr'><strong>quod</strong></span> <span class='ocrx_word' id='word_1_21' title='bbox 624 802 822 874; x_wconf 86' lang='lat' dir='ltr'><strong>aliquis</strong></span> <span class='ocrx_word' id='word_1_22' title='bbox 847 801 1051 872; x_wconf 90' lang='lat' dir='ltr'><strong>scripto</strong></span> <span class='ocrx_word' id='word_1_23' title='bbox 1086 787 1431 867; x_wconf 81' lang='lat' dir='ltr'><strong>confiteatur,</strong></span> <span class='ocrx_word' id='word_1_24' title='bbox 1468 815 1537 855; x_wconf 89' lang='lat' dir='ltr'><strong>an</strong></span> <span class='ocrx_word' id='word_1_25' title='bbox 1562 804 1779 870; x_wconf 85' lang='lat' dir='ltr'><strong>oportet</strong></span> <span class='ocrx_word' id='word_1_26' title='bbox 1812 799 1959 871; x_wconf 88' lang='lat' dir='ltr'><strong>quod</strong></span> <span class='ocrx_word' id='word_1_27' title='bbox 1988 801 2323 860; x_wconf 82' lang='lat' dir='ltr'><strong>confiteatur.</strong></span> 
     </span>
     <span class='ocr_line' id='line_1_5' title="bbox 272 887 2313 985; baseline -0.004 -32"><span class='ocrx_word' id='word_1_28' title='bbox 272 979 278 985; x_wconf 20' lang='grc' dir='ltr'>ι</span> <span class='ocrx_word' id='word_1_29' title='bbox 313 893 512 963; x_wconf 78' lang='lat' dir='ltr'><strong>verb03</strong></span> <span class='ocrx_word' id='word_1_30' title='bbox 537 897 598 950; x_wconf 76' lang='lat'><strong>20</strong></span> <span class='ocrx_word' id='word_1_31' title='bbox 631 903 702 953; x_wconf 81' lang='lat' dir='ltr'><strong>an</strong></span> <span class='ocrx_word' id='word_1_32' title='bbox 730 889 928 962; x_wconf 88' lang='lat' dir='ltr'><strong>aliquis</strong></span> <span class='ocrx_word' id='word_1_33' title='bbox 966 895 1216 946; x_wconf 86' lang='lat' dir='ltr'><strong>teneatur</strong></span> <span class='ocrx_word' id='word_1_34' title='bbox 1239 889 1429 948; x_wconf 87' lang='lat' dir='ltr'><strong>statim</strong></span> <span class='ocrx_word' id='word_1_35' title='bbox 1462 888 1710 945; x_wconf 83' lang='lat' dir='ltr'><strong>confiteri</strong></span> <span class='ocrx_word' id='word_1_36' title='bbox 1756 887 1945 944; x_wconf 88' lang='lat' dir='ltr'><strong>habita</strong></span> <span class='ocrx_word' id='word_1_37' title='bbox 1986 890 2313 962; x_wconf 84' lang='lat' dir='ltr'><strong>opportuni-</strong></span> 
     </span>
    </p>

    <p class='ocr_par' dir='ltr' id='par_1_4' title="bbox 312 976 2317 1226">
     <span class='ocr_line' id='line_1_6' title="bbox 314 976 2315 1060; baseline -0.003 -21"><span class='ocrx_word' id='word_1_38' title='bbox 314 988 448 1049; x_wconf 89' lang='lat' dir='ltr'><strong>tate,</strong></span> <span class='ocrx_word' id='word_1_39' title='bbox 479 986 566 1060; x_wconf 77' lang='lat' dir='ltr'><strong>vei</strong></span> <span class='ocrx_word' id='word_1_40' title='bbox 605 979 776 1053; x_wconf 81' lang='lat' dir='ltr'>possit</span> <span class='ocrx_word' id='word_1_41' title='bbox 811 984 1098 1050; x_wconf 83' lang='lat' dir='ltr'><strong>expectare</strong></span> <span class='ocrx_word' id='word_1_42' title='bbox 1143 993 1316 1049; x_wconf 87' lang='lat' dir='ltr'><strong>usque</strong></span> <span class='ocrx_word' id='word_1_43' title='bbox 1363 977 1435 1034; x_wconf 89' lang='lat' dir='ltr'><strong>ad</strong></span> <span class='ocrx_word' id='word_1_44' title='bbox 1478 976 1985 1050; x_wconf 86' lang='lat' dir='ltr'><strong>quadragesimam;</strong></span> <span class='ocrx_word' id='word_1_45' title='bbox 2034 981 2097 1032; x_wconf 84' lang='lat'><strong>3⁰</strong></span> <span class='ocrx_word' id='word_1_46' title='bbox 2132 984 2315 1033; x_wconf 87' lang='lat' dir='ltr'><strong>utrum</strong></span> 
     </span>
     <span class='ocr_line' id='line_1_7' title="bbox 312 1065 2317 1146; baseline -0.002 -17"><span class='ocrx_word' id='word_1_47' title='bbox 312 1071 600 1146; x_wconf 84' lang='lat' dir='ltr'><strong>presbyter</strong></span> <span class='ocrx_word' id='word_1_48' title='bbox 632 1067 960 1142; x_wconf 84' lang='lat' dir='ltr'><strong>parochialis</strong></span> <span class='ocrx_word' id='word_1_49' title='bbox 993 1065 1190 1126; x_wconf 85' lang='lat' dir='ltr'><strong>debeat</strong></span> <span class='ocrx_word' id='word_1_50' title='bbox 1233 1065 1459 1121; x_wconf 86' lang='lat' dir='ltr'><strong>credere</strong></span> <span class='ocrx_word' id='word_1_51' title='bbox 1500 1081 1599 1122; x_wconf 86' lang='lat' dir='ltr'><strong>suo</strong></span> <span class='ocrx_word' id='word_1_52' title='bbox 1640 1065 1970 1138; x_wconf 87' lang='lat' dir='ltr'><strong>parochiano</strong></span> <span class='ocrx_word' id='word_1_53' title='bbox 2012 1065 2215 1126; x_wconf 80' lang='lat' dir='ltr'><strong>dicenti</strong></span> <span class='ocrx_word' id='word_1_54' title='bbox 2258 1082 2317 1125; x_wconf 87' lang='lat' dir='ltr'><strong>se</strong></span> 
     </span>
     <span class='ocr_line' id='line_1_8' title="bbox 313 1139 1863 1226; baseline -0.006 -6"><span class='ocrx_word' id='word_1_55' title='bbox 313 1159 475 1220; x_wconf 73' lang='lat' dir='ltr'><strong>alteri</strong></span> <span class='ocrx_word' id='word_1_56' title='bbox 498 1157 824 1226; x_wconf 85' lang='lat' dir='ltr'><strong>confessum,</strong></span> <span class='ocrx_word' id='word_1_57' title='bbox 857 1163 912 1213; x_wconf 91' lang='lat' dir='ltr'><strong>et</strong></span> <span class='ocrx_word' id='word_1_58' title='bbox 935 1157 1066 1214; x_wconf 88' lang='lat' dir='ltr'><strong>dare</strong></span> <span class='ocrx_word' id='word_1_59' title='bbox 1091 1155 1140 1214; x_wconf 89' lang='lat' dir='ltr'><strong>ei</strong></span> <span class='ocrx_word' id='word_1_60' title='bbox 1169 1139 1585 1223; x_wconf 82' lang='lat' dir='ltr'><strong>Eucharistiarn,</strong></span> <span class='ocrx_word' id='word_1_61' title='bbox 1620 1154 1705 1210; x_wconf 90' lang='lat' dir='ltr'><strong>vel</strong></span> <span class='ocrx_word' id='word_1_62' title='bbox 1736 1169 1863 1211; x_wconf 89' lang='lat' dir='ltr'><strong>non.</strong></span> 
     </span>
    </p>
   </div>
   <div class='ocr_carea' id='block_1_4' title="bbox 979 1333 1611 1397">
    <p class='ocr_par' dir='ltr' id='par_1_5' title="bbox 979 1333 1611 1397">
     <span class='ocr_line' id='line_1_9' title="bbox 979 1333 1611 1397; baseline -0.005 0"><span class='ocrx_word' id='word_1_63' title='bbox 979 1393 984 1396; x_wconf 87' lang='lat'><em>.</em></span> <span class='ocrx_word' id='word_1_64' title='bbox 1013 1334 1469 1397; x_wconf 87' lang='lat' dir='ltr'><strong>ARTICULUS</strong></span> <span class='ocrx_word' id='word_1_65' title='bbox 1531 1333 1611 1394; x_wconf 91' lang='lat' dir='ltr'><strong>X.</strong></span> 
     </span>
    </p>
   </div>
   <div class='ocr_carea' id='block_1_5' title="bbox 323 1463 2313 1640">
    <p class='ocr_par' dir='ltr' id='par_1_6' title="bbox 323 1463 2313 1640">
     <span class='ocr_line' id='line_1_10' title="bbox 323 1463 2313 1554; baseline -0.008 -9"><span class='ocrx_word' id='word_1_66' title='bbox 323 1478 543 1548; x_wconf 73' lang='lat' dir='ltr'><strong>Utrum</strong></span> <span class='ocrx_word' id='word_1_67' title='bbox 565 1473 844 1554; x_wconf 76' lang='lat' dir='ltr'><strong>sufficiat</strong></span> <span class='ocrx_word' id='word_1_68' title='bbox 871 1470 1144 1548; x_wconf 76' lang='lat' dir='ltr'><strong>confiteri</strong></span> <span class='ocrx_word' id='word_1_69' title='bbox 1177 1467 1423 1548; x_wconf 74' lang='lat' dir='ltr'><strong>scripto.</strong></span> <span class='ocrx_word' id='word_1_70' title='bbox 1460 1499 1539 1511; x_wconf 89' lang='lat'>—</span> <span class='ocrx_word' id='word_1_71' title='bbox 1569 1465 1654 1545; x_wconf 88' lang='lat'><strong>(4,</strong></span> <span class='ocrx_word' id='word_1_72' title='bbox 1686 1463 1831 1530; x_wconf 76' lang='lat' dir='ltr'><strong>dist.</strong></span> <span class='ocrx_word' id='word_1_73' title='bbox 1880 1468 1977 1542; x_wconf 84' lang='lat'><strong>17,</strong></span> <span class='ocrx_word' id='word_1_74' title='bbox 2009 1473 2218 1550; x_wconf 70' lang='lat' dir='ltr'><strong>quaest.</strong></span> <span class='ocrx_word' id='word_1_75' title='bbox 2252 1471 2313 1546; x_wconf 88' lang='grc'><strong>3,</strong></span> 
     </span>
     <span class='ocr_line' id='line_1_11' title="bbox 987 1553 1638 1640; baseline -0.014 -18"><span class='ocrx_word' id='word_1_76' title='bbox 987 1561 1108 1623; x_wconf 73' lang='lat' dir='ltr'><strong>art.</strong></span> <span class='ocrx_word' id='word_1_77' title='bbox 1142 1560 1202 1633; x_wconf 88' lang='lat'><strong>4,</strong></span> <span class='ocrx_word' id='word_1_78' title='bbox 1230 1561 1285 1620; x_wconf 79' lang='lat' dir='ltr'><strong>ec</strong></span> <span class='ocrx_word' id='word_1_79' title='bbox 1307 1559 1519 1640; x_wconf 76' lang='lat' dir='ltr'><strong>quoest.</strong></span> <span class='ocrx_word' id='word_1_80' title='bbox 1551 1553 1638 1636; x_wconf 89' lang='lat'><strong>3).</strong></span> 
     </span>
    </p>
   </div>
   <div class='ocr_carea' id='block_1_6' title="bbox 235 1681 2341 3996">
    <p class='ocr_par' dir='ltr' id='par_1_7' title="bbox 313 1681 2322 2037">
     <span class='ocr_line' id='line_1_12' title="bbox 387 1681 2322 1773; baseline -0.005 -16"><span class='ocrx_word' id='word_1_81' title='bbox 387 1701 470 1758; x_wconf 82' lang='lat' dir='ltr'><strong>Ad</strong></span> <span class='ocrx_word' id='word_1_82' title='bbox 493 1699 730 1773; x_wconf 82' lang='lat' dir='ltr'><strong>primum</strong></span> <span class='ocrx_word' id='word_1_83' title='bbox 757 1696 840 1768; x_wconf 85' lang='lat' dir='ltr'><strong>sic</strong></span> <span class='ocrx_word' id='word_1_84' title='bbox 857 1691 1276 1768; x_wconf 80' lang='lat' dir='ltr'><strong>procedebatur.</strong></span> <span class='ocrx_word' id='word_1_85' title='bbox 1302 1685 1354 1746; x_wconf 90' lang='grc'><strong>4.</strong></span> <span class='ocrx_word' id='word_1_86' title='bbox 1387 1681 1619 1748; x_wconf 86' lang='lat' dir='ltr'><strong>Videtur</strong></span> <span class='ocrx_word' id='word_1_87' title='bbox 1661 1689 1807 1760; x_wconf 89' lang='lat' dir='ltr'><strong>quod</strong></span> <span class='ocrx_word' id='word_1_88' title='bbox 1836 1689 2091 1757; x_wconf 87' lang='lat' dir='ltr'><strong>sufficiat,</strong></span> <span class='ocrx_word' id='word_1_89' title='bbox 2121 1691 2169 1746; x_wconf 87' lang='lat' dir='ltr'><strong>si</strong></span> <span class='ocrx_word' id='word_1_90' title='bbox 2212 1691 2322 1748; x_wconf 82' lang='lat' dir='ltr'><strong>ali·-</strong></span> 
     </span>
     <span class='ocr_line' id='line_1_13' title="bbox 313 1777 2321 1866; baseline -0.006 -18"><span class='ocrx_word' id='word_1_91' title='bbox 313 1792 441 1866; x_wconf 88' lang='lat' dir='ltr'><strong>quis</strong></span> <span class='ocrx_word' id='word_1_92' title='bbox 463 1789 787 1846; x_wconf 83' lang='lat' dir='ltr'><strong>confiteatur</strong></span> <span class='ocrx_word' id='word_1_93' title='bbox 823 1784 1046 1855; x_wconf 88' lang='lat' dir='ltr'><strong>scripto.</strong></span> <span class='ocrx_word' id='word_1_94' title='bbox 1073 1779 1351 1857; x_wconf 72' lang='lat' dir='ltr'><strong>Confessio</strong></span> <span class='ocrx_word' id='word_1_95' title='bbox 1376 1778 1523 1836; x_wconf 88' lang='lat' dir='ltr'><strong>enim</strong></span> <span class='ocrx_word' id='word_1_96' title='bbox 1551 1777 1851 1850; x_wconf 82' lang='lat' dir='ltr'>requiritur</span> <span class='ocrx_word' id='word_1_97' title='bbox 1892 1778 1961 1834; x_wconf 84' lang='lat' dir='ltr'><strong>ad</strong></span> <span class='ocrx_word' id='word_1_98' title='bbox 1999 1779 2321 1837; x_wconf 80' lang='lat' dir='ltr'><strong>manifesta·-</strong></span> 
     </span>
     <span class='ocr_line' id='line_1_14' title="bbox 315 1863 2319 1953; baseline -0.005 -15"><span class='ocrx_word' id='word_1_99' title='bbox 315 1882 522 1953; x_wconf 82' lang='lat' dir='ltr'><strong>tionem</strong></span> <span class='ocrx_word' id='word_1_100' title='bbox 546 1874 778 1951; x_wconf 88' lang='lat' dir='ltr'><strong>peccati.</strong></span> <span class='ocrx_word' id='word_1_101' title='bbox 808 1872 914 1930; x_wconf 89' lang='lat' dir='ltr'><strong>Sed</strong></span> <span class='ocrx_word' id='word_1_102' title='bbox 942 1878 1228 1944; x_wconf 87' lang='lat' dir='ltr'><strong>peccatum</strong></span> <span class='ocrx_word' id='word_1_103' title='bbox 1263 1867 1601 1924; x_wconf 80' lang='lat' dir='ltr'><strong>manifestari</strong></span> <span class='ocrx_word' id='word_1_104' title='bbox 1632 1871 1814 1939; x_wconf 86' lang='lat' dir='ltr'><strong>potest</strong></span> <span class='ocrx_word' id='word_1_105' title='bbox 1848 1867 2054 1942; x_wconf 90' lang='lat' dir='ltr'><strong>scripto</strong></span> <span class='ocrx_word' id='word_1_106' title='bbox 2095 1863 2238 1926; x_wconf 82' lang='lat' dir='ltr'><strong>sicut</strong></span> <span class='ocrx_word' id='word_1_107' title='bbox 2262 1873 2319 1926; x_wconf 91' lang='lat' dir='ltr'><strong>et</strong></span> 
     </span>
     <span class='ocr_line' id='line_1_15' title="bbox 313 1956 2181 2037; baseline -0.012 -11"><span class='ocrx_word' id='word_1_108' title='bbox 313 1969 506 2026; x_wconf 74' lang='lat' dir='ltr'><strong>verbo,</strong></span> <span class='ocrx_word' id='word_1_109' title='bbox 536 1967 677 2037; x_wconf 82' lang='lat' dir='ltr'><strong>Ergo</strong></span> <span class='ocrx_word' id='word_1_110' title='bbox 704 1961 922 2028; x_wconf 88' lang='lat' dir='ltr'><strong>sufficit,</strong></span> <span class='ocrx_word' id='word_1_111' title='bbox 956 1960 1002 2016; x_wconf 91' lang='lat' dir='ltr'><strong>si</strong></span> <span class='ocrx_word' id='word_1_112' title='bbox 1029 1959 1357 2016; x_wconf 89' lang='lat' dir='ltr'><strong>confiteatur</strong></span> <span class='ocrx_word' id='word_1_113' title='bbox 1383 1956 1611 2029; x_wconf 81' lang='lat' dir='ltr'><strong>scripto.</strong></span> <span class='ocrx_word' id='word_1_114' title='bbox 2176 1965 2181 1968; x_wconf 86' lang='lat'>·</span> 
     </span>
    </p>

    <p class='ocr_par' dir='ltr' id='par_1_8' title="bbox 313 2043 2322 2204">
     <span class='ocr_line' id='line_1_16' title="bbox 365 2043 2322 2144; baseline -0.008 -28"><span class='ocrx_word' id='word_1_115' title='bbox 365 2057 494 2144; x_wconf 32' lang='lat' dir='ltr'><strong>&#39;Sed</strong></span> <span class='ocrx_word' id='word_1_116' title='bbox 520 2061 712 2112; x_wconf 85' lang='lat' dir='ltr'><strong>contra</strong></span> <span class='ocrx_word' id='word_1_117' title='bbox 740 2057 824 2109; x_wconf 91' lang='lat' dir='ltr'><strong>est</strong></span> <span class='ocrx_word' id='word_1_118' title='bbox 859 2048 1004 2127; x_wconf 88' lang='lat' dir='ltr'><strong>quod</strong></span> <span class='ocrx_word' id='word_1_119' title='bbox 1031 2047 1247 2105; x_wconf 82' lang='lat' dir='ltr'><strong>&#39;dicitur</strong></span> <span class='ocrx_word' id='word_1_120' title='bbox 1289 2047 1448 2104; x_wconf 89' lang='lat' dir='ltr'>Rom.</span> <span class='ocrx_word' id='word_1_121' title='bbox 1476 2059 1535 2126; x_wconf 52' lang='lat' dir='ltr'><strong>a,</strong></span> <span class='ocrx_word' id='word_1_122' title='bbox 1569 2045 1636 2101; x_wconf 88' lang='grc'><strong>40</strong></span> <span class='ocrx_word' id='word_1_123' title='bbox 1666 2060 1680 2098; x_wconf 89' lang='lat'>:</span> <span class='ocrx_word' id='word_1_124' title='bbox 1714 2043 1819 2129; x_wconf 61' lang='lat' dir='ltr'><strong>Ore</strong></span> <span class='ocrx_word' id='word_1_125' title='bbox 1862 2043 2113 2118; x_wconf 77' lang='lat' dir='ltr'><strong>confessio</strong></span> <span class='ocrx_word' id='word_1_126' title='bbox 2146 2045 2207 2120; x_wconf 75' lang='lat' dir='ltr'><strong>tit</strong></span> <span class='ocrx_word' id='word_1_127' title='bbox 2251 2047 2322 2122; x_wconf 73' lang='lat' dir='ltr'><strong>qd</strong></span> 
     </span>
     <span class='ocr_line' id='line_1_17' title="bbox 313 2147 1925 2204; baseline -0.007 0"><span class='ocrx_word' id='word_1_128' title='bbox 313 2147 564 2204; x_wconf 79' lang='lat' dir='ltr'><strong>salutem.</strong></span> <span class='ocrx_word' id='word_1_129' title='bbox 881 2153 910 2198; x_wconf 86' lang='lat'><strong>·.</strong></span> <span class='ocrx_word' id='word_1_130' title='bbox 1141 2193 1147 2196; x_wconf 88' lang='lat'>.</span> <span class='ocrx_word' id='word_1_131' title='bbox 1454 2192 1457 2195; x_wconf 87' lang='lat'>.</span> <span class='ocrx_word' id='word_1_132' title='bbox 1487 2173 1492 2178; x_wconf 97' lang='lat'>-</span> <span class='ocrx_word' id='word_1_133' title='bbox 1630 2189 1651 2194; x_wconf 83' lang='lat'><strong>..</strong></span> <span class='ocrx_word' id='word_1_134' title='bbox 1918 2185 1925 2194; x_wconf 83' lang='lat'><em>.</em></span> 
     </span>
    </p>

    <p class='ocr_par' dir='ltr' id='par_1_9' title="bbox 235 2221 2341 3996">
     <span class='ocr_line' id='line_1_18' title="bbox 389 2221 2323 2311; baseline -0.007 -18"><span class='ocrx_word' id='word_1_135' title='bbox 389 2232 712 2311; x_wconf 86' lang='lat' dir='ltr'><strong>Respondeo</strong></span> <span class='ocrx_word' id='word_1_136' title='bbox 731 2227 1042 2294; x_wconf 86' lang='lat' dir='ltr'><strong>dicendum,</strong></span> <span class='ocrx_word' id='word_1_137' title='bbox 1073 2221 1526 2300; x_wconf 73' lang='lat' dir='ltr'><strong>quod&#39;confessio</strong></span> <span class='ocrx_word' id='word_1_138' title='bbox 1562 2228 1648 2280; x_wconf 88' lang='lat' dir='ltr'><strong>est</strong></span> <span class='ocrx_word' id='word_1_139' title='bbox 1686 2221 1975 2295; x_wconf 67' lang='lat' dir='ltr'><strong>quoddam,</strong></span> <span class='ocrx_word' id='word_1_140' title='bbox 2003 2237 2323 2280; x_wconf 86' lang='lat' dir='ltr'><strong>sacramen-</strong></span> 
     </span>
     <span class='ocr_line' id='line_1_19' title="bbox 315 2309 2317 2388; baseline -0.008 -6"><span class='ocrx_word' id='word_1_141' title='bbox 315 2325 453 2384; x_wconf 80' lang='lat' dir='ltr'><strong>tale.</strong></span> <span class='ocrx_word' id='word_1_142' title='bbox 479 2325 630 2380; x_wconf 89' lang='lat' dir='ltr'><strong>Sicut</strong></span> <span class='ocrx_word' id='word_1_143' title='bbox 658 2317 880 2376; x_wconf 86' lang='lat' dir='ltr'><strong>enimin</strong></span> <span class='ocrx_word' id='word_1_144' title='bbox 907 2315 1178 2388; x_wconf 87' lang='lat' dir='ltr'><strong>baptismo</strong></span> <span class='ocrx_word' id='word_1_145' title='bbox 1217 2312 1514 2386; x_wconf 81' lang='lat' dir='ltr'><strong>requiritur</strong></span> <span class='ocrx_word' id='word_1_146' title='bbox 1542 2309 1749 2383; x_wconf 89' lang='lat' dir='ltr'><strong>aliquid</strong></span> <span class='ocrx_word' id='word_1_147' title='bbox 1778 2325 1845 2366; x_wconf 83' lang='lat' dir='ltr'><strong>ex</strong></span> <span class='ocrx_word' id='word_1_148' title='bbox 1878 2315 2035 2382; x_wconf 90' lang='lat' dir='ltr'><strong>parte</strong></span> <span class='ocrx_word' id='word_1_149' title='bbox 2060 2310 2317 2379; x_wconf 87' lang='lat' dir='ltr'><strong>ministri,</strong></span> 
     </span>
     <span class='ocr_line' id='line_1_20' title="bbox 317 2397 2321 2484; baseline -0.008 -14"><span class='ocrx_word' id='word_1_150' title='bbox 317 2413 534 2484; x_wconf 60' lang='lat' dir='ltr'><strong>sciticet</strong></span> <span class='ocrx_word' id='word_1_151' title='bbox 562 2418 622 2468; x_wconf 90' lang='lat' dir='ltr'><strong>ut</strong></span> <span class='ocrx_word' id='word_1_152' title='bbox 648 2407 835 2466; x_wconf 85' lang='lat' dir='ltr'><strong>abluat</strong></span> <span class='ocrx_word' id='word_1_153' title='bbox 851 2411 906 2461; x_wconf 92' lang='lat' dir='ltr'><strong>et</strong></span> <span class='ocrx_word' id='word_1_154' title='bbox 931 2403 1190 2478; x_wconf 85' lang='lat' dir='ltr'><strong>proferat,</strong></span> <span class='ocrx_word' id='word_1_155' title='bbox 1225 2407 1281 2458; x_wconf 89' lang='lat' dir='ltr'><strong>et</strong></span> <span class='ocrx_word' id='word_1_156' title='bbox 1312 2400 1521 2472; x_wconf 87' lang='lat' dir='ltr'><strong>aliquid</strong></span> <span class='ocrx_word' id='word_1_157' title='bbox 1554 2415 1620 2454; x_wconf 86' lang='lat' dir='ltr'><strong>ex</strong></span> <span class='ocrx_word' id='word_1_158' title='bbox 1659 2403 1813 2470; x_wconf 90' lang='lat' dir='ltr'><strong>parte</strong></span> <span class='ocrx_word' id='word_1_159' title='bbox 1856 2397 2205 2468; x_wconf 85' lang='lat' dir='ltr'><strong>suscipientis</strong></span> <span class='ocrx_word' id='word_1_160' title='bbox 2228 2413 2321 2454; x_wconf 89' lang='lat' dir='ltr'><strong>sa-</strong></span> 
     </span>
     <span class='ocr_line' id='line_1_21' title="bbox 317 2485 2320 2566; baseline -0.009 -5"><span class='ocrx_word' id='word_1_161' title='bbox 317 2506 681 2566; x_wconf 85' lang='lat' dir='ltr'><strong>cramentum,</strong></span> <span class='ocrx_word' id='word_1_162' title='bbox 713 2504 774 2554; x_wconf 89' lang='lat' dir='ltr'><strong>ut</strong></span> <span class='ocrx_word' id='word_1_163' title='bbox 821 2493 1028 2552; x_wconf 85' lang='lat' dir='ltr'><strong>scilicet</strong></span> <span class='ocrx_word' id='word_1_164' title='bbox 1073 2489 1322 2546; x_wconf 88' lang='lat' dir='ltr'><strong>intendat</strong></span> <span class='ocrx_word' id='word_1_165' title='bbox 1362 2496 1419 2544; x_wconf 90' lang='lat' dir='ltr'><strong>et</strong></span> <span class='ocrx_word' id='word_1_166' title='bbox 1456 2486 1737 2554; x_wconf 84' lang='lat' dir='ltr'><strong>abluatur;</strong></span> <span class='ocrx_word' id='word_1_167' title='bbox 1765 2485 1842 2541; x_wconf 86' lang='lat' dir='ltr'><strong>ita</strong></span> <span class='ocrx_word' id='word_1_168' title='bbox 1880 2486 1939 2542; x_wconf 90' lang='lat' dir='ltr'><strong>in</strong></span> <span class='ocrx_word' id='word_1_169' title='bbox 1976 2495 2320 2543; x_wconf 87' lang='lat' dir='ltr'><strong>sacramento</strong></span> 
     </span>
     <span class='ocr_line' id='line_1_22' title="bbox 235 2569 2319 2664; baseline -0.011 -16"><span class='ocrx_word' id='word_1_170' title='bbox 235 2627 242 2632; x_wconf 92' lang='lat'><em>-</em></span> <span class='ocrx_word' id='word_1_171' title='bbox 317 2586 660 2664; x_wconf 82' lang='lat' dir='ltr'><strong>poenitentiae</strong></span> <span class='ocrx_word' id='word_1_172' title='bbox 685 2600 751 2640; x_wconf 86' lang='lat' dir='ltr'><strong>ex</strong></span> <span class='ocrx_word' id='word_1_173' title='bbox 784 2589 940 2655; x_wconf 84' lang='lat' dir='ltr'><strong>parte</strong></span> <span class='ocrx_word' id='word_1_174' title='bbox 971 2575 1274 2642; x_wconf 81' lang='lat' dir='ltr'><strong>sacerdotis</strong></span> <span class='ocrx_word' id='word_1_175' title='bbox 1297 2573 1593 2645; x_wconf 74' lang='lat' dir='ltr'><strong>requiritur</strong></span> <span class='ocrx_word' id='word_1_176' title='bbox 1624 2571 1771 2645; x_wconf 91' lang='lat' dir='ltr'><strong>quod</strong></span> <span class='ocrx_word' id='word_1_177' title='bbox 1800 2569 2047 2639; x_wconf 73' lang='lat' dir='ltr'><strong>absolvat</strong></span> <span class='ocrx_word' id='word_1_178' title='bbox 2090 2570 2193 2636; x_wconf 82' lang='lat' dir='ltr'><strong>sub</strong></span> <span class='ocrx_word' id='word_1_179' title='bbox 2218 2571 2319 2628; x_wconf 86' lang='lat' dir='ltr'><strong>ali-</strong></span> 
     </span>
     <span class='ocr_line' id='line_1_23' title="bbox 319 2647 2317 2752; baseline -0.011 -17"><span class='ocrx_word' id='word_1_180' title='bbox 319 2693 434 2752; x_wconf 90' lang='lat' dir='ltr'><strong>qua</strong></span> <span class='ocrx_word' id='word_1_181' title='bbox 471 2675 644 2732; x_wconf 78' lang='lat' dir='ltr'><strong>forma</strong></span> <span class='ocrx_word' id='word_1_182' title='bbox 669 2671 994 2738; x_wconf 78' lang='lat' dir='ltr'><strong>verborum3</strong></span> <span class='ocrx_word' id='word_1_183' title='bbox 1020 2681 1088 2723; x_wconf 86' lang='lat' dir='ltr'><strong>ex</strong></span> <span class='ocrx_word' id='word_1_184' title='bbox 1123 2669 1278 2738; x_wconf 86' lang='lat' dir='ltr'><strong>parte</strong></span> <span class='ocrx_word' id='word_1_185' title='bbox 1317 2677 1449 2721; x_wconf 87' lang='lat' dir='ltr'><strong>vero</strong></span> <span class='ocrx_word' id='word_1_186' title='bbox 1488 2649 1802 2734; x_wconf 83' lang='lat' dir='ltr'><strong>poenitentis</strong></span> <span class='ocrx_word' id='word_1_187' title='bbox 1848 2647 2145 2732; x_wconf 76' lang='lat' dir='ltr'><strong>requiritur</strong></span> <span class='ocrx_word' id='word_1_188' title='bbox 2174 2659 2317 2732; x_wconf 88' lang='lat' dir='ltr'><strong>quod</strong></span> 
     </span>
     <span class='ocr_line' id='line_1_24' title="bbox 320 2731 2331 2827; baseline -0.01 -3"><span class='ocrx_word' id='word_1_189' title='bbox 320 2783 382 2824; x_wconf 89' lang='lat' dir='ltr'><strong>se</strong></span> <span class='ocrx_word' id='word_1_190' title='bbox 415 2761 662 2823; x_wconf 83' lang='lat' dir='ltr'><strong>clavibus</strong></span> <span class='ocrx_word' id='word_1_191' title='bbox 683 2758 942 2816; x_wconf 72' lang='lat' dir='ltr'><strong>Ecclesiae</strong></span> <span class='ocrx_word' id='word_1_192' title='bbox 964 2753 1238 2827; x_wconf 87' lang='lat' dir='ltr'><strong>subjiciat,</strong></span> <span class='ocrx_word' id='word_1_193' title='bbox 1270 2756 1497 2825; x_wconf 85' lang='lat' dir='ltr'><strong>peccata</strong></span> <span class='ocrx_word' id='word_1_194' title='bbox 1522 2765 1621 2806; x_wconf 87' lang='lat' dir='ltr'><strong>sua</strong></span> <span class='ocrx_word' id='word_1_195' title='bbox 1644 2764 1741 2823; x_wconf 89' lang='lat' dir='ltr'><strong>per</strong></span> <span class='ocrx_word' id='word_1_196' title='bbox 1768 2746 2162 2804; x_wconf 81' lang='lat' dir='ltr'><strong>confessionem</strong></span> <span class='ocrx_word' id='word_1_197' title='bbox 2199 2731 2331 2804; x_wconf 69' lang='lat' dir='ltr'><strong>ma-‘</strong></span> 
     </span>
     <span class='ocr_line' id='line_1_25' title="bbox 324 2829 2323 2914; baseline -0.01 -1"><span class='ocrx_word' id='word_1_198' title='bbox 324 2852 701 2912; x_wconf 72' lang='lat' dir='ltr'><strong>manifestans,</strong></span> <span class='ocrx_word' id='word_1_199' title='bbox 718 2849 799 2904; x_wconf 92' lang='lat' dir='ltr'><strong>De</strong></span> <span class='ocrx_word' id='word_1_200' title='bbox 827 2845 1152 2902; x_wconf 74' lang='lat' dir='ltr'><strong>necessitate</strong></span> <span class='ocrx_word' id='word_1_201' title='bbox 1181 2856 1310 2914; x_wconf 86' lang='lat' dir='ltr'><strong>ergo</strong></span> <span class='ocrx_word' id='word_1_202' title='bbox 1333 2837 1664 2898; x_wconf 80' lang='lat' dir='ltr'><strong>sacramenti</strong></span> <span class='ocrx_word' id='word_1_203' title='bbox 1693 2829 1947 2910; x_wconf 85' lang='lat' dir='ltr'><strong>estquod</strong></span> <span class='ocrx_word' id='word_1_204' title='bbox 1970 2852 2069 2895; x_wconf 87' lang='lat' dir='ltr'><strong>sua</strong></span> <span class='ocrx_word' id='word_1_205' title='bbox 2098 2844 2323 2910; x_wconf 88' lang='lat' dir='ltr'><strong>peccata</strong></span> 
     </span>
     <span class='ocr_line' id='line_1_26' title="bbox 321 2917 2327 3008; baseline -0.01 -6"><span class='ocrx_word' id='word_1_206' title='bbox 321 2941 670 3008; x_wconf 54' lang='lat' dir='ltr'><strong>manifestem</strong></span> <span class='ocrx_word' id='word_1_207' title='bbox 719 2944 776 2994; x_wconf 90' lang='lat' dir='ltr'><strong>et</strong></span> <span class='ocrx_word' id='word_1_208' title='bbox 819 2942 1011 2992; x_wconf 87' lang='lat' dir='ltr'><strong>contra</strong></span> <span class='ocrx_word' id='word_1_209' title='bbox 1051 2934 1159 2998; x_wconf 51' lang='lat' dir='ltr'><strong>hoc,</strong></span> <span class='ocrx_word' id='word_1_210' title='bbox 1192 2930 1374 2988; x_wconf 85' lang='lat' dir='ltr'><strong>nulius</strong></span> <span class='ocrx_word' id='word_1_211' title='bbox 1419 2927 1736 3000; x_wconf 87' lang='lat' dir='ltr'><strong>dispensare</strong></span> <span class='ocrx_word' id='word_1_212' title='bbox 1762 2931 1986 2998; x_wconf 81' lang='lat' dir='ltr'><strong>posset,</strong></span> <span class='ocrx_word' id='word_1_213' title='bbox 2030 2925 2175 2982; x_wconf 81' lang='lat' dir='ltr'><strong>sicut</strong></span> <span class='ocrx_word' id='word_1_214' title='bbox 2226 2917 2327 2982; x_wconf 85' lang='lat' dir='ltr'><strong>nec</strong></span> 
     </span>
     <span class='ocr_line' id='line_1_27' title="bbox 321 3013 2328 3107; baseline -0.01 -17"><span class='ocrx_word' id='word_1_215' title='bbox 321 3015 520 3107; x_wconf 80' lang='lat' dir='ltr'><strong>contra</strong></span> <span class='ocrx_word' id='word_1_216' title='bbox 542 3027 905 3101; x_wconf 78' lang='lat' dir='ltr'><strong>baptismum3</strong></span> <span class='ocrx_word' id='word_1_217' title='bbox 931 3021 1027 3079; x_wconf 87' lang='lat' dir='ltr'><strong>sed</strong></span> <span class='ocrx_word' id='word_1_218' title='bbox 1068 3020 1216 3094; x_wconf 88' lang='lat' dir='ltr'><strong>quod</strong></span> <span class='ocrx_word' id='word_1_219' title='bbox 1245 3019 1342 3076; x_wconf 89' lang='lat' dir='ltr'><strong>fiat</strong></span> <span class='ocrx_word' id='word_1_220' title='bbox 1367 3015 1739 3074; x_wconf 81' lang='lat' dir='ltr'><strong>manifestatio</strong></span> <span class='ocrx_word' id='word_1_221' title='bbox 1766 3013 1955 3082; x_wconf 84' lang='lat' dir='ltr'><strong>verbe,</strong></span> <span class='ocrx_word' id='word_1_222' title='bbox 1983 3028 2089 3070; x_wconf 90' lang='lat' dir='ltr'><strong>non</strong></span> <span class='ocrx_word' id='word_1_223' title='bbox 2132 3021 2217 3070; x_wconf 87' lang='lat' dir='ltr'><strong>est</strong></span> <span class='ocrx_word' id='word_1_224' title='bbox 2258 3014 2328 3082; x_wconf 86' lang='lat' dir='ltr'><strong>de</strong></span> 
     </span>
     <span class='ocr_line' id='line_1_28' title="bbox 324 3101 2327 3182; baseline -0.011 -3"><span class='ocrx_word' id='word_1_225' title='bbox 324 3119 655 3180; x_wconf 84' lang='lat' dir='ltr'><strong>necessitate</strong></span> <span class='ocrx_word' id='word_1_226' title='bbox 701 3111 1064 3182; x_wconf 85' lang='lat' dir='ltr'><strong>sacramenti3</strong></span> <span class='ocrx_word' id='word_1_227' title='bbox 1104 3107 1347 3182; x_wconf 89' lang='lat' dir='ltr'><strong>alioquin</strong></span> <span class='ocrx_word' id='word_1_228' title='bbox 1385 3105 1534 3163; x_wconf 87' lang='lat' dir='ltr'><strong>nulla</strong></span> <span class='ocrx_word' id='word_1_229' title='bbox 1575 3103 1901 3161; x_wconf 82' lang='lat' dir='ltr'><strong>necessitate</strong></span> <span class='ocrx_word' id='word_1_230' title='bbox 1941 3108 2125 3175; x_wconf 86' lang='lat' dir='ltr'><strong>posset</strong></span> <span class='ocrx_word' id='word_1_231' title='bbox 2169 3101 2327 3159; x_wconf 89' lang='lat' dir='ltr'><strong>aliter</strong></span> 
     </span>
     <span class='ocr_line' id='line_1_29' title="bbox 324 3190 2323 3285; baseline -0.011 -17"><span class='ocrx_word' id='word_1_232' title='bbox 324 3209 530 3285; x_wconf 87' lang='lat' dir='ltr'><strong>aliquis</strong></span> <span class='ocrx_word' id='word_1_233' title='bbox 551 3207 804 3264; x_wconf 81' lang='lat' dir='ltr'><strong>effectum</strong></span> <span class='ocrx_word' id='word_1_234' title='bbox 829 3202 992 3274; x_wconf 86' lang='lat' dir='ltr'><strong>hujus</strong></span> <span class='ocrx_word' id='word_1_235' title='bbox 1017 3197 1347 3277; x_wconf 74' lang='lat' dir='ltr'><strong>sacramenti</strong></span> <span class='ocrx_word' id='word_1_236' title='bbox 1373 3195 1674 3268; x_wconf 86' lang='lat' dir='ltr'><strong>percipere,</strong></span> <span class='ocrx_word' id='word_1_237' title='bbox 1700 3190 1807 3248; x_wconf 89' lang='lat' dir='ltr'><strong>nisi</strong></span> <span class='ocrx_word' id='word_1_238' title='bbox 1851 3206 1945 3248; x_wconf 90' lang='lat' dir='ltr'><strong>ore</strong></span> <span class='ocrx_word' id='word_1_239' title='bbox 1986 3191 2323 3262; x_wconf 85' lang='lat' dir='ltr'><strong>confitendo;</strong></span> 
     </span>
     <span class='ocr_line' id='line_1_30' title="bbox 324 3279 2327 3374; baseline -0.01 -18"><span class='ocrx_word' id='word_1_240' title='bbox 324 3298 474 3374; x_wconf 88' lang='lat' dir='ltr'><strong>quod</strong></span> <span class='ocrx_word' id='word_1_241' title='bbox 501 3301 654 3369; x_wconf 82' lang='lat' dir='ltr'><strong>patet</strong></span> <span class='ocrx_word' id='word_1_242' title='bbox 677 3309 795 3350; x_wconf 88' lang='lat' dir='ltr'><strong>esse</strong></span> <span class='ocrx_word' id='word_1_243' title='bbox 823 3289 1038 3348; x_wconf 86' lang='lat' dir='ltr'><strong>falsum.</strong></span> <span class='ocrx_word' id='word_1_244' title='bbox 1066 3288 1208 3345; x_wconf 88' lang='lat' dir='ltr'><strong>Nam</strong></span> <span class='ocrx_word' id='word_1_245' title='bbox 1245 3285 1429 3351; x_wconf 86' lang='lat' dir='ltr'><strong>mutis,</strong></span> <span class='ocrx_word' id='word_1_246' title='bbox 1460 3281 1549 3340; x_wconf 91' lang='lat' dir='ltr'><strong>vel</strong></span> <span class='ocrx_word' id='word_1_247' title='bbox 1576 3281 2011 3354; x_wconf 85' lang='lat' dir='ltr'><strong>quibuscumque</strong></span> <span class='ocrx_word' id='word_1_248' title='bbox 2038 3281 2134 3354; x_wconf 90' lang='lat' dir='ltr'><strong>qui</strong></span> <span class='ocrx_word' id='word_1_249' title='bbox 2160 3279 2327 3338; x_wconf 85' lang='lat' dir='ltr'><strong>verbo</strong></span> 
     </span>
     <span class='ocr_line' id='line_1_31' title="bbox 325 3368 2331 3454; baseline -0.009 -10"><span class='ocrx_word' id='word_1_250' title='bbox 325 3384 578 3444; x_wconf 82' lang='lat' dir='ltr'><strong>confiteri</strong></span> <span class='ocrx_word' id='word_1_251' title='bbox 601 3398 710 3439; x_wconf 88' lang='lat' dir='ltr'><strong>non</strong></span> <span class='ocrx_word' id='word_1_252' title='bbox 736 3384 980 3454; x_wconf 85' lang='lat' dir='ltr'><strong>possunt,</strong></span> <span class='ocrx_word' id='word_1_253' title='bbox 1011 3375 1210 3432; x_wconf 88' lang='lat' dir='ltr'><strong>sufficit</strong></span> <span class='ocrx_word' id='word_1_254' title='bbox 1233 3373 1445 3445; x_wconf 84' lang='lat' dir='ltr'><strong>scripto</strong></span> <span class='ocrx_word' id='word_1_255' title='bbox 1484 3370 1571 3426; x_wconf 86' lang='lat' dir='ltr'><strong>vel</strong></span> <span class='ocrx_word' id='word_1_256' title='bbox 1608 3369 1831 3426; x_wconf 87' lang='lat' dir='ltr'><strong>nutibus</strong></span> <span class='ocrx_word' id='word_1_257' title='bbox 1871 3368 2139 3426; x_wconf 84' lang='lat' dir='ltr'><strong>confiteri.</strong></span> <span class='ocrx_word' id='word_1_258' title='bbox 2168 3368 2331 3426; x_wconf 78' lang='lat' dir='ltr'><strong>Nulla</strong></span> 
     </span>
     <span class='ocr_line' id='line_1_32' title="bbox 327 3456 2334 3540; baseline -0.011 -8"><span class='ocrx_word' id='word_1_259' title='bbox 327 3481 514 3537; x_wconf 83' lang='lat' dir='ltr'><strong>autem</strong></span> <span class='ocrx_word' id='word_1_260' title='bbox 542 3469 868 3534; x_wconf 82' lang='lat' dir='ltr'><strong>necessitate</strong></span> <span class='ocrx_word' id='word_1_261' title='bbox 897 3471 1076 3540; x_wconf 87' lang='lat' dir='ltr'><strong>potest</strong></span> <span class='ocrx_word' id='word_1_262' title='bbox 1113 3457 1605 3536; x_wconf 65' lang='lat' dir='ltr'><strong>atiqui3‚baptizari</strong></span> <span class='ocrx_word' id='word_1_263' title='bbox 1638 3457 1744 3514; x_wconf 84' lang='lat' dir='ltr'><strong>nisi</strong></span> <span class='ocrx_word' id='word_1_264' title='bbox 1782 3473 1945 3531; x_wconf 90' lang='lat' dir='ltr'><strong>aqua,</strong></span> <span class='ocrx_word' id='word_1_265' title='bbox 1978 3464 2199 3530; x_wconf 86' lang='lat' dir='ltr'><strong>propter</strong></span> <span class='ocrx_word' id='word_1_266' title='bbox 2232 3456 2334 3511; x_wconf 87' lang='lat' dir='ltr'><strong>hoc</strong></span> 
     </span>
     <span class='ocr_line' id='line_1_33' title="bbox 327 3541 2335 3638; baseline -0.01 -18"><span class='ocrx_word' id='word_1_267' title='bbox 327 3563 478 3638; x_wconf 91' lang='lat' dir='ltr'><strong>quod</strong></span> <span class='ocrx_word' id='word_1_268' title='bbox 522 3575 666 3633; x_wconf 88' lang='lat' dir='ltr'><strong>aqua</strong></span> <span class='ocrx_word' id='word_1_269' title='bbox 709 3562 793 3614; x_wconf 87' lang='lat' dir='ltr'><strong>est</strong></span> <span class='ocrx_word' id='word_1_270' title='bbox 832 3556 900 3613; x_wconf 90' lang='lat' dir='ltr'><strong>de</strong></span> <span class='ocrx_word' id='word_1_271' title='bbox 943 3552 1270 3620; x_wconf 76' lang='lat' dir='ltr'><strong>necessitate</strong></span> <span class='ocrx_word' id='word_1_272' title='bbox 1295 3547 1668 3620; x_wconf 78' lang='lat' dir='ltr'><strong>sacramenti.</strong></span> <span class='ocrx_word' id='word_1_273' title='bbox 1706 3541 1818 3614; x_wconf 43' lang='lat' dir='ltr'><strong>,Sed</strong></span> <span class='ocrx_word' id='word_1_274' title='bbox 1875 3563 1943 3602; x_wconf 86' lang='lat' dir='ltr'><strong>ex</strong></span> <span class='ocrx_word' id='word_1_275' title='bbox 1993 3544 2335 3600; x_wconf 89' lang='lat' dir='ltr'><strong>institutione</strong></span> 
     </span>
     <span class='ocr_line' id='line_1_34' title="bbox 328 3629 2338 3714; baseline -0.012 -5"><span class='ocrx_word' id='word_1_276' title='bbox 328 3651 592 3709; x_wconf 84' lang='lat' dir='ltr'><strong>Ecclesiae</strong></span> <span class='ocrx_word' id='word_1_277' title='bbox 621 3631 838 3704; x_wconf 72' lang='lat' dir='ltr'><strong>tenetur</strong></span> <span class='ocrx_word' id='word_1_278' title='bbox 865 3629 1027 3700; x_wconf 79' lang='lat' dir='ltr'><strong>horno</strong></span> <span class='ocrx_word' id='word_1_279' title='bbox 1046 3641 1137 3714; x_wconf 87' lang='lat' dir='ltr'><strong>qui</strong></span> <span class='ocrx_word' id='word_1_280' title='bbox 1161 3645 1359 3713; x_wconf 89' lang='lat' dir='ltr'><strong>potest,</strong></span> <span class='ocrx_word' id='word_1_281' title='bbox 1377 3645 1437 3694; x_wconf 89' lang='lat' dir='ltr'><strong>ut</strong></span> <span class='ocrx_word' id='word_1_282' title='bbox 1461 3636 1627 3695; x_wconf 87' lang='lat' dir='ltr'><strong>verbo</strong></span> <span class='ocrx_word' id='word_1_283' title='bbox 1656 3635 2009 3703; x_wconf 79' lang='lat' dir='ltr'><strong>confiteatur3</strong></span> <span class='ocrx_word' id='word_1_284' title='bbox 2030 3646 2135 3689; x_wconf 90' lang='lat' dir='ltr'><strong>non</strong></span> <span class='ocrx_word' id='word_1_285' title='bbox 2160 3631 2338 3700; x_wconf 73' lang='lat' dir='ltr'><strong>solum</strong></span> 
     </span>
     <span class='ocr_line' id='line_1_35' title="bbox 329 3719 2337 3812; baseline -0.011 -16"><span class='ocrx_word' id='word_1_286' title='bbox 329 3744 554 3812; x_wconf 88' lang='lat' dir='ltr'><strong>propter</strong></span> <span class='ocrx_word' id='word_1_287' title='bbox 577 3735 682 3792; x_wconf 86' lang='lat' dir='ltr'><strong>hoc</strong></span> <span class='ocrx_word' id='word_1_288' title='bbox 711 3739 770 3789; x_wconf 91' lang='lat' dir='ltr'><strong>ut</strong></span> <span class='ocrx_word' id='word_1_289' title='bbox 811 3748 904 3791; x_wconf 86' lang='lat' dir='ltr'><strong>ore</strong></span> <span class='ocrx_word' id='word_1_290' title='bbox 951 3730 1218 3800; x_wconf 84' lang='lat' dir='ltr'><strong>confitens</strong></span> <span class='ocrx_word' id='word_1_291' title='bbox 1264 3724 1575 3796; x_wconf 77' lang='lat' dir='ltr'><strong>confitendo</strong></span> <span class='ocrx_word' id='word_1_292' title='bbox 1604 3723 1779 3794; x_wconf 83' lang='lat' dir='ltr'><strong>magis</strong></span> <span class='ocrx_word' id='word_1_293' title='bbox 1810 3720 2117 3787; x_wconf 87' lang='lat' dir='ltr'><strong>erubescat,</strong></span> <span class='ocrx_word' id='word_1_294' title='bbox 2144 3725 2205 3774; x_wconf 88' lang='lat' dir='ltr'><strong>ut</strong></span> <span class='ocrx_word' id='word_1_295' title='bbox 2243 3719 2337 3792; x_wconf 91' lang='lat' dir='ltr'><strong>qui</strong></span> 
     </span>
     <span class='ocr_line' id='line_1_36' title="bbox 328 3806 2340 3900; baseline -0.011 -16"><span class='ocrx_word' id='word_1_296' title='bbox 328 3843 428 3884; x_wconf 88' lang='lat' dir='ltr'><strong>ore</strong></span> <span class='ocrx_word' id='word_1_297' title='bbox 452 3832 666 3900; x_wconf 87' lang='lat' dir='ltr'><strong>peccat,</strong></span> <span class='ocrx_word' id='word_1_298' title='bbox 697 3837 792 3880; x_wconf 89' lang='lat' dir='ltr'><strong>ore</strong></span> <span class='ocrx_word' id='word_1_299' title='bbox 833 3827 1126 3895; x_wconf 87' lang='lat' dir='ltr'><strong>purgetur;</strong></span> <span class='ocrx_word' id='word_1_300' title='bbox 1171 3816 1266 3874; x_wconf 86' lang='lat' dir='ltr'><strong>sed</strong></span> <span class='ocrx_word' id='word_1_301' title='bbox 1313 3815 1483 3872; x_wconf 90' lang='lat' dir='ltr'><strong>etiam</strong></span> <span class='ocrx_word' id='word_1_302' title='bbox 1515 3826 1729 3885; x_wconf 84' lang='lat' dir='ltr'><strong>semper</strong></span> <span class='ocrx_word' id='word_1_303' title='bbox 1768 3811 1827 3868; x_wconf 89' lang='lat' dir='ltr'><strong>in</strong></span> <span class='ocrx_word' id='word_1_304' title='bbox 1867 3806 2119 3864; x_wconf 87' lang='lat' dir='ltr'><strong>omnibus</strong></span> <span class='ocrx_word' id='word_1_305' title='bbox 2137 3817 2340 3877; x_wconf 61' lang='lat' dir='ltr'><strong>‘sacra-7</strong></span> 
     </span>
     <span class='ocr_line' id='line_1_37' title="bbox 329 3897 2341 3996; baseline -0.01 -21"><span class='ocrx_word' id='word_1_306' title='bbox 329 3915 536 3994; x_wconf 70' lang='lat' dir='ltr'><strong>tuentis</strong></span> <span class='ocrx_word' id='word_1_307' title='bbox 559 3913 826 3986; x_wconf 85' lang='lat' dir='ltr'><strong>accipitur</strong></span> <span class='ocrx_word' id='word_1_308' title='bbox 854 3903 911 3967; x_wconf 80' lang='lat' dir='ltr'><strong>i&#39;d</strong></span> <span class='ocrx_word' id='word_1_309' title='bbox 939 3910 1096 3981; x_wconf 84' lang='lat' dir='ltr'><strong>cujus</strong></span> <span class='ocrx_word' id='word_1_310' title='bbox 1117 3899 1201 3996; x_wconf 72' lang='lat' dir='ltr'><strong>est</strong></span> <span class='ocrx_word' id='word_1_311' title='bbox 1228 3903 1568 3976; x_wconf 73' lang='lat' dir='ltr'><strong>communior</strong></span> <span class='ocrx_word' id='word_1_312' title='bbox 1593 3916 1753 3972; x_wconf 87' lang='lat' dir='ltr'><strong>usus;</strong></span> <span class='ocrx_word' id='word_1_313' title='bbox 1774 3900 1917 3969; x_wconf 86' lang='lat' dir='ltr'><strong>sicut</strong></span> <span class='ocrx_word' id='word_1_314' title='bbox 1940 3897 1995 3984; x_wconf 85' lang='lat' dir='ltr'><strong>in</strong></span> <span class='ocrx_word' id='word_1_315' title='bbox 2022 3913 2341 3970; x_wconf 79' lang='lat' dir='ltr'><strong>sacramen·-</strong></span> 
     </span>
    </p>
   </div>
  </div>
 </body>
</html>
