2800 4492
758 307 869 354 ιιι.
901 322 982 340 --
1009 306 1439 358 enormen-rou
1480 308 1766 356 ocravtm
2146 297 2266 358 433

240 423 776 502 hujusmodiaddito
797 423 1035 495 perfecta
1063 424 1342 496 quantitas
1367 440 1378 478 :
1411 429 1465 478 et
1484 423 1564 479 sic
1590 415 1721 480 illud
1744 425 1891 498 quod
1911 441 1977 483 ex
2002 427 2262 486 alimento

240 523 562 590 generatur,
595 528 701 569 non
730 519 813 567 est
842 512 909 567 de
943 514 1172 568 veritate
1211 511 1465 568 hnmanoe
1506 520 1717 570 naturae
1757 515 1810 569 in
1850 514 1952 571 hoc
1982 516 2261 572 individuo

243 602 645 679 principaliter,
671 601 767 660 sed
799 605 1011 656 tantum
1035 599 1378 663 secundario,
1410 601 1461 655 in
1488 610 1752 674 quantum
1784 610 1866 658 est
1894 607 2257 660 necessarium

243 695 322 752 ad
364 693 729 767 quantitatem
764 687 1032 756 debitam3
1065 696 1119 742 et
1148 687 1250 744 hoc
1280 689 1525 758 nominat
1569 688 1925 763 Philosophus
1962 706 2179 748 carnem
2204 704 2260 748 et

245 801 312 841 os
358 780 658 839 secundum
703 777 1008 846 materiam,
1041 792 1166 849 quae
1214 776 1332 833 fluit
1360 786 1417 832 et
1448 776 1649 834 refluit.
1692 780 1797 835 Sed
1838 786 2019 836 tamen
2063 797 2130 837 ex
2159 782 2261 840 hoc

245 873 436 946 aliqua
477 885 605 943 pars
651 864 986 924 seminaliter
1029 865 1226 920 transit
1271 866 1328 920 in
1371 865 1577 937 prolem
1609 882 1703 938 per
1748 871 2173 937 generationem,
2207 878 2260 926 et

244 961 482 1020 efficitur
525 954 892 1029 principaliter
929 953 997 1008 de
1041 954 1272 1010 veritate
1317 953 1569 1011 humanae
1610 960 1820 1012 naturae
1862 956 1915 1011 in
1954 957 2089 1029 ipso,
2135 975 2258 1015 cum

247 1047 585 1109 admixtione
623 1044 851 1114 alicujus
880 1041 1023 1114 quod
1051 1039 1167 1096 fuit
1207 1041 1581 1114 principaliter
1617 1043 1685 1098 de
1734 1044 1967 1100 veritato
2005 1045 2257 1103 humanm

247 1150 461 1196 naturae
492 1137 544 1191 in
575 1142 747 1206 patre,
783 1137 840 1186 ut
879 1130 1102 1203 quidam
1133 1130 1354 1196 volunt;
1388 1129 1471 1184 vel
1510 1130 1626 1185 sine
1656 1131 1992 1187 admixtione
2025 1135 2162 1204 ejus,
2197 1142 2257 1190 ut

247 1228 336 1284 alii
369 1227 581 1289 dieunt,
625 1220 769 1294 quod
807 1226 890 1274 est
920 1216 1095 1290 magis
1123 1232 1421 1273 consonum
1456 1217 1619 1273 dictis
1650 1218 1956 1291 Philosophi
1988 1220 2153 1278 in'xv
2189 1225 2257 1278 de

245 1310 606 1374 Animalibus,
649 1307 741 1380 qui
775 1303 892 1362 vult
917 1318 1133 1376 sperma
1162 1302 1404 1359 totaliter
1434 1319 1553 1358 esse
1582 1304 1651 1361 de
1681 1304 1953 1382 superfluo
1978 1306 2253 1378 alimenti3
2348 1338 2352 1342 .

244 1402 408 1458 etsie
435 1396 566 1452 illud
592 1393 735 1467 quod
767 1399 1057 1464 generatur
1095 1407 1162 1446 ex
1191 1389 1470 1457 alimento,
1506 1406 1612 1446 non
1640 1398 1821 1464 potest
1850 1409 1969 1449 esse
2008 1397 2151 1468 quod
2182 1398 2256 1453 sit

244 1486 618 1562 principaliter
664 1481 731 1537 de
771 1483 1001 1536 veritate
1043 1478 1296 1535 humanae
1341 1483 1555 1535 naturae
1584 1480 1799 1553 inipso
1842 1482 1933 1554 qui
1978 1484 2251 1551 nutritur;

242 1577 337 1634 sed
368 1579 552 1648 potest
580 1585 698 1627 essa
727 1569 794 1624 de
834 1567 1067 1623 veritate
1097 1565 1348 1622 humauae
1387 1573 1601 1622 naturae
1636 1568 2008 1639 principaliter
2053 1571 2104 1624 in
2147 1553 2253 1626 alio

240 1665 490 1738 ejusdem
523 1658 742 1732 speciei,
771 1655 981 1712 scilicet
1009 1655 1062 1710 in
1094 1653 1202 1710 lilio
1230 1653 1419 1727 ipsius.
1454 1655 1519 1710 Et
1544 1655 1841 1711 secuudum
1866 1655 2006 1714 hanc
2033 1659 2252 1730 opinio-

241 1770 370 1814 nem
393 1752 600 1816 dicunt,
631 1746 776 1820 quod
802 1743 932 1799 illud
963 1743 1107 1816 quod
1132 1749 1216 1798 est
1244 1741 1619 1814 principaliter
1642 1744 1712 1800 de
1735 1746 1970 1802 veritate
2000 1746 2251 1805 humanae

240 1852 458 1900 naturae
485 1840 542 1893 in
573 1847 915 1908 unoquoque,
951 1837 1124 1886 totum
1155 1831 1206 1884 in
1239 1828 1358 1902 ipso
1388 1839 1670 1902 resurget;
1712 1847 1818 1887 non
1852 1841 2035 1890 autem
2076 1841 2249 1892 totum
2324 1843 2331 1848 “

241 1931 390 2006 quod
423 1944 492 1984 ex
518 1925 773 1983 alimento
799 1926 1108 1992 generatur,
1140 1918 1234 1975 sed
1266 1917 1443 1974 solum
1472 1927 1739 1992 quantum
1776 1921 1978 1977 sufficit
2002 1922 2069 1978 ad
2095 1939 2251 1980 com-

211 2019 540 2095 ,Ριθῑῑοῃριῃ
580 2009 934 2087 quantitatis;
994 2023 1119 2063 cum
1183 2013 1408 2078 propter
1449 2008 1866 2080 completionem
1925 2013 2250 2086 quantitatis

243 2104 622 2180 tantummodo
655 2100 723 2158 ad
759 2098 1046 2154 veritatem
1075 2096 1326 2151 humanae
1353 2099 1563 2151 naturae
1600 2095 1911 2168 aliqualiter
1953 2101 2245 2171 pertineat.

241 2198 308 2254 Εῑ
348 2195 468 2254 haec
490 2191 670 2265 opinio
702 2193 966 2244 consonat
999 2184 1284 2239 sententiae
1312 2181 1606 2238 Alexandri
1646 2184 2119 2264 commentatoris,
2154 2191 2247 2262 qui

240 2285 485 2360 exponit,
527 2292 744 2336 carnem
769 2272 1068 2339 secundum
1092 2273 1327 2343 speciem
1354 2284 1521 2342 quam
1556 2269 1908 2342 Philosophus
1938 2273 2071 2328 dicit
2098 2291 2249 2332 sem·

242 2391 340 2449 Pffl‘
367 2385 607 2433 manere,
646 2381 766 2422 esse
793 2362 921 2417 illud
962 2360 1106 2433 quod
1149 2375 1180 2414 a
1221 2357 1535 2431 parentibus
1563 2357 1827 2423 trahitur;
1858 2374 2078 2416 carnem
2119 2381 2247 2418 vei-o

241 2461 543 2526 secundum
582 2453 865 2512 materiam
895 2449 1026 2505 illud
1055 2448 1201 2521 quod
1238 2463 1305 2502 ex
1343 2445 1603 2501 alimento
1630 2455 1941 2516 generatur,
1975 2465 2099 2520 quae
2129 2450 2247 2506 fluit
2282 2452 2294 2460 '

241 2561 296 2608 et
316 2550 520 2606 refluit.
549 2544 652 2602 Ssd
684 2543 823 2597 hanc
845 2537 1153 2610 opinionem
1183 2535 1589 2590 Commentator
1612 2535 1881 2588 Averroes
1906 2535 2161 2606 reprobat
2192 2539 2245 2594 iu

242 2645 482 2698 tractatu
509 2647 672 2708 quem
701 2629 828 2686 fecit
856 2641 1019 2699 super
1041 2623 1238 2679 librum
1264 2623 1332 2678 de
1357 2621 1742 2678 Generatione.
1776 2622 1911 2678 Cum
1938 2625 2084 2680 enim
2114 2627 2243 2682 illud

241 2731 388 2806 quod
410 2745 476 2784 ex
499 2725 758 2782 alimento
778 2722 1087 2790 generatur,
1116 2713 1324 2768 nutriat
1349 2712 1402 2766 in
1428 2717 1693 2783 quantum
1719 2718 1803 2768 est
1828 2714 2072 2784 potentia
2093 2731 2242 2778 caro,

243 2828 298 2877 et
325 2823 524 2889 augeat
549 2814 602 2868 in
627 2813 890 2882 quantum
919 2809 1004 2860 est
1027 2801 1271 2875 potentia
1299 2806 1507 2870 quanta
1536 2815 1683 2867 caro,
1716 2808 1776 2856 ut
1801 2800 2001 2857 dicitur
2026 2801 2082 2858 in
2106 2805 2152 2860 11
2178 2807 2246 2860 (le

240 2909 457 2970 Anima,
502 2902 630 2958 illud
680 2894 824 2970 quod
871 2889 1160 2965 generatur
1203 2905 1270 2945 ex
1308 2880 1587 2966 'aliment0‚
1638 2895 1931 2961 postquam
1978 2895 2246 2965 receperit

241 2997 480 3072 speciem
508 2989 708 3056 carniS,
740 2983 974 3039 efficitur
1017 2993 1182 3035 unum
1210 2993 1336 3033 cum
1378 2975 1471 3032 illo
1502 2975 1649 3049 quod
1698 2977 1846 3047 prius
1874 2977 2069 3046 inerat,
2115 2983 2247 3052 quia

241 3089 296 3143 in
334 3085 442 3141 fine
481 3089 805 3136 conversum
839 3072 954 3143 jam
983 3076 1068 3124 est
1109 3065 1316 3135 simile;
1359 3064 1504 3120 unde
1533 3079 1638 3118 non
1669 3062 1884 3118 videtur
1913 3079 2031 3120 esse
2061 3066 2245 3139 aliqua

241 3175 384 3233 ratio
415 3183 584 3244 quare
607 3163 752 3222 calor
779 3157 1044 3217 naturalis
1073 3153 1278 3227 aliquid
1305 3153 1477 3225 possit
1506 3166 1824 3206 consumere
1853 3151 1921 3206 de
1948 3152 2037 3207 illa
2062 3153 2247 3210 humi-

242 3265 418 3321 ditate
455 3255 635 3314 earnis
680 3266 804 3326 quae
833 3265 898 3304 cx
936 3245 1194 3302 alimento
1223 3247 1535 3313 generatur,
1580 3246 1637 3294 et
1673 3253 1782 3295 non
1812 3238 1881 3295 de
1919 3239 2246 3302 humiditate

243 3367 369 3427 quae
407 3364 439 3405 a
482 3341 799 3418 parentibus
839 3335 1106 3400 trahitur3
1154 3345 1252 3386 nec
1292 3331 1477 3400 posset
1520 3326 1708 3399 aliquo
1736 3331 2044 3387 necessario
2086 3334 2247 3392 modo

242 3441 376 3498 illud
405 3427 645 3510 probari.
682 3430 752 3486 Et
775 3427 898 3483 ideo
938 3432 1050 3480 tam
1077 3419 1212 3476 illud
1240 3415 1386 3490 quod
1420 3424 1505 3472 est
1533 3430 1565 3471 a
1598 3416 1911 3487 parentibus
1938 3427 2243 3492 acceptum,

243 3544 410 3605 quam
440 3523 571 3582 illud
613 3518 758 3594 quod
789 3523 873 3572 est
900 3528 967 3569 ex
1008 3510 1266 3566 alimento
1294 3510 1634 3576 generatum,
1666 3505 1951 3578 aequaliter
1979 3520 2039 3560 se
2087 3509 2249 3564 habet

243 3620 314 3677 ad
358 3617 466 3672 hoc
505 3610 651 3685 quod
681 3609 900 3664 maneat
941 3600 1024 3657 vel
1061 3601 1415 3654 consumatur
1459 3609 1553 3667 per
1582 3592 1817 3649 calorem
1849 3592 2152 3648 naturalem
2194 3603 2249 3650 et

243 3709 312 3768 ad
339 3707 444 3764 hoc
466 3701 612 3776 quod
650 3698 986 3753 restauretur
1017 3704 1110 3762 per
1148 3684 1563 3751 nutrimentum,
1596 3683 1739 3754 quod
1775 3686 1858 3736 est
1882 3679 2034 3736 fuere
2068 3688 2123 3737 et
2157 3699 2247 3738 re-

243 3798 446 3864 num-03
489 3800 546 3847 et
581 3788 663 3844 sic
705 3779 990 3854 aequaliter
1034 3773 1267 3849 pertinet
1311 3771 1377 3827 ad
1425 3770 1716 3825 veritatem*
1748 3767 2002 3824 humanae
2039 3776 2249 3828 naturae

243 3883 390 3962 quod
415 3884 710 3956 generatur
734 3886 802 3928 ex
829 3867 1110 3931 alimento,
1130 3870 1185 3917 et
1215 3857 1360 3933 quod
1391 3873 1423 3912 a
1444 3854 1764 3928 parentibus
1796 3853 2048 3913 trahitur.
2138 3919 2143 3924 ‚

745 3987 794 4034 S.
826 3983 980 4032 Τιιοιι.
1017 3983 1099 4033 Ao.
1133 3978 1397 4026 ornacum.
1426 3991 1475 4012 -·
1517 3971 1575 4022 ΙΙ.
1606 3991 1662 4008 -
1696 3969 1757 4019 28
