<?xml version="1.0" encoding="UTF-8"?>
<!DOCTYPE html PUBLIC "-//W3C//DTD XHTML 1.0 Transitional//EN"
    "http://www.w3.org/TR/xhtml1/DTD/xhtml1-transitional.dtd">
<html xmlns="http://www.w3.org/1999/xhtml" xml:lang="en" lang="en">
 <head>
  <title>
</title>
<meta http-equiv="Content-Type" content="text/html;charset=utf-8" />
  <meta name='ocr-system' content='tesseract 3.04.00' />
  <meta name='ocr-capabilities' content='ocr_page ocr_carea ocr_par ocr_line ocrx_word'/>
</head>
<body>
  <div class='ocr_page' id='page_1' title='image "./sthomaquinatisd00thomgoog_0295.png"; bbox 0 0 2800 4492; ppageno 0'>
   <div class='ocr_carea' id='block_1_1' title="bbox 791 326 2299 408">
    <p class='ocr_par' dir='ltr' id='par_1_1' title="bbox 791 326 2299 408">
     <span class='ocr_line' id='line_1_1' title="bbox 791 326 2299 408; baseline 0.001 -7"><span class='ocrx_word' id='word_1_1' title='bbox 791 353 903 402; x_wconf 81' lang='lat' dir='ltr'>xn.</span> <span class='ocrx_word' id='word_1_2' title='bbox 934 371 1015 388; x_wconf 92' lang='lat'>—</span> <span class='ocrx_word' id='word_1_3' title='bbox 1041 354 1467 408; x_wconf 65' lang='lat' dir='ltr'>ortonnes-rma</span> <span class='ocrx_word' id='word_1_4' title='bbox 1518 326 1813 408; x_wconf 58' lang='lat' dir='ltr'>cunarum</span> <span class='ocrx_word' id='word_1_5' title='bbox 2180 337 2299 402; x_wconf 78' lang='lat'>281</span> 
     </span>
    </p>
   </div>
   <div class='ocr_carea' id='block_1_2' title="bbox 952 564 1655 642">
    <p class='ocr_par' dir='ltr' id='par_1_2' title="bbox 952 564 1655 642">
     <span class='ocr_line' id='line_1_2' title="bbox 952 564 1655 642; baseline 0 -2"><span class='ocrx_word' id='word_1_6' title='bbox 952 564 1409 642; x_wconf 76' lang='lat' dir='ltr'>ARTl‘Gt&#39;JLUS</span> <span class='ocrx_word' id='word_1_7' title='bbox 1451 577 1655 642; x_wconf 79' lang='lat' dir='ltr'>XXII.</span> 
     </span>
    </p>
   </div>
   <div class='ocr_carea' id='block_1_3' title="bbox 312 707 2304 885">
    <p class='ocr_par' dir='ltr' id='par_1_3' title="bbox 312 707 2304 885">
     <span class='ocr_line' id='line_1_3' title="bbox 312 707 2304 800; baseline -0.001 -24"><span class='ocrx_word' id='word_1_8' title='bbox 312 707 529 776; x_wconf 70' lang='lat' dir='ltr'>Utrum</span> <span class='ocrx_word' id='word_1_9' title='bbox 547 710 740 800; x_wconf 64' lang='lat' dir='ltr'>primi</span> <span class='ocrx_word' id='word_1_10' title='bbox 767 715 962 774; x_wconf 78' lang='lat' dir='ltr'>motus</span> <span class='ocrx_word' id='word_1_11' title='bbox 988 712 1056 774; x_wconf 76' lang='lat' dir='ltr'>in</span> <span class='ocrx_word' id='word_1_12' title='bbox 1081 713 1425 790; x_wconf 74' lang='lat' dir='ltr'>infidelibus</span> <span class='ocrx_word' id='word_1_13' title='bbox 1466 713 1593 786; x_wconf 75' lang='lat' dir='ltr'>sinc</span> <span class='ocrx_word' id='word_1_14' title='bbox 1612 717 1863 792; x_wconf 77' lang='lat' dir='ltr'>peccata</span> <span class='ocrx_word' id='word_1_15' title='bbox 1889 715 2194 778; x_wconf 79' lang='lat' dir='ltr'>mortalia.</span> <span class='ocrx_word' id='word_1_16' title='bbox 2222 745 2304 762; x_wconf 84' lang='lat'>—-·</span> 
     </span>
     <span class='ocr_line' id='line_1_4' title="bbox 345 801 2259 885; baseline 0.001 -23"><span class='ocrx_word' id='word_1_17' title='bbox 345 803 508 880; x_wconf 85' lang='lat'>(1-2,</span> <span class='ocrx_word' id='word_1_18' title='bbox 528 806 738 880; x_wconf 70' lang='lat' dir='ltr'>quaesb.</span> <span class='ocrx_word' id='word_1_19' title='bbox 771 801 870 875; x_wconf 86' lang='lat'>80,</span> <span class='ocrx_word' id='word_1_20' title='bbox 898 807 1019 864; x_wconf 74' lang='lat' dir='ltr'>art.</span> <span class='ocrx_word' id='word_1_21' title='bbox 1044 803 1105 877; x_wconf 88' lang='lat'>3,</span> <span class='ocrx_word' id='word_1_22' title='bbox 1134 803 1214 864; x_wconf 81' lang='lat' dir='ltr'>ad</span> <span class='ocrx_word' id='word_1_23' title='bbox 1235 805 1309 878; x_wconf 82' lang='lat'>53</span> <span class='ocrx_word' id='word_1_24' title='bbox 1338 807 1394 865; x_wconf 79' lang='lat' dir='ltr'>et</span> <span class='ocrx_word' id='word_1_25' title='bbox 1409 803 1683 878; x_wconf 75' lang='lat' dir='ltr'>chalo,</span> <span class='ocrx_word' id='word_1_26' title='bbox 1703 809 1915 885; x_wconf 75' lang='lat' dir='ltr'>quoest.</span> <span class='ocrx_word' id='word_1_27' title='bbox 1936 805 1997 880; x_wconf 89' lang='lat'>8,</span> <span class='ocrx_word' id='word_1_28' title='bbox 2024 811 2147 868; x_wconf 80' lang='lat' dir='ltr'>art.</span> <span class='ocrx_word' id='word_1_29' title='bbox 2172 805 2259 884; x_wconf 91' lang='lat'>8).</span> 
     </span>
    </p>
   </div>
   <div class='ocr_carea' id='block_1_4' title="bbox 245 930 2307 2596">
    <p class='ocr_par' dir='ltr' id='par_1_4' title="bbox 245 930 2307 1625">
     <span class='ocr_line' id='line_1_5' title="bbox 374 930 2307 1008; baseline 0.002 -20"><span class='ocrx_word' id='word_1_30' title='bbox 374 933 530 988; x_wconf 90' lang='lat' dir='ltr'>Circa</span> <span class='ocrx_word' id='word_1_31' title='bbox 569 930 868 988; x_wconf 87' lang='lat' dir='ltr'>secundum</span> <span class='ocrx_word' id='word_1_32' title='bbox 909 933 990 988; x_wconf 93' lang='lat' dir='ltr'>sic</span> <span class='ocrx_word' id='word_1_33' title='bbox 1025 932 1359 1006; x_wconf 77' lang='lat' dir='ltr'>proceditur.</span> <span class='ocrx_word' id='word_1_34' title='bbox 1388 935 1442 990; x_wconf 76' lang='grc' dir='ltr'>Ι.</span> <span class='ocrx_word' id='word_1_35' title='bbox 1474 933 1700 992; x_wconf 87' lang='lat' dir='ltr'>Videtur</span> <span class='ocrx_word' id='word_1_36' title='bbox 1742 937 1888 1007; x_wconf 88' lang='lat' dir='ltr'>quod</span> <span class='ocrx_word' id='word_1_37' title='bbox 1926 936 2085 1008; x_wconf 88' lang='lat' dir='ltr'>primi</span> <span class='ocrx_word' id='word_1_38' title='bbox 2123 941 2307 992; x_wconf 84' lang='lat' dir='ltr'>motus</span> 
     </span>
     <span class='ocr_line' id='line_1_6' title="bbox 301 1018 2305 1101; baseline 0.002 -25"><span class='ocrx_word' id='word_1_39' title='bbox 301 1018 359 1076; x_wconf 89' lang='lat' dir='ltr'>in</span> <span class='ocrx_word' id='word_1_40' title='bbox 387 1020 693 1076; x_wconf 84' lang='lat' dir='ltr'>infidelibus</span> <span class='ocrx_word' id='word_1_41' title='bbox 723 1021 830 1078; x_wconf 87' lang='lat' dir='ltr'>sint</span> <span class='ocrx_word' id='word_1_42' title='bbox 859 1027 1082 1094; x_wconf 88' lang='lat' dir='ltr'>peccata</span> <span class='ocrx_word' id='word_1_43' title='bbox 1111 1022 1383 1080; x_wconf 85' lang='lat' dir='ltr'>mortalia.</span> <span class='ocrx_word' id='word_1_44' title='bbox 1418 1021 1575 1092; x_wconf 87' lang='lat' dir='ltr'>Quia,</span> <span class='ocrx_word' id='word_1_45' title='bbox 1606 1023 1748 1080; x_wconf 90' lang='lat' dir='ltr'>sicut</span> <span class='ocrx_word' id='word_1_46' title='bbox 1776 1024 2066 1101; x_wconf 83' lang='lat' dir='ltr'>Anselmus</span> <span class='ocrx_word' id='word_1_47' title='bbox 2083 1025 2219 1081; x_wconf 86' lang='lat' dir='ltr'>dicit</span> <span class='ocrx_word' id='word_1_48' title='bbox 2248 1024 2305 1080; x_wconf 88' lang='lat' dir='ltr'>in</span> 
     </span>
     <span class='ocr_line' id='line_1_7' title="bbox 303 1107 2303 1182; baseline 0.003 -19"><span class='ocrx_word' id='word_1_49' title='bbox 303 1108 399 1164; x_wconf 91' lang='lat' dir='ltr'>lib.</span> <span class='ocrx_word' id='word_1_50' title='bbox 429 1109 497 1164; x_wconf 92' lang='lat' dir='ltr'>de</span> <span class='ocrx_word' id='word_1_51' title='bbox 523 1107 715 1165; x_wconf 84' lang='lat' dir='ltr'>Gratia</span> <span class='ocrx_word' id='word_1_52' title='bbox 744 1117 799 1166; x_wconf 87' lang='lat' dir='ltr'>et</span> <span class='ocrx_word' id='word_1_53' title='bbox 829 1109 922 1165; x_wconf 82' lang='lat' dir='ltr'>lib.</span> <span class='ocrx_word' id='word_1_54' title='bbox 950 1110 1152 1179; x_wconf 86' lang='lat' dir='ltr'>Arbit.,</span> <span class='ocrx_word' id='word_1_55' title='bbox 1185 1127 1266 1167; x_wconf 78' lang='lat' dir='ltr'>eos</span> <span class='ocrx_word' id='word_1_56' title='bbox 1291 1111 1383 1182; x_wconf 79' lang='lat' dir='ltr'>qui</span> <span class='ocrx_word' id='word_1_57' title='bbox 1411 1127 1517 1167; x_wconf 77' lang='lat' dir='ltr'>uon</span> <span class='ocrx_word' id='word_1_58' title='bbox 1544 1117 1668 1168; x_wconf 76' lang='lat' dir='ltr'>sunt</span> <span class='ocrx_word' id='word_1_59' title='bbox 1710 1107 1771 1166; x_wconf 79' lang='lat' dir='ltr'>in</span> <span class='ocrx_word' id='word_1_60' title='bbox 1794 1111 2009 1168; x_wconf 79' lang='lat' dir='ltr'>Christo</span> <span class='ocrx_word' id='word_1_61' title='bbox 2042 1112 2189 1178; x_wconf 73' lang='lat' dir='ltr'>Iesu,</span> <span class='ocrx_word' id='word_1_62' title='bbox 2218 1129 2303 1168; x_wconf 81' lang='lat' dir='ltr'>se-</span> 
     </span>
     <span class='ocr_line' id='line_1_8' title="bbox 303 1197 2305 1272; baseline 0.002 -20"><span class='ocrx_word' id='word_1_63' title='bbox 303 1198 490 1269; x_wconf 77' lang='lat' dir='ltr'>quitur</span> <span class='ocrx_word' id='word_1_64' title='bbox 517 1197 808 1264; x_wconf 83' lang='lat' dir='ltr'>damnatio,</span> <span class='ocrx_word' id='word_1_65' title='bbox 839 1197 886 1253; x_wconf 78' lang='lat' dir='ltr'>si</span> <span class='ocrx_word' id='word_1_66' title='bbox 911 1198 1150 1254; x_wconf 79' lang='lat' dir='ltr'>sentiunt</span> <span class='ocrx_word' id='word_1_67' title='bbox 1180 1199 1673 1272; x_wconf 65' lang='lat' dir='ltr'><strong><em>concupiscentiam,</em></strong></span> <span class='ocrx_word' id='word_1_68' title='bbox 1701 1199 1913 1256; x_wconf 80' lang='lat' dir='ltr'>etiamsi</span> <span class='ocrx_word' id='word_1_69' title='bbox 1948 1215 2056 1256; x_wconf 81' lang='lat' dir='ltr'>non</span> <span class='ocrx_word' id='word_1_70' title='bbox 2084 1215 2305 1256; x_wconf 78' lang='lat' dir='ltr'>consen-</span> 
     </span>
     <span class='ocr_line' id='line_1_9' title="bbox 302 1286 2305 1365; baseline 0.002 -24"><span class='ocrx_word' id='word_1_71' title='bbox 302 1286 464 1343; x_wconf 78' lang='lat' dir='ltr'>tiant.</span> <span class='ocrx_word' id='word_1_72' title='bbox 493 1286 598 1348; x_wconf 87' lang='lat' dir='ltr'>Sed</span> <span class='ocrx_word' id='word_1_73' title='bbox 627 1288 830 1342; x_wconf 86' lang='lat' dir='ltr'>sentire</span> <span class='ocrx_word' id='word_1_74' title='bbox 857 1287 1374 1365; x_wconf 64' lang='lat' dir='ltr'>concupiscentiam,</span> <span class='ocrx_word' id='word_1_75' title='bbox 1410 1295 1491 1344; x_wconf 90' lang='lat' dir='ltr'>est</span> <span class='ocrx_word' id='word_1_76' title='bbox 1526 1288 1723 1344; x_wconf 87' lang='lat' dir='ltr'>habere</span> <span class='ocrx_word' id='word_1_77' title='bbox 1748 1290 1983 1361; x_wconf 88' lang='lat' dir='ltr'>primum</span> <span class='ocrx_word' id='word_1_78' title='bbox 2012 1290 2305 1362; x_wconf 87' lang='lat' dir='ltr'>concupis·</span> 
     </span>
     <span class='ocr_line' id='line_1_10' title="bbox 300 1374 2299 1448; baseline 0 -14"><span class='ocrx_word' id='word_1_79' title='bbox 300 1377 502 1434; x_wconf 77' lang='lat' dir='ltr'>centiae</span> <span class='ocrx_word' id='word_1_80' title='bbox 545 1385 772 1431; x_wconf 90' lang='lat' dir='ltr'>motum.</span> <span class='ocrx_word' id='word_1_81' title='bbox 818 1375 960 1447; x_wconf 87' lang='lat' dir='ltr'>Ergo</span> <span class='ocrx_word' id='word_1_82' title='bbox 1005 1374 1268 1443; x_wconf 83' lang='lat' dir='ltr'>infideles,</span> <span class='ocrx_word' id='word_1_83' title='bbox 1321 1378 1415 1448; x_wconf 91' lang='lat' dir='ltr'>qui</span> <span class='ocrx_word' id='word_1_84' title='bbox 1460 1393 1565 1434; x_wconf 92' lang='lat' dir='ltr'>non</span> <span class='ocrx_word' id='word_1_85' title='bbox 1614 1385 1741 1434; x_wconf 86' lang='lat' dir='ltr'>sunt</span> <span class='ocrx_word' id='word_1_86' title='bbox 1782 1378 1837 1433; x_wconf 93' lang='lat' dir='ltr'>in</span> <span class='ocrx_word' id='word_1_87' title='bbox 1884 1379 2098 1435; x_wconf 85' lang='lat' dir='ltr'>Christo</span> <span class='ocrx_word' id='word_1_88' title='bbox 2152 1379 2299 1445; x_wconf 78' lang='lat' dir='ltr'>Jesu,</span> 
     </span>
     <span class='ocr_line' id='line_1_11' title="bbox 301 1465 2304 1544; baseline 0.001 -25"><span class='ocrx_word' id='word_1_89' title='bbox 301 1471 533 1536; x_wconf 89' lang='lat' dir='ltr'>peccant</span> <span class='ocrx_word' id='word_1_90' title='bbox 575 1465 874 1520; x_wconf 82' lang='lat' dir='ltr'>mortaliter</span> <span class='ocrx_word' id='word_1_91' title='bbox 911 1465 1208 1522; x_wconf 88' lang='lat' dir='ltr'>secundum</span> <span class='ocrx_word' id='word_1_92' title='bbox 1239 1466 1443 1544; x_wconf 72' lang='lat' dir='ltr'>primos</span> <span class='ocrx_word' id='word_1_93' title='bbox 1486 1471 1685 1536; x_wconf 78' lang='lat' dir='ltr'>mutue,</span> <span class='ocrx_word' id='word_1_94' title='bbox 1719 1466 1849 1538; x_wconf 88' lang='lat' dir='ltr'>quia</span> <span class='ocrx_word' id='word_1_95' title='bbox 1890 1465 2167 1523; x_wconf 85' lang='lat' dir='ltr'>damnatio</span> <span class='ocrx_word' id='word_1_96' title='bbox 2196 1482 2304 1524; x_wconf 88' lang='lat' dir='ltr'>non</span> 
     </span>
     <span class='ocr_line' id='line_1_12' title="bbox 245 1549 1733 1625; baseline -0.002 -13"><span class='ocrx_word' id='word_1_97' title='bbox 245 1607 251 1612; x_wconf 89' lang='lat'>.</span> <span class='ocrx_word' id='word_1_98' title='bbox 303 1549 535 1608; x_wconf 88' lang='lat' dir='ltr'>debetur</span> <span class='ocrx_word' id='word_1_99' title='bbox 565 1550 663 1608; x_wconf 87' lang='lat' dir='ltr'>nisi</span> <span class='ocrx_word' id='word_1_100' title='bbox 693 1559 917 1625; x_wconf 88' lang='lat' dir='ltr'>peccato</span> <span class='ocrx_word' id='word_1_101' title='bbox 948 1553 1184 1610; x_wconf 79' lang='lat' dir='ltr'><strong>mortali.</strong></span> <span class='ocrx_word' id='word_1_102' title='bbox 1730 1557 1733 1562; x_wconf 82' lang='lat'>&#39;</span> 
     </span>
    </p>

    <p class='ocr_par' dir='ltr' id='par_1_5' title="bbox 303 1641 2303 2066">
     <span class='ocr_line' id='line_1_13' title="bbox 376 1641 2300 1716; baseline 0.001 -19"><span class='ocrx_word' id='word_1_103' title='bbox 376 1645 428 1697; x_wconf 79' lang='lat'>2.</span> <span class='ocrx_word' id='word_1_104' title='bbox 464 1642 746 1705; x_wconf 83' lang='lat' dir='ltr'>Praeterea,</span> <span class='ocrx_word' id='word_1_105' title='bbox 781 1641 1009 1714; x_wconf 79' lang='lat' dir='ltr'>quilibet</span> <span class='ocrx_word' id='word_1_106' title='bbox 1038 1641 1200 1698; x_wconf 91' lang='lat' dir='ltr'>homo</span> <span class='ocrx_word' id='word_1_107' title='bbox 1236 1642 1398 1699; x_wconf 84' lang='lat' dir='ltr'>debet</span> <span class='ocrx_word' id='word_1_108' title='bbox 1427 1642 1628 1700; x_wconf 86' lang='lat' dir='ltr'>habere</span> <span class='ocrx_word' id='word_1_109' title='bbox 1657 1641 1972 1714; x_wconf 85' lang='lat' dir='ltr'>originalem</span> <span class='ocrx_word' id='word_1_110' title='bbox 2010 1643 2300 1716; x_wconf 85' lang='lat' dir='ltr'>justitiam,</span> 
     </span>
     <span class='ocr_line' id='line_1_14' title="bbox 303 1729 2298 1804; baseline 0.001 -18"><span class='ocrx_word' id='word_1_111' title='bbox 303 1729 602 1794; x_wconf 83' lang='lat' dir='ltr'>secundum</span> <span class='ocrx_word' id='word_1_112' title='bbox 634 1746 797 1802; x_wconf 88' lang='lat' dir='ltr'>quam</span> <span class='ocrx_word' id='word_1_113' title='bbox 844 1731 1286 1802; x_wconf 80' lang='lat' dir='ltr'>concupiscentia</span> <span class='ocrx_word' id='word_1_114' title='bbox 1336 1731 1754 1804; x_wconf 77' lang='lat' dir='ltr'>reprimebatur.</span> <span class='ocrx_word' id='word_1_115' title='bbox 1808 1733 1911 1788; x_wconf 65' lang='lat' dir='ltr'>Sed</span> <span class='ocrx_word' id='word_1_116' title='bbox 1955 1741 2144 1788; x_wconf 88' lang='lat' dir='ltr'>contra</span> <span class='ocrx_word' id='word_1_117' title='bbox 2198 1733 2298 1788; x_wconf 89' lang='lat' dir='ltr'>hoc</span> 
     </span>
     <span class='ocr_line' id='line_1_15' title="bbox 304 1816 2302 1890; baseline 0.001 -18"><span class='ocrx_word' id='word_1_118' title='bbox 304 1816 548 1872; x_wconf 89' lang='lat' dir='ltr'>debitum</span> <span class='ocrx_word' id='word_1_119' title='bbox 578 1821 660 1873; x_wconf 89' lang='lat' dir='ltr'>est</span> <span class='ocrx_word' id='word_1_120' title='bbox 691 1817 923 1888; x_wconf 83' lang='lat' dir='ltr'>quilibet</span> <span class='ocrx_word' id='word_1_121' title='bbox 948 1819 1409 1889; x_wconf 81' lang='lat' dir='ltr'>concupiscentiae</span> <span class='ocrx_word' id='word_1_122' title='bbox 1434 1827 1636 1874; x_wconf 87' lang='lat' dir='ltr'>motus.</span> <span class='ocrx_word' id='word_1_123' title='bbox 1658 1820 1800 1890; x_wconf 83' lang='lat' dir='ltr'>Ergo</span> <span class='ocrx_word' id='word_1_124' title='bbox 1829 1819 2056 1890; x_wconf 83' lang='lat' dir='ltr'>quilibet</span> <span class='ocrx_word' id='word_1_125' title='bbox 2096 1834 2302 1875; x_wconf 91' lang='lat' dir='ltr'>concu-</span> 
     </span>
     <span class='ocr_line' id='line_1_16' title="bbox 303 1905 2303 1980; baseline 0.002 -20"><span class='ocrx_word' id='word_1_126' title='bbox 303 1905 584 1978; x_wconf 84' lang='lat' dir='ltr'>piscentiae</span> <span class='ocrx_word' id='word_1_127' title='bbox 611 1911 790 1961; x_wconf 90' lang='lat' dir='ltr'>motus</span> <span class='ocrx_word' id='word_1_128' title='bbox 811 1912 894 1962; x_wconf 91' lang='lat' dir='ltr'>est</span> <span class='ocrx_word' id='word_1_129' title='bbox 920 1913 1206 1978; x_wconf 85' lang='lat' dir='ltr'>peccatum</span> <span class='ocrx_word' id='word_1_130' title='bbox 1233 1906 1483 1963; x_wconf 79' lang='lat' dir='ltr'>mortale.</span> <span class='ocrx_word' id='word_1_131' title='bbox 1514 1907 1686 1964; x_wconf 88' lang='lat' dir='ltr'>Omne</span> <span class='ocrx_word' id='word_1_132' title='bbox 1714 1909 1859 1963; x_wconf 90' lang='lat' dir='ltr'>enim</span> <span class='ocrx_word' id='word_1_133' title='bbox 1890 1908 2033 1980; x_wconf 86' lang='lat' dir='ltr'>quod</span> <span class='ocrx_word' id='word_1_134' title='bbox 2060 1915 2143 1963; x_wconf 90' lang='lat' dir='ltr'>est</span> <span class='ocrx_word' id='word_1_135' title='bbox 2168 1924 2303 1964; x_wconf 90' lang='lat' dir='ltr'>con-</span> 
     </span>
     <span class='ocr_line' id='line_1_17' title="bbox 304 1991 1715 2066; baseline 0.001 -17"><span class='ocrx_word' id='word_1_136' title='bbox 304 1998 389 2049; x_wconf 89' lang='lat' dir='ltr'>tra</span> <span class='ocrx_word' id='word_1_137' title='bbox 414 1991 677 2063; x_wconf 85' lang='lat' dir='ltr'>debitum,</span> <span class='ocrx_word' id='word_1_138' title='bbox 706 1993 870 2050; x_wconf 88' lang='lat' dir='ltr'>habet</span> <span class='ocrx_word' id='word_1_139' title='bbox 892 1995 1104 2066; x_wconf 88' lang='lat' dir='ltr'>peccati</span> <span class='ocrx_word' id='word_1_140' title='bbox 1136 1995 1381 2051; x_wconf 87' lang='lat' dir='ltr'>mortalis</span> <span class='ocrx_word' id='word_1_141' title='bbox 1410 1997 1715 2052; x_wconf 69' lang='lat' dir='ltr'>rationem.</span> 
     </span>
    </p>

    <p class='ocr_par' dir='ltr' id='par_1_6' title="bbox 302 2083 2304 2403">
     <span class='ocr_line' id='line_1_18' title="bbox 374 2083 2300 2156; baseline 0.001 -19"><span class='ocrx_word' id='word_1_142' title='bbox 374 2083 477 2138; x_wconf 91' lang='lat' dir='ltr'>Sed</span> <span class='ocrx_word' id='word_1_143' title='bbox 507 2089 715 2150; x_wconf 86' lang='lat' dir='ltr'>contra,</span> <span class='ocrx_word' id='word_1_144' title='bbox 747 2092 952 2156; x_wconf 87' lang='lat' dir='ltr'>quanto</span> <span class='ocrx_word' id='word_1_145' title='bbox 981 2089 1065 2140; x_wconf 88' lang='lat' dir='ltr'>est</span> <span class='ocrx_word' id='word_1_146' title='bbox 1100 2085 1302 2155; x_wconf 85' lang='lat' dir='ltr'>gradus</span> <span class='ocrx_word' id='word_1_147' title='bbox 1333 2083 1513 2150; x_wconf 88' lang='lat' dir='ltr'>altior,</span> <span class='ocrx_word' id='word_1_148' title='bbox 1548 2091 1699 2140; x_wconf 88' lang='lat' dir='ltr'>tanto</span> <span class='ocrx_word' id='word_1_149' title='bbox 1742 2089 1827 2138; x_wconf 88' lang='lat' dir='ltr'>est</span> <span class='ocrx_word' id='word_1_150' title='bbox 1867 2099 2027 2140; x_wconf 84' lang='lat' dir='ltr'>casus</span> <span class='ocrx_word' id='word_1_151' title='bbox 2063 2084 2300 2156; x_wconf 86' lang='lat' dir='ltr'>gravior.</span> 
     </span>
     <span class='ocr_line' id='line_1_19' title="bbox 302 2169 2303 2244; baseline 0 -15"><span class='ocrx_word' id='word_1_152' title='bbox 302 2171 410 2230; x_wconf 90' lang='lat' dir='ltr'>Sed</span> <span class='ocrx_word' id='word_1_153' title='bbox 431 2169 591 2236; x_wconf 84' lang='lat' dir='ltr'>altior</span> <span class='ocrx_word' id='word_1_154' title='bbox 619 2176 704 2228; x_wconf 90' lang='lat' dir='ltr'>est</span> <span class='ocrx_word' id='word_1_155' title='bbox 731 2171 931 2244; x_wconf 83' lang='lat' dir='ltr'>gradus</span> <span class='ocrx_word' id='word_1_156' title='bbox 961 2171 1134 2228; x_wconf 87' lang='lat' dir='ltr'>fidelis</span> <span class='ocrx_word' id='word_1_157' title='bbox 1164 2187 1330 2244; x_wconf 90' lang='lat' dir='ltr'>quam</span> <span class='ocrx_word' id='word_1_158' title='bbox 1349 2171 1754 2236; x_wconf 77' lang='lat' dir='ltr'>infideliS.Cum</span> <span class='ocrx_word' id='word_1_159' title='bbox 1774 2187 1900 2242; x_wconf 85' lang='lat' dir='ltr'>ergo</span> <span class='ocrx_word' id='word_1_160' title='bbox 1930 2173 2085 2244; x_wconf 90' lang='lat' dir='ltr'>primi</span> <span class='ocrx_word' id='word_1_161' title='bbox 2116 2181 2303 2229; x_wconf 88' lang='lat' dir='ltr'>motus</span> 
     </span>
     <span class='ocr_line' id='line_1_20' title="bbox 303 2258 2304 2333; baseline 0 -18"><span class='ocrx_word' id='word_1_162' title='bbox 303 2258 546 2316; x_wconf 85' lang='lat' dir='ltr'>fidelium</span> <span class='ocrx_word' id='word_1_163' title='bbox 569 2276 676 2317; x_wconf 92' lang='lat' dir='ltr'>non</span> <span class='ocrx_word' id='word_1_164' title='bbox 716 2261 826 2318; x_wconf 87' lang='lat' dir='ltr'>sint</span> <span class='ocrx_word' id='word_1_165' title='bbox 846 2265 1073 2333; x_wconf 88' lang='lat' dir='ltr'>peccata</span> <span class='ocrx_word' id='word_1_166' title='bbox 1099 2260 1370 2329; x_wconf 89' lang='lat' dir='ltr'>mortalia,</span> <span class='ocrx_word' id='word_1_167' title='bbox 1406 2259 1577 2315; x_wconf 90' lang='lat' dir='ltr'>multo</span> <span class='ocrx_word' id='word_1_168' title='bbox 1602 2259 1781 2316; x_wconf 90' lang='lat' dir='ltr'>minus</span> <span class='ocrx_word' id='word_1_169' title='bbox 1811 2261 2152 2331; x_wconf 80' lang='lat' dir='ltr'>primimotus</span> <span class='ocrx_word' id='word_1_170' title='bbox 2177 2261 2304 2317; x_wconf 86' lang='lat' dir='ltr'>infi-</span> 
     </span>
     <span class='ocr_line' id='line_1_21' title="bbox 303 2346 530 2403; baseline 0.004 -1"><span class='ocrx_word' id='word_1_171' title='bbox 303 2346 530 2403; x_wconf 89' lang='lat' dir='ltr'>delium.</span> 
     </span>
    </p>

    <p class='ocr_par' dir='ltr' id='par_1_7' title="bbox 303 2433 2303 2596">
     <span class='ocr_line' id='line_1_22' title="bbox 371 2433 2303 2508; baseline -0.002 -15"><span class='ocrx_word' id='word_1_172' title='bbox 371 2433 690 2508; x_wconf 88' lang='lat' dir='ltr'>Respondeo</span> <span class='ocrx_word' id='word_1_173' title='bbox 714 2436 1023 2498; x_wconf 87' lang='lat' dir='ltr'>dicendum,</span> <span class='ocrx_word' id='word_1_174' title='bbox 1054 2435 1196 2508; x_wconf 87' lang='lat' dir='ltr'>quod</span> <span class='ocrx_word' id='word_1_175' title='bbox 1220 2436 1428 2508; x_wconf 85' lang='lat' dir='ltr'>primus</span> <span class='ocrx_word' id='word_1_176' title='bbox 1453 2441 1651 2502; x_wconf 85' lang='lat' dir='ltr'>motus,</span> <span class='ocrx_word' id='word_1_177' title='bbox 1684 2435 1825 2491; x_wconf 87' lang='lat' dir='ltr'>sicut</span> <span class='ocrx_word' id='word_1_178' title='bbox 1852 2435 2057 2491; x_wconf 87' lang='lat' dir='ltr'>dictum</span> <span class='ocrx_word' id='word_1_179' title='bbox 2084 2441 2185 2499; x_wconf 89' lang='lat' dir='ltr'>est,</span> <span class='ocrx_word' id='word_1_180' title='bbox 2220 2439 2303 2490; x_wconf 86' lang='lat' dir='ltr'>est</span> 
     </span>
     <span class='ocr_line' id='line_1_23' title="bbox 303 2523 2303 2596; baseline -0.001 -16"><span class='ocrx_word' id='word_1_181' title='bbox 303 2531 486 2582; x_wconf 87' lang='lat' dir='ltr'>motus</span> <span class='ocrx_word' id='word_1_182' title='bbox 525 2525 898 2582; x_wconf 75' lang='lat' dir='ltr'>sensualitatis</span> <span class='ocrx_word' id='word_1_183' title='bbox 937 2523 1276 2596; x_wconf 84' lang='lat' dir='ltr'>praeveniens</span> <span class='ocrx_word' id='word_1_184' title='bbox 1314 2523 1760 2580; x_wconf 82' lang='lat' dir='ltr'>deliberationem</span> <span class='ocrx_word' id='word_1_185' title='bbox 1805 2525 2053 2580; x_wconf 87' lang='lat' dir='ltr'>rationis.</span> <span class='ocrx_word' id='word_1_186' title='bbox 2096 2523 2303 2578; x_wconf 85' lang='lat' dir='ltr'>Eadem</span> 
     </span>
    </p>
   </div>
   <div class='ocr_carea' id='block_1_5' title="bbox 304 2610 2370 2672">
    <p class='ocr_par' dir='ltr' id='par_1_8' title="bbox 304 2610 2370 2672">
     <span class='ocr_line' id='line_1_24' title="bbox 304 2610 2370 2672; baseline -0.001 -3"><span class='ocrx_word' id='word_1_187' title='bbox 304 2620 488 2670; x_wconf 87' lang='lat' dir='ltr'>autem</span> <span class='ocrx_word' id='word_1_188' title='bbox 510 2620 708 2672; x_wconf 89' lang='lat' dir='ltr'>natura</span> <span class='ocrx_word' id='word_1_189' title='bbox 732 2613 1106 2671; x_wconf 84' lang='lat' dir='ltr'>sensualitatis</span> <span class='ocrx_word' id='word_1_190' title='bbox 1133 2621 1218 2670; x_wconf 89' lang='lat' dir='ltr'>est</span> <span class='ocrx_word' id='word_1_191' title='bbox 1237 2621 1292 2669; x_wconf 92' lang='lat' dir='ltr'>et</span> <span class='ocrx_word' id='word_1_192' title='bbox 1323 2612 1553 2669; x_wconf 86' lang='lat' dir='ltr'>rationis</span> <span class='ocrx_word' id='word_1_193' title='bbox 1582 2613 1634 2669; x_wconf 91' lang='lat' dir='ltr'>in</span> <span class='ocrx_word' id='word_1_194' title='bbox 1668 2612 1916 2668; x_wconf 86' lang='lat' dir='ltr'>fidelibus</span> <span class='ocrx_word' id='word_1_195' title='bbox 1942 2613 2075 2668; x_wconf 88' lang='lat' dir='ltr'>etin</span> <span class='ocrx_word' id='word_1_196' title='bbox 2107 2612 2304 2667; x_wconf 46' lang='lat' dir='ltr'>infide*</span> <span class='ocrx_word' id='word_1_197' title='bbox 2364 2610 2370 2617; x_wconf 83' lang='lat'>&#39;</span> 
     </span>
    </p>
   </div>
   <div class='ocr_carea' id='block_1_6' title="bbox 301 2700 2306 4012">
    <p class='ocr_par' dir='ltr' id='par_1_9' title="bbox 303 2700 2306 3392">
     <span class='ocr_line' id='line_1_25' title="bbox 305 2700 2301 2774; baseline -0.001 -17"><span class='ocrx_word' id='word_1_198' title='bbox 305 2702 465 2758; x_wconf 79' lang='lat' dir='ltr'>libne.</span> <span class='ocrx_word' id='word_1_199' title='bbox 497 2704 577 2759; x_wconf 88' lang='lat' dir='ltr'>Ad</span> <span class='ocrx_word' id='word_1_200' title='bbox 609 2711 859 2759; x_wconf 82' lang='lat' dir='ltr'>naturam</span> <span class='ocrx_word' id='word_1_201' title='bbox 909 2709 1094 2759; x_wconf 87' lang='lat' dir='ltr'>autem</span> <span class='ocrx_word' id='word_1_202' title='bbox 1135 2701 1507 2758; x_wconf 82' lang='lat' dir='ltr'>sensualitatis</span> <span class='ocrx_word' id='word_1_203' title='bbox 1537 2709 1591 2757; x_wconf 94' lang='lat' dir='ltr'>et</span> <span class='ocrx_word' id='word_1_204' title='bbox 1622 2700 1850 2757; x_wconf 88' lang='lat' dir='ltr'>rationis</span> <span class='ocrx_word' id='word_1_205' title='bbox 1878 2703 2113 2774; x_wconf 85' lang='lat' dir='ltr'>pertinet</span> <span class='ocrx_word' id='word_1_206' title='bbox 2156 2700 2301 2773; x_wconf 91' lang='lat' dir='ltr'>quod</span> 
     </span>
     <span class='ocr_line' id='line_1_26' title="bbox 305 2789 2300 2864; baseline 0 -20"><span class='ocrx_word' id='word_1_207' title='bbox 305 2797 486 2846; x_wconf 90' lang='lat' dir='ltr'>motus</span> <span class='ocrx_word' id='word_1_208' title='bbox 531 2790 906 2848; x_wconf 84' lang='lat' dir='ltr'>sensualitatis</span> <span class='ocrx_word' id='word_1_209' title='bbox 947 2789 1042 2864; x_wconf 90' lang='lat' dir='ltr'>qui</span> <span class='ocrx_word' id='word_1_210' title='bbox 1086 2796 1169 2846; x_wconf 86' lang='lat' dir='ltr'>est</span> <span class='ocrx_word' id='word_1_211' title='bbox 1211 2790 1419 2863; x_wconf 88' lang='lat' dir='ltr'>absque</span> <span class='ocrx_word' id='word_1_212' title='bbox 1465 2789 1855 2846; x_wconf 82' lang='lat' dir='ltr'>deliberatione</span> <span class='ocrx_word' id='word_1_213' title='bbox 1898 2790 2145 2856; x_wconf 82' lang='lat' dir='ltr'>rationiS,</span> <span class='ocrx_word' id='word_1_214' title='bbox 2195 2805 2300 2845; x_wconf 90' lang='lat' dir='ltr'>non</span> 
     </span>
     <span class='ocr_line' id='line_1_27' title="bbox 303 2877 2300 2958; baseline -0.001 -24"><span class='ocrx_word' id='word_1_215' title='bbox 303 2880 475 2950; x_wconf 85' lang='lat' dir='ltr'>possit</span> <span class='ocrx_word' id='word_1_216' title='bbox 500 2895 618 2936; x_wconf 87' lang='lat' dir='ltr'>esse</span> <span class='ocrx_word' id='word_1_217' title='bbox 643 2886 928 2951; x_wconf 88' lang='lat' dir='ltr'>peccatum</span> <span class='ocrx_word' id='word_1_218' title='bbox 960 2880 1186 2936; x_wconf 88' lang='lat' dir='ltr'>mortale</span> <span class='ocrx_word' id='word_1_219' title='bbox 1221 2896 1232 2934; x_wconf 92' lang='lat'><strong>:</strong></span> <span class='ocrx_word' id='word_1_220' title='bbox 1262 2879 1394 2952; x_wconf 91' lang='lat' dir='ltr'>quia</span> <span class='ocrx_word' id='word_1_221' title='bbox 1438 2886 1724 2958; x_wconf 87' lang='lat' dir='ltr'>peccatum</span> <span class='ocrx_word' id='word_1_222' title='bbox 1769 2878 1995 2934; x_wconf 90' lang='lat' dir='ltr'>mortale</span> <span class='ocrx_word' id='word_1_223' title='bbox 2025 2885 2109 2934; x_wconf 91' lang='lat' dir='ltr'>est</span> <span class='ocrx_word' id='word_1_224' title='bbox 2131 2877 2300 2951; x_wconf 82' lang='lat' dir='ltr'>quod</span> 
     </span>
     <span class='ocr_line' id='line_1_28' title="bbox 303 2966 2304 3040; baseline -0.001 -16"><span class='ocrx_word' id='word_1_225' title='bbox 303 2969 554 3024; x_wconf 84' lang='lat' dir='ltr'>consistit</span> <span class='ocrx_word' id='word_1_226' title='bbox 577 2967 950 3030; x_wconf 82' lang='lat' dir='ltr'>inaversione</span> <span class='ocrx_word' id='word_1_227' title='bbox 983 2985 1014 3025; x_wconf 88' lang='lat' dir='ltr'>a</span> <span class='ocrx_word' id='word_1_228' title='bbox 1043 2969 1176 3035; x_wconf 88' lang='lat' dir='ltr'>Deo,</span> <span class='ocrx_word' id='word_1_229' title='bbox 1207 2968 1275 3026; x_wconf 87' lang='lat' dir='ltr'>ad</span> <span class='ocrx_word' id='word_1_230' title='bbox 1314 2983 1477 3040; x_wconf 89' lang='lat' dir='ltr'>quem</span> <span class='ocrx_word' id='word_1_231' title='bbox 1506 2967 1748 3024; x_wconf 88' lang='lat' dir='ltr'>converti</span> <span class='ocrx_word' id='word_1_232' title='bbox 1783 2983 1886 3023; x_wconf 91' lang='lat' dir='ltr'>non</span> <span class='ocrx_word' id='word_1_233' title='bbox 1920 2973 2097 3039; x_wconf 88' lang='lat' dir='ltr'>potest</span> <span class='ocrx_word' id='word_1_234' title='bbox 2142 2966 2304 3022; x_wconf 89' lang='lat' dir='ltr'>homo</span> 
     </span>
     <span class='ocr_line' id='line_1_29' title="bbox 304 3043 2303 3129; baseline -0.002 -18"><span class='ocrx_word' id='word_1_235' title='bbox 304 3055 407 3111; x_wconf 87' lang='lat' dir='ltr'>nisi</span> <span class='ocrx_word' id='word_1_236' title='bbox 433 3072 528 3128; x_wconf 88' lang='lat' dir='ltr'>per</span> <span class='ocrx_word' id='word_1_237' title='bbox 553 3052 820 3111; x_wconf 80' lang='lat' dir='ltr'>rationem</span> <span class='ocrx_word' id='word_1_238' title='bbox 847 3075 860 3112; x_wconf 76' lang='lat' dir='ltr'><strong><em>z</em></strong></span> <span class='ocrx_word' id='word_1_239' title='bbox 894 3064 948 3112; x_wconf 92' lang='lat' dir='ltr'>et</span> <span class='ocrx_word' id='word_1_240' title='bbox 979 3074 1075 3128; x_wconf 85' lang='lat' dir='ltr'>per</span> <span class='ocrx_word' id='word_1_241' title='bbox 1103 3073 1445 3129; x_wconf 90' lang='lat' dir='ltr'>consequens</span> <span class='ocrx_word' id='word_1_242' title='bbox 1474 3043 1689 3112; x_wconf 85' lang='lat' dir='ltr'>aversio</span> <span class='ocrx_word' id='word_1_243' title='bbox 1718 3071 1747 3110; x_wconf 90' lang='lat' dir='ltr'>a</span> <span class='ocrx_word' id='word_1_244' title='bbox 1779 3056 1908 3121; x_wconf 91' lang='lat' dir='ltr'>Deo,</span> <span class='ocrx_word' id='word_1_245' title='bbox 1942 3070 2066 3126; x_wconf 86' lang='lat' dir='ltr'>quae</span> <span class='ocrx_word' id='word_1_246' title='bbox 2094 3055 2303 3110; x_wconf 85' lang='lat' dir='ltr'>consti-</span> 
     </span>
     <span class='ocr_line' id='line_1_30' title="bbox 304 3143 2303 3218; baseline -0.001 -21"><span class='ocrx_word' id='word_1_247' title='bbox 304 3144 412 3199; x_wconf 91' lang='lat' dir='ltr'>tuit</span> <span class='ocrx_word' id='word_1_248' title='bbox 453 3149 736 3214; x_wconf 83' lang='lat' dir='ltr'>peccatum</span> <span class='ocrx_word' id='word_1_249' title='bbox 786 3144 1032 3210; x_wconf 89' lang='lat' dir='ltr'>mortale,</span> <span class='ocrx_word' id='word_1_250' title='bbox 1067 3160 1170 3200; x_wconf 93' lang='lat' dir='ltr'>non</span> <span class='ocrx_word' id='word_1_251' title='bbox 1207 3154 1388 3218; x_wconf 91' lang='lat' dir='ltr'>potest</span> <span class='ocrx_word' id='word_1_252' title='bbox 1428 3161 1547 3200; x_wconf 83' lang='lat' dir='ltr'>esse</span> <span class='ocrx_word' id='word_1_253' title='bbox 1575 3143 1679 3200; x_wconf 88' lang='lat' dir='ltr'>nisi</span> <span class='ocrx_word' id='word_1_254' title='bbox 1720 3144 1774 3199; x_wconf 92' lang='lat' dir='ltr'>in</span> <span class='ocrx_word' id='word_1_255' title='bbox 1800 3143 2029 3210; x_wconf 88' lang='lat' dir='ltr'>ratione,</span> <span class='ocrx_word' id='word_1_256' title='bbox 2057 3149 2117 3198; x_wconf 91' lang='lat' dir='ltr'>ut</span> <span class='ocrx_word' id='word_1_257' title='bbox 2150 3147 2303 3215; x_wconf 87' lang='lat' dir='ltr'>patet</span> 
     </span>
     <span class='ocr_line' id='line_1_31' title="bbox 303 3227 2306 3305; baseline 0 -19"><span class='ocrx_word' id='word_1_258' title='bbox 303 3247 402 3305; x_wconf 89' lang='lat' dir='ltr'>per</span> <span class='ocrx_word' id='word_1_259' title='bbox 419 3232 804 3303; x_wconf 86' lang='lat' dir='ltr'>Augustinum,</span> <span class='ocrx_word' id='word_1_260' title='bbox 825 3247 914 3288; x_wconf 59' lang='grc' dir='ltr'>κη</span> <span class='ocrx_word' id='word_1_261' title='bbox 938 3232 1005 3288; x_wconf 90' lang='lat' dir='ltr'>de</span> <span class='ocrx_word' id='word_1_262' title='bbox 1028 3232 1223 3289; x_wconf 86' lang='lat' dir='ltr'>Trinit.</span> <span class='ocrx_word' id='word_1_263' title='bbox 1241 3233 1308 3288; x_wconf 91' lang='lat' dir='ltr'>Et</span> <span class='ocrx_word' id='word_1_264' title='bbox 1336 3233 1461 3288; x_wconf 91' lang='lat' dir='ltr'>ideo</span> <span class='ocrx_word' id='word_1_265' title='bbox 1486 3227 1776 3288; x_wconf 85' lang='lat' dir='ltr'>dicendum</span> <span class='ocrx_word' id='word_1_266' title='bbox 1798 3236 1903 3299; x_wconf 91' lang='lat' dir='ltr'>est,</span> <span class='ocrx_word' id='word_1_267' title='bbox 1935 3230 2079 3304; x_wconf 89' lang='lat' dir='ltr'>quod</span> <span class='ocrx_word' id='word_1_268' title='bbox 2109 3231 2306 3304; x_wconf 89' lang='lat' dir='ltr'>primi-</span> 
     </span>
     <span class='ocr_line' id='line_1_32' title="bbox 303 3319 2051 3392; baseline -0.001 -17"><span class='ocrx_word' id='word_1_269' title='bbox 303 3327 486 3378; x_wconf 87' lang='lat' dir='ltr'>motus</span> <span class='ocrx_word' id='word_1_270' title='bbox 511 3319 809 3375; x_wconf 84' lang='lat' dir='ltr'>infidelium</span> <span class='ocrx_word' id='word_1_271' title='bbox 835 3327 1097 3387; x_wconf 77' lang='lat' dir='ltr'>nonsunt</span> <span class='ocrx_word' id='word_1_272' title='bbox 1122 3329 1347 3392; x_wconf 88' lang='lat' dir='ltr'>peccata</span> <span class='ocrx_word' id='word_1_273' title='bbox 1378 3319 1648 3387; x_wconf 86' lang='lat' dir='ltr'>mortalia,</span> <span class='ocrx_word' id='word_1_274' title='bbox 1677 3321 1772 3377; x_wconf 88' lang='lat' dir='ltr'>sed</span> <span class='ocrx_word' id='word_1_275' title='bbox 1798 3319 2051 3376; x_wconf 88' lang='lat' dir='ltr'>venialia.</span> 
     </span>
    </p>

    <p class='ocr_par' dir='ltr' id='par_1_10' title="bbox 301 3407 2305 4012">
     <span class='ocr_line' id='line_1_33' title="bbox 373 3407 2303 3482; baseline -0.002 -16"><span class='ocrx_word' id='word_1_276' title='bbox 373 3411 454 3466; x_wconf 85' lang='lat' dir='ltr'>Ad</span> <span class='ocrx_word' id='word_1_277' title='bbox 481 3411 716 3482; x_wconf 84' lang='lat' dir='ltr'>primum</span> <span class='ocrx_word' id='word_1_278' title='bbox 742 3423 872 3480; x_wconf 89' lang='lat' dir='ltr'>ergo</span> <span class='ocrx_word' id='word_1_279' title='bbox 894 3407 1205 3475; x_wconf 88' lang='lat' dir='ltr'>dicendum,</span> <span class='ocrx_word' id='word_1_280' title='bbox 1235 3408 1378 3480; x_wconf 90' lang='lat' dir='ltr'>quod</span> <span class='ocrx_word' id='word_1_281' title='bbox 1418 3407 1622 3463; x_wconf 89' lang='lat' dir='ltr'>dictum</span> <span class='ocrx_word' id='word_1_282' title='bbox 1652 3408 1889 3464; x_wconf 82' lang='lat' dir='ltr'>Anselmi</span> <span class='ocrx_word' id='word_1_283' title='bbox 1933 3407 2204 3480; x_wconf 86' lang='lat' dir='ltr'>dependet</span> <span class='ocrx_word' id='word_1_284' title='bbox 2236 3421 2303 3462; x_wconf 85' lang='lat' dir='ltr'>ex</span> 
     </span>
     <span class='ocr_line' id='line_1_34' title="bbox 301 3494 2303 3570; baseline -0.002 -17"><span class='ocrx_word' id='word_1_285' title='bbox 301 3496 467 3553; x_wconf 83' lang='lat' dir='ltr'>verbo</span> <span class='ocrx_word' id='word_1_286' title='bbox 496 3497 762 3570; x_wconf 80' lang='lat' dir='ltr'>Apostoli,</span> <span class='ocrx_word' id='word_1_287' title='bbox 789 3496 884 3570; x_wconf 93' lang='lat' dir='ltr'>qui</span> <span class='ocrx_word' id='word_1_288' title='bbox 933 3495 1227 3562; x_wconf 83' lang='lat' dir='ltr'>concludit,</span> <span class='ocrx_word' id='word_1_289' title='bbox 1260 3495 1329 3550; x_wconf 88' lang='lat' dir='ltr'>ad</span> <span class='ocrx_word' id='word_1_290' title='bbox 1358 3496 1589 3551; x_wconf 88' lang='lat' dir='ltr'>Roman.</span> <span class='ocrx_word' id='word_1_291' title='bbox 1617 3511 1743 3563; x_wconf 80' lang='lat' dir='ltr'>vin,</span> <span class='ocrx_word' id='word_1_292' title='bbox 1776 3497 1827 3560; x_wconf 76' lang='grc'>4,</span> <span class='ocrx_word' id='word_1_293' title='bbox 1862 3495 2005 3569; x_wconf 88' lang='lat' dir='ltr'>quod</span> <span class='ocrx_word' id='word_1_294' title='bbox 2046 3494 2195 3554; x_wconf 69' lang='lat' dir='ltr'>nihil,</span> <span class='ocrx_word' id='word_1_295' title='bbox 2228 3499 2303 3548; x_wconf 83' lang='lat' dir='ltr'>est</span> 
     </span>
     <span class='ocr_line' id='line_1_35' title="bbox 304 3583 2302 3664; baseline -0.003 -24"><span class='ocrx_word' id='word_1_296' title='bbox 304 3583 661 3640; x_wconf 78' lang='lat' dir='ltr'>damnationis</span> <span class='ocrx_word' id='word_1_297' title='bbox 685 3586 768 3640; x_wconf 80' lang='lat' dir='ltr'>his</span> <span class='ocrx_word' id='word_1_298' title='bbox 788 3585 880 3657; x_wconf 77' lang='lat' dir='ltr'>qui</span> <span class='ocrx_word' id='word_1_299' title='bbox 899 3591 1022 3640; x_wconf 79' lang='lat' dir='ltr'>sunt</span> <span class='ocrx_word' id='word_1_300' title='bbox 1048 3584 1108 3640; x_wconf 77' lang='lat' dir='ltr'>iu</span> <span class='ocrx_word' id='word_1_301' title='bbox 1134 3583 1345 3640; x_wconf 76' lang='lat' dir='ltr'>Christo</span> <span class='ocrx_word' id='word_1_302' title='bbox 1370 3583 1519 3650; x_wconf 85' lang='lat' dir='ltr'>Jesu,</span> <span class='ocrx_word' id='word_1_303' title='bbox 1540 3585 1633 3655; x_wconf 81' lang='lat' dir='ltr'>qui</span> <span class='ocrx_word' id='word_1_304' title='bbox 1656 3601 1759 3640; x_wconf 83' lang='lat' dir='ltr'>non</span> <span class='ocrx_word' id='word_1_305' title='bbox 1782 3583 2065 3664; x_wconf 72' lang='lat' dir='ltr'>secundum</span> <span class='ocrx_word' id='word_1_306' title='bbox 2088 3597 2302 3635; x_wconf 79' lang='lat' dir='ltr'>carnem</span> 
     </span>
     <span class='ocr_line' id='line_1_36' title="bbox 304 3669 2303 3746; baseline -0.003 -18"><span class='ocrx_word' id='word_1_307' title='bbox 304 3673 595 3730; x_wconf 81' lang='lat' dir='ltr'>ambulant.</span> <span class='ocrx_word' id='word_1_308' title='bbox 624 3675 850 3731; x_wconf 88' lang='lat' dir='ltr'>Videtur</span> <span class='ocrx_word' id='word_1_309' title='bbox 873 3689 1004 3746; x_wconf 83' lang='lat' dir='ltr'>ergo</span> <span class='ocrx_word' id='word_1_310' title='bbox 1029 3675 1171 3746; x_wconf 89' lang='lat' dir='ltr'>quod</span> <span class='ocrx_word' id='word_1_311' title='bbox 1212 3673 1298 3729; x_wconf 90' lang='lat' dir='ltr'>his</span> <span class='ocrx_word' id='word_1_312' title='bbox 1323 3674 1415 3746; x_wconf 90' lang='lat' dir='ltr'>qui</span> <span class='ocrx_word' id='word_1_313' title='bbox 1447 3689 1553 3729; x_wconf 92' lang='lat' dir='ltr'>non</span> <span class='ocrx_word' id='word_1_314' title='bbox 1580 3683 1707 3730; x_wconf 88' lang='lat' dir='ltr'>sunt</span> <span class='ocrx_word' id='word_1_315' title='bbox 1735 3673 1790 3727; x_wconf 93' lang='lat' dir='ltr'>in</span> <span class='ocrx_word' id='word_1_316' title='bbox 1815 3672 2027 3728; x_wconf 89' lang='lat' dir='ltr'>Christo</span> <span class='ocrx_word' id='word_1_317' title='bbox 2055 3669 2203 3734; x_wconf 84' lang='lat' dir='ltr'>Jesu,</span> <span class='ocrx_word' id='word_1_318' title='bbox 2232 3669 2303 3723; x_wconf 85' lang='lat' dir='ltr'>sit</span> 
     </span>
     <span class='ocr_line' id='line_1_37' title="bbox 305 3755 2299 3834; baseline -0.004 -16"><span class='ocrx_word' id='word_1_319' title='bbox 305 3761 512 3834; x_wconf 87' lang='lat' dir='ltr'>aliquid</span> <span class='ocrx_word' id='word_1_320' title='bbox 544 3761 926 3831; x_wconf 80' lang='lat' dir='ltr'>damnationis,</span> <span class='ocrx_word' id='word_1_321' title='bbox 955 3763 1122 3819; x_wconf 84' lang='lat' dir='ltr'>etiam</span> <span class='ocrx_word' id='word_1_322' title='bbox 1155 3763 1201 3818; x_wconf 86' lang='lat' dir='ltr'>si</span> <span class='ocrx_word' id='word_1_323' title='bbox 1246 3777 1352 3818; x_wconf 90' lang='lat' dir='ltr'>non</span> <span class='ocrx_word' id='word_1_324' title='bbox 1394 3762 1693 3818; x_wconf 89' lang='lat' dir='ltr'>secundum</span> <span class='ocrx_word' id='word_1_325' title='bbox 1737 3775 1957 3814; x_wconf 88' lang='lat' dir='ltr'>carnem</span> <span class='ocrx_word' id='word_1_326' title='bbox 2003 3755 2299 3821; x_wconf 84' lang='lat' dir='ltr'>ambulent,</span> 
     </span>
     <span class='ocr_line' id='line_1_38' title="bbox 307 3844 2305 3922; baseline -0.002 -18"><span class='ocrx_word' id='word_1_327' title='bbox 307 3847 546 3905; x_wconf 89' lang='lat' dir='ltr'>motibus</span> <span class='ocrx_word' id='word_1_328' title='bbox 585 3849 766 3905; x_wconf 87' lang='lat' dir='ltr'>carnis</span> <span class='ocrx_word' id='word_1_329' title='bbox 803 3851 1310 3912; x_wconf 85' lang='lat' dir='ltr'>consentientibus:</span> <span class='ocrx_word' id='word_1_330' title='bbox 1347 3850 1585 3922; x_wconf 88' lang='lat' dir='ltr'>alioquin</span> <span class='ocrx_word' id='word_1_331' title='bbox 1628 3845 1760 3902; x_wconf 82' lang='lat' dir='ltr'>nihil</span> <span class='ocrx_word' id='word_1_332' title='bbox 1801 3846 1921 3919; x_wconf 91' lang='lat' dir='ltr'>plus</span> <span class='ocrx_word' id='word_1_333' title='bbox 1949 3845 2209 3901; x_wconf 81' lang='lat' dir='ltr'>haberent</span> <span class='ocrx_word' id='word_1_334' title='bbox 2247 3844 2305 3902; x_wconf 84' lang='lat' dir='ltr'>bi</span> 
     </span>
     <span class='ocr_line' id='line_1_39' title="bbox 305 3924 2303 4012; baseline -0.004 -16"><span class='ocrx_word' id='word_1_335' title='bbox 305 3924 400 4012; x_wconf 77' lang='lat' dir='ltr'>qui</span> <span class='ocrx_word' id='word_1_336' title='bbox 435 3937 645 3993; x_wconf 88' lang='lat' dir='ltr'>suntin</span> <span class='ocrx_word' id='word_1_337' title='bbox 688 3937 902 3995; x_wconf 87' lang='lat' dir='ltr'>Christo</span> <span class='ocrx_word' id='word_1_338' title='bbox 929 3938 1078 4007; x_wconf 84' lang='lat' dir='ltr'>Jesu,</span> <span class='ocrx_word' id='word_1_339' title='bbox 1106 3939 1151 3994; x_wconf 90' lang='lat' dir='ltr'>si</span> <span class='ocrx_word' id='word_1_340' title='bbox 1187 3939 1425 3994; x_wconf 86' lang='lat' dir='ltr'>sentiant</span> <span class='ocrx_word' id='word_1_341' title='bbox 1465 3943 1645 3992; x_wconf 86' lang='lat' dir='ltr'>motus</span> <span class='ocrx_word' id='word_1_342' title='bbox 1692 3935 1891 4002; x_wconf 73' lang='lat' dir='ltr'>carnis,</span> <span class='ocrx_word' id='word_1_343' title='bbox 1920 3934 2169 4009; x_wconf 89' lang='lat' dir='ltr'>quamvis</span> <span class='ocrx_word' id='word_1_344' title='bbox 2199 3949 2303 3990; x_wconf 92' lang='lat' dir='ltr'>non</span> 
     </span>
    </p>
   </div>
  </div>
 </body>
</html>
