2800 4492
473 346 593 420 25¹0
709 425 714 430 ,
951 374 1004 419 s.
1049 362 1281 420 ποκα
1321 362 1659 424 sommus
1690 359 1998 418 causeum

474 507 594 546 rum
629 489 980 563 judiciorum,
1027 490 1112 548 vol
1152 490 1224 548 ad
1267 487 1780 548 determinationem
1821 488 1994 544 divini
2039 486 2260 556 cultius,
2308 477 2479 544 libero

473 578 723 652 permisit
747 577 1014 644 ChrisiuS,
1045 577 1140 652 qui
1169 585 1252 635 est
1285 595 1442 636 novae
1483 579 1617 651 legis
1660 579 1819 645 lator,
1853 576 2095 651 piaelatis
2133 575 2394 634 Ecclesiae
2422 582 2473 632 et

475 666 810 740 principibus
824 667 1106 723 christiani
1128 667 1311 740 populi
1332 667 1776 736 determinanda3
1801 666 1943 722 unde
1959 665 2268 737 huJusmodi
2293 664 2477 721 deter-

401 741 415 753 “
477 756 803 834 minationes
845 755 1116 828 pertinent
1156 756 1224 811 ad
1261 757 1353 827 jus
1389 756 1706 821 humanum,
1735 755 1791 811 in
1828 771 1937 828 quo
1977 756 2120 827 Papa
2153 760 2330 825 potest
2358 753 2477 808 dis-

475 861 725 916 pensare.
758 846 818 901 ln
846 844 976 900 solis
1003 860 1130 900 vero
1154 844 1238 902 his
1265 861 1391 918 quae
1422 851 1547 901 sunt
1567 845 1636 900 de
1660 845 1779 916 lego
1812 849 2042 908 naturae,
2062 849 2119 898 et
2153 843 2204 899 in
2232 840 2476 899 articulis

477 933 603 989 lidei
631 942 686 989 et
707 935 1064 990 sacramentis
1099 948 1255 990 novae
1283 933 1420 1004 legis
1456 933 1776 1006 dispensare
1807 949 1912 988 non
1951 939 2130 1005 potest
2159 949 2171 985 ε
2202 930 2309 986 hoc
2331 931 2477 985 enim

477 1037 583 1076 non
627 1028 772 1077 esset
813 1036 970 1094 posse
1010 1038 1106 1094 pro
1149 1022 1401 1089 veritate,
1434 1021 1528 1078 sed
1565 1029 1757 1077 contra
1799 1020 2105 1077 veritatem.
2132 1019 2477 1075 Manifestum

477 1117 561 1166 est
585 1117 769 1165 autem
804 1109 948 1184 quod
992 1109 1268 1182 bigamum
1309 1127 1417 1166 non
1446 1109 1772 1182 promoveri,
1803 1125 1979 1182 neque
2016 1117 2099 1164 est
2125 1109 2194 1164 de
2227 1107 2345 1180 lege
2375 1123 2478 1164 na-

479 1204 638 1264 turre,
664 1214 841 1270 neque
877 1197 1109 1270 pertinet
1150 1199 1217 1255 ad
1253 1197 1515 1257 articulos
1546 1199 1691 1264 fidei,
1724 1215 1901 1271 nequo
1930 1203 2014 1254 est
2050 1197 2118 1253 de
2149 1198 2478 1262 necessitate

476 1288 805 1342 sacramenti
833 1287 992 1360 (quod
1022 1293 1171 1360 patet
1199 1304 1265 1343 ex
1293 1287 1396 1344 hoc
1420 1287 1565 1360 quod
1604 1288 1649 1342 si
1679 1287 1929 1359 bigamus
1954 1287 2256 1353 ordinetur,
2282 1286 2481 1358 recipit

477 1374 699 1429 Ordinis
734 1375 1297 1442 sacramentum),·sed
1342 1374 1447 1431 hoc
1488 1372 1726 1445 pertinet
1750 1374 1818 1430 ad
1845 1372 2099 1446 qamdam
2140 1372 2479 1428 determina-

477 1463 680 1517 tionem
711 1461 880 1518 divini
904 1461 1102 1518 cultus.
1129 1462 1281 1518 Unde
1309 1463 1456 1518 circa
1480 1461 1583 1518 hoc
1610 1468 1793 1535 potest
1817 1463 1964 1533 Papa
1987 1461 2321 1532 dispensare,
2352 1460 2481 1516 licet

478 1551 792 1623 dispensare
810 1566 914 1606 non
933 1549 1130 1607 debeat
1157 1551 1258 1606 nisi
1283 1567 1347 1606 ex
1371 1566 1566 1622 magna
1584 1561 1639 1606 et
1666 1550 1904 1606 evidenti
1927 1565 2121 1617 causa3
2143 1549 2287 1604 sicut
2310 1549 2479 1604 etiam

480 1645 664 1712 posset
701 1639 1016 1710 dispensare
1052 1639 1199 1696 circa
1244 1636 1346 1694 hoc
1386 1638 1530 1711 quod
1576 1638 1772 1711 aliquis
1815 1638 2072 1694 sacerdos
2108 1653 2214 1692 non
2252 1637 2481 1693 indutus

479 1726 723 1783 vestibus
747 1727 918 1781 sacris
941 1732 1285 1784 consecraret
1309 1742 1507 1798 corpus
1535 1725 1756 1783 Christi.
1788 1726 1856 1781 Et
1885 1726 2074 1782 eadem
2106 1725 2247 1782 ratio
2282 1735 2365 1781 est
2403 1726 2475 1782 de

479 1814 731 1869 omnibus
748 1812 866 1869 aliis
887 1813 1213 1886 hujusmodi,
1233 1829 1356 1886 quae
1375 1831 1443 1870 ex
1459 1815 1799 1871 institutione
1819 1814 2054 1870 humana
2074 1820 2478 1887 processerunt.

551 1902 633 1958 Ad
665 1899 898 1973 primum
935 1917 1064 1972 ergo
1093 1902 1400 1969 dicendum,
1432 1904 1575 1976 quod
1618 1902 1909 1976 Apostolus
1940 1902 2230 1974 dupliciter
2260 1903 2315 1958 in
2342 1903 2483 1959 doc-

483 1989 626 2046 trina
667 2005 766 2046 sua
813 1989 994 2062 aliqua
1033 1992 1312 2062 proposuit
1345 2009 1357 2046 ε
1385 1992 1640 2065 quaedam
1687 1991 1906 2064 quidem
1957 1991 2101 2047 sicut
2133 1991 2482 2064 promulgans

475 2079 568 2151 jus
590 2078 852 2145 divinum,
885 2081 1028 2136 sicut
1059 2079 1188 2135 illud
1219 2081 1363 2152 quod
1394 2079 1625 2136 habetur
1654 2081 1721 2137 ad
1748 2078 1932 2136 Galat.
1966 2095 2021 2145 v,
2052 2084 2084 2137 2
2118 2097 2131 2134 ε
2159 2079 2217 2135 Si
2244 2080 2481 2134 circum-

483 2165 750 2233 cidimini,
783 2167 1031 2224 Christus
1058 2167 1201 2224 vobis
1228 2169 1365 2224 nihil
1390 2169 1640 2241 proderit
1649 2185 1669 2237 ;
1697 2175 1751 2224 et
1802 2168 1974 2226 multa
2002 2167 2106 2224 alia
2132 2167 2437 2241 hujusmodi
2462 2185 2476 2222 :

482 2262 537 2310 et
566 2257 618 2309 in
645 2256 744 2312 hoc
773 2257 914 2328 Papa
943 2272 1050 2312 non
1080 2263 1259 2328 potest
1282 2257 1617 2329 dispensare.
1650 2257 1913 2326 Quaedam
1943 2273 2070 2312 vero
2093 2257 2238 2312 sicut
2262 2257 2478 2329 propria

482 2345 810 2400 auctoritate
851 2344 1033 2418 aliqua
1071 2352 1358 2401 statuens:
1397 2361 1523 2401 nam
1562 2345 1677 2417 ipse
1723 2345 1877 2412 dicit,
1907 2345 2016 2400 lad
2061 2345 2187 2401 Cor.
2232 2360 2315 2410 xi,
2360 2347 2427 2399 34
2460 2362 2475 2401 ε

411 2503 418 2510 ,
484 2429 672 2488 Cetera
701 2448 818 2487 cum
858 2449 1047 2488 venero
1079 2433 1352 2506 disponam
1364 2451 1384 2500 ,-
1416 2439 1471 2488 ct
1501 2432 1658 2500 infra,
1691 2450 1789 2502 xv,
1817 2433 2100 2489 mandavit
2141 2441 2200 2488 ut
2233 2432 2479 2489 collectae

481 2537 606 2595 quae
632 2521 768 2577 fiunt
797 2521 851 2577 in
887 2530 1124 2589 sanctos,
1160 2539 1254 2592 per
1281 2537 1448 2577 unam
1477 2521 1691 2577 sabbati
1730 2522 1898 2583 fiant:
1926 2522 2069 2594 quod
2106 2536 2211 2577 non
2242 2522 2478 2593 pertinet

481 2609 665 2679 adjus
702 2608 966 2664 divinum.
995 2609 1060 2663 Et
1095 2608 1347 2666 similiter
1384 2610 1551 2666 etiam
1591 2609 1735 2682 quod
1769 2610 1972 2666 dicitur
2004 2610 2071 2664 de
2115 2609 2334 2680 bigamo
2371 2625 2476 2665 non

480 2696 864 2767 promovendo,
898 2713 1002 2752 non
1039 2711 1122 2752 est
1159 2699 1299 2768 juris
1342 2699 1533 2767 divini,
1562 2699 1657 2756 sed
1689 2699 1959 2756 institutio
1997 2698 2343 2756 auctoritatis
2370 2698 2477 2754 hu-

481 2799 656 2839 manae
683 2783 945 2839 divinitus
968 2783 1170 2840 homini
1195 2801 1491 2842 concessoe.

1137 2959 1592 3024 ARTIGULUS
1646 2961 1814 3026 XIV.

490 3095 708 3159 Utrum
756 3094 997 3158 debeant
1058 3097 1248 3158 vitari
1301 3097 1404 3160 ilci
1465 3099 1956 3162 &communicati
2008 3100 2172 3162 circa
2224 3117 2478 3179 quorum

557 3185 1211 3246 excommunicationem
1241 3191 1330 3246 est
1350 3187 1516 3263 apud
1534 3189 1763 3264 peritos
1790 3189 2030 3250 diversa
2052 3189 2363 3250 sententia.
2398 3220 2478 3232 —-

556 3271 724 3438 (2435.
754 3273 852 3344 48,
885 3288 1079 3351 corp.;
1107 3279 1163 3336 et
1190 3276 1248 3347 4,
1282 3273 1427 3336 dist.
1462 3275 1556 3350 18,
1588 3281 1797 3354 quaesc.
1831 3277 1891 3349 2,
1925 3282 2046 3339 arc.
2080 3281 2139 3350 4,
2168 3280 2376 3356 quaest.
2409 3276 2472 3351 2,

553 3377 582 3420 e
702 3404 717 3419 .
943 3391 950 3398 ·

543 3487 625 3545 Ad
657 3488 876 3545 tertium
906 3491 985 3548 sic
1015 3493 1343 3563 proceditur.
1370 3493 1601 3550 Videtur
1629 3496 1775 3569 quod
1805 3512 1911 3553 non
1946 3496 2183 3554 debeant
2210 3496 2373 3553 vitari
2397 3493 2475 3552 illi

473 3581 927 3635 excommunicati
964 3581 1111 3636 circa
1141 3597 1373 3653 quorum
1399 3586 2017 3643 excommunicationem
2041 3587 2317 3659 sapientes
2342 3601 2478 3641 con-

474 3671 640 3725 traria
665 3669 974 3739 opinantur.
998 3667 1136 3738 Quia
1155 3671 1455 3727 secundum
1473 3673 1599 3744 jura
1623 3673 1924 3746 Episcopus
1941 3690 2045 3731 non
2070 3680 2249 3746 potest
2264 3672 2481 3729 auferre

469 3751 790 3813 beneficium
819 3757 963 3829 quod
995 3757 1192 3814 clerico
1222 3761 1493 3816 concessit
1529 3761 1646 3815 sine
1675 3760 1855 3833 culpa.
1882 3763 1987 3818 Sed
2019 3777 2124 3817 non
2170 3763 2350 3817 minus
2378 3761 2481 3818 dc-

462 3845 632 3898 'betur
659 3845 965 3900 communio
1006 3845 1246 3901 fidelium
1284 3846 1509 3902 cuilibet
1536 3847 1681 3903 fideli
1725 3865 1891 3921 quam
1919 3849 2243 3906 beneficium
2279 3849 2479 3906 clerico

468 3928 574 3985 sibi
600 3931 668 3986 ab
693 3933 960 4003 Episcopo
987 3930 1262 3988 collatum.
1295 3934 1437 4004 Ergo
1469 3950 1567 3991 nec
1593 3939 1904 3992 communio
1929 3936 2170 3993 [idolium
2196 3945 2280 3994 est
2311 3931 2477 3994 alicui
