2800 4492
771 358 886 405 ιιι.
916 372 997 391 -
1021 354 1451 410 ouonmanruu
1489 358 1709 406 nomm
2123 331 2245 407 469

231 473 341 531 bus
367 468 558 533 causis
590 468 877 541 ordinatis,
914 473 1219 530 seeundum
1247 471 1633 546 Philosophum
1666 473 1723 532 in
1762 472 1901 531 libro
1930 472 2001 530 de
2027 475 2240 543 causis,

227 564 415 635 prima
445 574 614 619 cansa
646 560 1026 618 vehementius
1063 561 1330 633 imprimit
1353 562 1411 618 in
1446 566 1734 619 causatum
1777 577 1960 620 causae
1987 563 2244 621 secundae

237 667 413 725 quam
437 651 607 709 etiam
635 665 802 707 causa
831 648 1102 719 secundm
1130 648 1273 706 unde
1296 650 1358 706 fit
1378 655 1442 707 ut
1466 666 1635 707 cansa
1662 650 1839 725 prima
1862 666 1970 708 non
1998 652 2245 710 retrahat

230 740 616 814 operationem
661 754 818 796 suam
863 738 936 795 ab
975 738 1194 807 effectu,
1247 738 1417 796 etiam
1456 746 1751 811 postquam
1796 754 1963 799 eausa
2006 741 2247 799 secunda
2316 738 2323 743 ’

232 828 491 895 retraxit,
542 834 604 884 ut
647 825 872 895 dieitur,
920 825 1163 893 ibidem,
1202 825 1260 882 in
1301 826 1642 883 Commento.
1682 827 2020 886 universalis
2056 837 2245 887 antem

233 932 404 975 eausa
433 924 490 974 et
519 915 697 989 prima
725 915 933 971 entium
974 914 1124 971 Deus
1149 919 1254 982 est,
1289 929 1396 971 non
1436 914 1615 972 solnm
1656 914 2115 987 substantiarum,
2147 917 2243 974 sed

234 1007 410 1063 etiam
453 1001 818 1062 accidentium
855 1004 990 1075 (ipse
1010 1003 1156 1061 enim
1184 1008 1270 1059 est
1291 1009 1512 1060 ‘creator
1537 1002 1865 1062 substantiae
1888 1012 1945 1062 et
1986 1005 2247 1063 acciden-

235 1094 326 1165 tis)
348 1110 365 1162 ;
395 1092 494 1150 sed
517 1091 685 1149 etiam
707 1091 1012 1165 procedunt
1028 1106 1098 1147 ex
1121 1077 1192 1148 eo
1211 1090 1454 1166 quodam
1475 1092 1688 1150 ordine.
1715 1092 1858 1149 Nam
1877 1093 2245 1152 mediantibus

236 1182 566 1239 substantiae
614 1179 898 1254 principiis
941 1178 1250 1237 accidentia
1288 1180 1697 1252 producuntur3
1746 1182 1893 1239 unde
1944 1183 2245 1242 seeundum

235 1280 456 1329 naturae
476 1270 724 1327 ordinem
753 1268 1060 1326 accidentia
1088 1284 1122 1327 a
1148 1267 1435 1341 principiis
1473 1269 1801 1328 substantiae
1826 1270 2157 1345 dependent,
2184 1279 2247 1330 nt

236 1360 358 1417 sine
399 1358 647 1432 subjecto
673 1372 795 1414 esse
839 1372 948 1413 non
989 1357 1232 1430 possint3
1275 1363 1457 1413 tamen
1495 1373 1595 1431 per
1634 1358 1740 1415 hoo
1785 1374 1891 1415 non
1932 1360 2247 1417 excinditur

237 1448 373 1523 quin
409 1446 564 1503 Dens
589 1446 747 1520 quasi
789 1459 959 1505 eausa
986 1445 1165 1519 prima
1203 1446 1374 1516 possit
1423 1446 1731 1503 accidentia
1757 1445 1813 1502 in
1842 1463 1963 1504 esse
2002 1464 2240 1515 servare,

236 1535 548 1593 substantia
589 1539 834 1605 remota3
882 1537 940 1589 et
979 1548 1078 1606 per
1119 1533 1265 1589 huno
1295 1534 1519 1591 modum
1561 1533 1872 1591 accidentia
1915 1536 2245 1595 miraculose

236 1633 368 1683 sunt
397 1626 450 1682 in
473 1632 824 1682 sacramento
847 1621 1040 1681 altaris
1063 1622 1184 1680 sine
1210 1622 1479 1696 subjecto,
1498 1623 1706 1680 virtute
1732 1622 1945 1682 scilicet
1968 1624 2155 1683 divina
2180 1642 2243 1683 ea

237 1720 464 1772 tenente
493 1714 548 1769 in
586 1728 728 1770 esso.

308 1804 396 1861 Ad
424 1802 662 1875 primum
686 1814 819 1873 ergo
841 1798 1156 1867 dicendum,
1187 1797 1336 1872 quod
1371 1814 1499 1857 oum
1530 1800 1755 1869 dieitur,
1784 1800 2087 1860 accidentis
2124 1818 2244 1861 esse

237 1901 328 1950 est
349 1893 570 1949 inesse:
613 1889 698 1947 vel
736 1876 1208 1962 qualitercumque
1237 1894 1473 1961 ponatur
1499 1889 1807 1963 subjeetum
1846 1888 1903 1948 in
1928 1889 2245 1949 definitione

239 1980 563 2047 accidentis,
596 1978 918 2049 intelligitur
945 1987 1067 2034 esse
1093 1977 1340 2034 definitio
1368 1994 1467 2049 per
1504 1978 1864 2048 additionem,
1896 1987 1957 2036 nt
1981 1981 2243 2053 probatur

237 2071 300 2127 in
319 2062 408 2127 'vu
431 2068 668 2141 Metapb.
690 2068 846 2139 (text.
869 2081 1014 2123 eom.
1039 2066 1147 2138 Π).
1169 2066 1238 2121 Et
1265 2065 1470 2123 dicitur
1495 2066 1743 2124 definitio
1761 2084 1861 2140 per
1883 2068 2239 2137 additionem,

239 2158 466 2235 quando
489 2158 546 2214 in
591 2155 908 2212 definitione
943 2154 1164 2226 ponitur
1209 2154 1418 2227 aliquid
1449 2154 1597 2227 quod
1633 2162 1719 2213 est
1758 2162 1919 2213 extra
1949 2158 2247 2216 essentiam

239 2245 476 2313 definiti,
506 2243 650 2316 siout
690 2258 856 2300 nasus
883 2243 1106 2315 ponitur
1130 2242 1186 2298 iu
1233 2240 1553 2322 definitione
1586 2242 1734 2302 simi.
1774 2243 1893 2300 Hoc
1926 2252 2116 2304 autem
2158 2253 2243 2303 est

158 2323 162 2327 ’
238 2344 467 2411 propter
489 2332 796 2390 naturalem
820 2330 1240 2403 dependentium
1280 2329 1582 2387 accidentis
1624 2347 1658 2387 a
1697 2330 1963 2405 subjecto.
1993 2334 2101 2391 Sed
2140 2334 2245 2391 hoe

240 2440 351 2482 non
373 2422 724 2495 impediente,
746 2422 894 2477 Deus
922 2425 1102 2491 potest
1129 2418 1437 2476 accidentia
1458 2417 1579 2475 sine
1606 2418 1854 2493 subjecto
1881 2436 2241 2493 conservar03

239 2528 347 2569 nee
389 2518 574 2569 tamen
623 2508 874 2583 sequitur
900 2505 1326 2566 contradictoria
1369 2506 1533 2563 simul
1572 2522 1695 2565 esse
1728 2523 1895 2578 vera3
1938 2510 2069 2584 quia
2107 2508 2243 2568 sub-

229 2602 448 2678 'jectum
477 2615 584 2655 non
611 2607 697 2655 est
722 2598 794 2654 de
821 2596 1130 2654 substantia
1152 2594 1475 2653 accidentis.

313 2691 398 2749 Ad
441 2687 742 2747 secundum
787 2684 1100 2763 dicendum,
1153 2685 1300 2759 quod
1355 2684 1655 2743 secundum
1705 2686 1985 2745 Avieenna
2034 2688 2091 2746 in
2142 2704 2245 2748 sua

237 2777 513 2851 Uetaph„
547 2792 652 2834 em
678 2790 788 2833 non
828 2779 1011 2848 potest
1049 2774 1178 2847 poni
1221 2774 1276 2830 in
1314 2773 1631 2831 definitione
1659 2774 1891 2849 aiicujus
1930 2779 2149 2851 generis
2188 2786 2246 2837 et

243 2867 469 2943 speciei,
499 2864 632 2938 quia
666 2863 851 2921 omnia
893 2862 1248 2936 particularia
1289 2862 1554 2922 uniuntur
1588 2863 1649 2920 in
1688 2864 2005 2924 definitione
2032 2869 2248 2941 generis

245 2957 336 3017 vel
377 2954 602 3029 speciei,
642 2967 769 3009 eum
816 2959 1000 3009 tamen
1037 2966 1214 3024 genus
1255 2950 1341 3008 vel
1385 2951 1599 3025 species
1642 2967 1751 3010 non
1792 2953 1902 3011 sint
1948 2957 2248 3015 seeundum

245 3059 420 3103 unum
440 3059 547 3100 esre
567 3042 624 3098 in
647 3039 936 3110 omnibus;
959 3045 1017 3095 et
1037 3038 1162 3097 ideo
1183 3038 1304 3097 haec
1325 3054 1433 3096 uon
1457 3046 1543 3096 est
1561 3054 1693 3096 vera
1714 3041 1962 3097 definitio
1986 3043 2251 3101 substan-

249 3136 362 3199 tiae,
391 3130 712 3191 Substantia
735 3127 992 3202 estquod
1018 3143 1118 3201 per
1142 3143 1204 3185 se
1230 3133 1348 3197 est3
1375 3126 1483 3197 vei,
1515 3126 1771 3184 accidens
1802 3136 1887 3184 est
1914 3130 2061 3203 quod
2086 3133 2251 3191 estin

248 3223 380 3282 alio.
412 3220 518 3279 Sed
545 3226 631 3275 est
669 3216 1083 3274 oireumlooutio
1111 3230 1258 3272 verae
1297 3214 1703 3287 descriptionis,
1734 3230 1861 3289 quae
1889 3217 2016 3283 talis
2043 3219 2253 3278 inteni-

249 3311 432 3385 gitur;
456 3308 765 3365 substantia
788 3311 876 3363 est
902 3318 990 3362 res
1030 3305 1188 3377 cujus
1226 3307 1443 3360 naturae
1463 3302 1693 3361 debetur
1727 3320 1849 3363 esse
1874 3323 1983 3366 non
2022 3312 2076 3366 in
2103 3310 2250 3382 aiio;

250 3399 511 3458 arsidens
545 3411 675 3454 vero
712 3400 796 3452 est
841 3408 947 3462 res,
978 3393 1136 3465 eujus
1178 3397 1394 3449 naturae
1420 3391 1652 3451 debetur
1678 3409 1800 3451 esse
1843 3394 1901 3453 in
1928 3396 2057 3455 aiio.
2097 3399 2253 3457 Unde

249 3495 408 3563 patet
432 3491 587 3561 quot,
617 3484 873 3558 quamvis
897 3481 1152 3539 accidens
1172 3479 1499 3539 miraculose
1524 3481 1599 3539 sit
1633 3482 1817 3541 nonin
1848 3484 2124 3557 subjecto,
2147 3502 2253 3544 non

251 3585 440 3637 tamen
474 3574 712 3647 pertinet
751 3571 822 3629 ad
859 3569 1232 3627 definitionem
1273 3569 1630 3641 substantioe3
1672 3588 1781 3629 non
1824 3574 1973 3631 enim
2011 3590 2108 3647 per
2150 3574 2255 3632 hoo

251 3667 376 3740 ejus
398 3672 610 3725 natnrae
631 3660 862 3718 debetur
890 3674 1014 3736 esse
1041 3674 1148 3716 non
1184 3659 1242 3718 in
1270 3658 1412 3730 alio;
1443 3673 1544 3717 nee
1580 3658 1858 3731 egreditur
1881 3660 2256 3719 definitionem

252 3751 578 3819 accidentis,
607 3751 740 3825 quia
761 3748 942 3807 adhue
978 3754 1178 3807 natura
1213 3748 1333 3823 ejus
1373 3756 1622 3805 remanet
1655 3746 1782 3804 talis
1811 3755 1875 3811 ut
1911 3748 1965 3805 ei
1991 3748 2257 3811 debeatur
2362 3783 2371 3791 -

251 3840 670 3990 essxdwti’tim
695 3927 1010 3999 dicendum,
1033 3924 1184 4003 quod
1217 3920 1290 3985 de
1322 3923 1413 3983 his
1450 3938 1578 4001 quoe
1599 3934 1929 3999 generantur
1951 3942 2021 3987 ex
2042 3931 2260 4005 speeie-
