2800 4492
768 334 886 381 xit.
919 351 997 366 -··
1028 337 1479 406 ouoomnnruu
1505 339 1779 385 'ram-mu
2162 326 2283 388 235

273 463 370 506 noe
412 447 612 506 albedo
651 449 954 506 subsistens
1005 466 1110 510 non
1152 458 1332 525 potest
1368 469 1489 512 esse
1530 455 1631 511 nisi
1672 471 1857 512 unum.
1891 456 2120 530 Oportet
2154 475 2282 530 ergo

273 538 416 610 quod
452 538 715 613 quaelibet
742 539 847 596 alia
877 555 966 596 res
996 541 1069 598 sit
1093 555 1188 597 ens
1217 543 1619 614 participative,
1654 544 1731 600 ita
1764 545 1907 617 quod
1945 545 2090 602 aliud
2121 547 2193 603 sit
2222 547 2275 604 in

270 643 334 682 eo
360 626 674 684 substantia
702 619 1035 700 participans
1069 645 1207 700 esse,
1236 638 1290 686 et
1321 631 1469 686 aliud
1499 633 1677 703 ipsum
1712 649 1832 689 esse
1869 635 2278 707 participatum.

273 715 444 770 Omne
471 723 657 771 autem
685 717 1020 789 participans
1043 734 1102 774 se
1137 718 1302 775 habet
1341 720 1408 774 ad
1442 721 1828 792 participatum
1863 723 2007 778 sicut
2037 725 2281 794 potentia

271 803 337 859 ad
362 812 581 871 actum;
606 805 747 860 unde
768 806 1077 862 substantia
1103 807 1393 878 cujuslibet
1424 808 1501 864 rei
1532 818 1733 865 creatae
1757 825 1815 865 se
1834 809 1999 866 habet
2020 809 2089 868 ad
2119 827 2279 868 suum

271 908 388 948 esse
428 893 573 949 sicut
617 894 861 966 potentia
891 895 959 950 ad
990 902 1194 950 actum.
1224 897 1313 952 Sic
1351 912 1479 968 ergo
1526 899 1701 953 omnis
1740 897 2047 956 substantia
2087 909 2273 957 creata

271 989 352 1036 est
374 982 682 1054 composita
701 997 764 1037 ex
793 982 1034 1060 potentia
1062 991 1118 1038 et
1146 990 1292 1066 actu²
1310 985 1363 1040 id
1385 993 1472 1041 est
1499 1001 1566 1042 ex
1594 1001 1659 1041 eo
1690 987 1834 1062 quod
1860 994 1945 1056 est
1967 995 2024 1044 et
2048 1005 2188 1056 esse,
2215 999 2273 1045 ut

271 1070 490 1126 Boetius
519 1070 654 1126 dicit
688 1070 740 1126 in
773 1071 869 1128 lib.
900 1072 967 1126 de
1046 1089 1073 1128 e
1118 1112 1156 1138 .‚
1189 1071 1331 1130 sicut
1361 1073 1547 1132 album
1575 1075 1922 1147 componitur
1947 1093 2012 1134 ex
2036 1093 2100 1134 eo
2130 1078 2276 1152 quod

272 1167 350 1215 est
379 1157 586 1226 album,
617 1168 672 1216 et
702 1158 970 1215 albedine.

337 1248 390 1302 Si
438 1264 568 1303 voro
611 1248 835 1303 materia
884 1249 1097 1320 proprie
1126 1249 1430 1320 accipiatur
1472 1266 1570 1323 pro
1601 1249 1692 1306 illo
1737 1239 1883 1323 quod
1914 1258 1997 1307 est
2034 1251 2274 1322 potentia

220 1410 224 1414 Ι
271 1342 516 1404 tantum;
545 1337 624 1392 sic
646 1337 986 1409 impossibile
1015 1347 1100 1396 est
1133 1338 1278 1412 quod
1310 1338 1490 1396 anima
1514 1339 1751 1394 humana
1782 1338 1854 1394 sit
1882 1340 2184 1413 composita
2209 1356 2276 1396 ex

275 1427 500 1482 materia
538 1433 596 1482 et
642 1425 848 1495 sorma;
897 1426 1086 1482 etheo
1132 1433 1311 1500 potest
1351 1427 1690 1483 manifestari
1729 1427 2040 1500 dupliciter.
2095 1428 2277 1484 Primo

273 1515 490 1586 quidem
515 1530 580 1569 ex
611 1530 676 1569 eo
699 1515 846 1587 quod
887 1521 972 1570 est
1003 1515 1388 1572 intellectualis
1424 1514 1729 1570 substantia
1763 1533 1777 1571 ε
1810 1516 2159 1571 manifestum
2192 1522 2278 1572 est

272 1604 412 1658 enim
441 1603 590 1677 quod
614 1602 920 1661 intellectus
947 1605 999 1658 in
1031 1609 1158 1660 actu
1191 1612 1276 1660 est
1305 1602 1642 1660 intellectum
1673 1604 1725 1658 in
1758 1610 1903 1659 actu.
1933 1603 2275 1660 Intellectum

272 1696 449 1743 autem
477 1691 532 1744 in
564 1695 690 1746 actu
715 1699 800 1745 est
837 1688 1042 1762 aliquid
1071 1691 1124 1745 in
1153 1699 1418 1763 quantum
1456 1696 1541 1746 est
1573 1690 1969 1746 immateriale:
2004 1699 2089 1747 est
2130 1691 2277 1747 enim

272 1777 474 1849 aliquid
519 1777 758 1850 perfecte
797 1778 1162 1849 cognoscibile
1205 1781 1260 1834 in
1300 1787 1568 1853 quantum
1610 1787 1694 1834 est
1736 1787 1885 1846 actu,
1936 1794 2041 1834 non
2091 1787 2275 1834 autem

270 1867 322 1922 in
347 1874 618 1940 quantum
637 1874 722 1922 est
747 1868 1010 1939 potentia,
1031 1877 1090 1924 ut
1107 1868 1306 1924 dicitur
1333 1870 1385 1924 in
1417 1884 1478 1925 ix
1498 1867 1801 1941 metaphys·
1824 1857 1979 1940 (text.
1998 1884 2139 1926 com.
2156 1870 2275 1940 20);

270 1957 429 2021 unde,
457 1971 583 2012 cum
620 1956 851 2013 materia
875 1957 947 2012 sit
977 1972 1072 2012 ens
1100 1957 1152 2011 in
1184 1957 1447 2028 potentia,
1477 1955 1647 2012 forma
1680 1957 1733 2011 in
1780 1957 2009 2014 materia
2034 1959 2275 2014 existens

270 2061 370 2100 non
401 2051 585 2116 potest
625 2061 742 2100 esse
772 2044 1010 2117 perfecte
1056 2046 1274 2116 cognita
1305 2051 1363 2101 ut
1408 2044 1683 2101 intellecta
1712 2045 1764 2100 in
1790 2054 1918 2102 actu
1960 2064 1975 2102 :
2013 2045 2154 2102 unde
2178 2063 2272 2102 se-

270 2134 452 2214 quitur
477 2133 624 2205 quod
657 2132 800 2188 nulla
829 2133 1136 2190 substantia
1159 2133 1491 2190 intellectiva
1520 2134 1676 2204 cnjus
1702 2133 1963 2206 perfectio
1983 2142 2069 2192 est
2093 2136 2272 2208 ipsum

271 2222 609 2278 intellectum
637 2221 692 2277 in
731 2230 876 2288 actu,
908 2223 980 2278 sit
1012 2221 1336 2291 materialis;
1369 2238 1434 2279 eo
1464 2221 1612 2296 quod
1641 2229 1857 2296 oportet
1884 2223 2271 2298 perfectionem

271 2310 671 2385 proportionari
703 2308 1047 2382 perfectibili.
1948 2301 1957 2376 J

336 2399 587 2456 Secundo
614 2406 840 2472 apparet
865 2399 1006 2454 idem
1033 2415 1099 2456 ex
1128 2399 1232 2456 hoc
1259 2399 1407 2472 quod
1436 2398 1619 2457 anima
1644 2405 1726 2456 est
1756 2400 1947 2456 forma.
1966 2401 2099 2456 Cum
2128 2401 2273 2460 enim

273 2486 442 2542 forma
472 2487 546 2542 sit
572 2494 747 2554 actuS‚
777 2495 831 2542 et
859 2487 914 2556 id
943 2488 1087 2560 quod
1121 2496 1198 2542 est
1229 2487 1282 2542 in
1313 2487 1579 2558 potentia,
1608 2504 1712 2543 non
1743 2485 1915 2559 possit
1944 2503 2062 2542 esso
2088 2494 2271 2558 actus;

267 2573 612 2648 'impossibile
660 2582 744 2630 est
786 2575 929 2648 quod
974 2574 1180 2648 aliquid
1228 2575 1591 2647 compositum
1639 2593 1707 2631 ex
1747 2576 1978 2632 materia
2012 2582 2069 2631 et
2100 2575 2269 2634 forma

271 2665 568 2719 secundum
599 2681 657 2736 se
681 2671 856 2722 totum
872 2665 943 2719 sit
976 2664 1167 2720 sorma-
1186 2665 1240 2722 Si
1270 2679 1399 2735 ergo
1426 2664 1607 2720 anima
1632 2680 1759 2738 quae
1778 2665 1997 2735 ponitur
2019 2665 2270 2737 componi

271 2770 336 2810 cx
377 2755 612 2808 materia
643 2759 698 2808 et
740 2751 933 2820 forma,
966 2753 1037 2808 sit
1083 2753 1252 2809 forma
1297 2752 1596 2810 secundum
1638 2752 1878 2826 aliquam
1912 2753 1997 2809 sui
2037 2760 2269 2826 partem,

201 2899 210 2907 ‚
271 2859 393 2918 quae
423 2849 508 2898 est
552 2846 728 2911 actus,
761 2841 916 2914 cujus
957 2841 1104 2898 nulla
1146 2857 1273 2914 pars
1309 2851 1392 2898 est
1438 2841 1702 2912 matoria3
1734 2842 1837 2899 hoc
1869 2842 2014 2901 enim
2041 2842 2274 2900 dicimus

271 2932 507 2987 animam
541 2930 684 3004 quod
717 2940 798 2986 cst
823 2936 978 2987 actus
1017 2931 1258 3003 corporis
1283 2929 1533 2989 animati.

337 3020 420 3075 Ad
463 3019 595 3075 illud
634 3036 761 3090 ergo
801 3020 946 3093 quod
988 3020 1042 3074 in
1087 3020 1423 3090 contrarium
1468 3019 1743 3091 objicitur,
1786 3020 2095 3086 dicendum,
2125 3021 2270 3093 quod

271 3109 511 3182 potentia
539 3116 595 3164 et
624 3115 779 3165 actus
804 3115 929 3165 sunt
958 3107 1130 3181 prima
1162 3109 1427 3181 principia
1460 3109 1511 3163 in
1540 3125 1737 3180 genero
1767 3107 2119 3174 substantiae;
2148 3125 2271 3165 ma-

268 3197 407 3254 ‘teria
432 3204 616 3254 autern
647 3204 702 3252 et
731 3197 905 3254 forma
934 3203 1060 3253 sunt
1090 3198 1264 3269 prima
1305 3197 1573 3270 principia
1615 3197 1668 3252 in
1708 3213 1905 3268 genere
1952 3197 2274 3256 substantias

269 3284 512 3354 mobilis;
546 3286 686 3343 unde
718 3302 821 3344 non
865 3293 1079 3360 oportet
1109 3301 1323 3344 omnem
1352 3285 1803 3357 compositionem
1835 3286 1889 3342 in
1914 3303 2111 3356 genere
2136 3287 2274 3343 sub-

269 3377 486 3432 stantiae
513 3391 633 3432 esse
662 3393 726 3431 ex
751 3377 982 3433 materia
1021 3383 1079 3433 et
1114 3376 1317 3446 forma3
1344 3375 1441 3432 sed
1490 3375 1592 3432 hoc
1627 3375 1805 3434 solum
1851 3391 2074 3434 necesse
2103 3385 2183 3433 est
2215 3377 2270 3439 in

270 3463 590 3523 substantiis
631 3463 940 3522 mobilibus,

975 3663 1374 3744 QUAESTIO
1441 3663 1562 3731 IX.

337 3822 546 3882 Deinde
582 3814 874 3898 quaesitum
899 3832 980 3882 cst
1018 3824 1086 3881 de
1111 3825 1292 3884 anima
1315 3829 1583 3898 quantum
1626 3823 1694 3879 ad
1725 3822 1842 3895 ejus
1865 3817 2266 3894 cognitionem;

267 3922 324 3978 et
350 3914 498 3974 cirea
521 3913 626 3974 hoo
649 3915 880 3992 quaesita
907 3921 1032 3974 sunt
1075 3913 1183 3980 duo
1214 3931 1229 3980 3
1263 3916 1324 3977 4⁰
1352 3920 1536 3973 utrum
1582 3912 1765 3972 anima
1805 3918 2059 3993 separata
2083 3926 2117 3970 a
2138 3926 2272 3974 cor-
