2800 4492
736 341 848 392 xil.
881 357 960 372 —
989 340 1416 391 cucumeris-uu
1464 341 1771 417 ἰ-ιιιιϊιιιιιἑ
2122 329 2249 403 ,209ι

235 463 343 548 gati
374 465 502 519 voto
533 457 617 518 vel
641 459 976 533 juramento,
1003 454 1214 531 possint
1239 451 1447 530 absque
1475 465 1703 534 peccato
1727 459 1782 516 in
1820 458 2021 518 saeculo
2058 478 2243 518 rema..

236 570 392 621 nere;
411 556 474 608 3⁰
495 557 679 608 utrum
697 548 858 606 liceat
867 552 1199 636 peccatores
1223 547 1294 603 ad
1318 545 1637 619 religionem
1664 548 1954 628 inducere3
1979 553 2038 606 ιο
2061 558 2243 618 utrum

236 646 458 719 peccent
481 639 577 718 qui
604 635 842 736 aliquem
863 641 1052 711 jurare
1081 633 1289 742 faciunt
1317 652 1385 693 ne
1410 631 1729 712 religionem
1758 637 2116 717 ingrediatur.

929 795 1386 880 ARTIOULUS
1428 818 1539 878 XI.
1608 801 1615 814 '

249 951 461 1024 Utrum
491 954 674 1019 liceat
709 951 990 1035 inducere
1025 949 1268 1025 §uveam
1296 949 1379 1014 ad
1403 949 1751 1033 reliqionem
1779 959 1915 1030 voto
1941 955 2037 1020 vel
2048 914 2245 1036 ,φίιιτι-

313 1049 529 1108 mento.
555 1042 805 1123 -(2-,2
832 1043 1048 1121 qmuoest
1073 1041 1212 1116 189,
1240 1044 1362 1103 ceo-‚t
1386 1041 1460 1117 23
1486 1043 1543 1104 et
1566 1059 1765 1120 opusc.
1793 1045 1889 1119 17,
1913 1061 2042 1124 cap.
2072 1048 2159 1128 3).

304 1179 386 1238 Ad
416 1176 656 1252 primum
681 1176 762 1234 sic
789 1174 1126 1249 proceditur.
1155 1175 1209 1230 l.
1239 1173 1467 1230 Videtur
1510 1175 1655 1252 quod
1688 1192 1794 1232 non
1828 1177 2034 1234 liceat
2012 1199 2246 1252 Juvenes

242 1269 494 1326 inducere
540 1266 610 1324 ad
653 1263 970 1336 religionem
999 1268 1126 1318 voto
1170 1262 1256 1319 vel
1301 1263 1634 1334 juramentO.
1676 1265 1931 1324 illicitum
1967 1269 2113 1338 enim
2160 1282 2244 1354 est

241 1364 424 1414 contra
467 1353 728 1428 Ecclesiae
776 1349 1194 1424 prohibitionem
1223 1367 1406 1424 agere.
1430 1351 1536 1408 Sed
1578 1352 1925 1410 Innocentius
1952 1356 2023 1414 lv
2056 1347 2246 1432 prehi-

241 1447 371 1510 buit‚
412 1446 467 1501 in
491 1440 821 1520 quibusdam
856 1438 1056 1496 litteris
1081 1438 1150 1495 ad
1175 1438 1466 1512 religiosos
1502 1440 1744 1508 directiS‚
1786 1441 2095 1515 hujusmodi
2130 1451 2243 1506 γοιῑ

241 1534 660 1615 susceptionem.
705 1531 847 1602 Engo
890 1537 1115 1602 peccant
1144 1529 1236 1602 qui
1282 1536 1411 1585 voto
1452 1534 1533 1586 vel
1557 1530 1871 1602 juramento
1918 1533 2131 1606 aliquos
2174 1539 2244 1604 ad

241 1625 558 1696 religionem
581 1619 823 1691 obligare
853 1625 1212 1694 praesumunt.

309 1719 363 1773 2.
396 1715 690 1778 Praeterea
720 1697 916 1766 Extra.
949 1707 1026 1762 De
1057 1705 1393 1779 regularibus
1422 1713 1471 1764 et
1495 1708 1890 1766 transeuntibus
1924 1711 1995 1767 ad
2019 1714 2245 1802 alipio-5

241 1821 373 1869 nem,
414 1817 539 1873 cap.
589 1815 629 1865 1,
678 1797 944 1853 dicitur:
990 1795 1189 1854 Nullus
1235 1781 1521 1853 tondentur
1564 1797 1671 1852 niti
1713 1798 1969 1876 legitima
1990 1807 2151 1860 oetate
2184 1791 2244 1871 εὶ

241 1898 527 1966 spontanea
565 1887 854 1943 voluntate.
899 1884 1004 1940 Sed
1043 1884 1276 1958 quando
1302 1883 1676 1942 adolescentes
1716 1887 1941 1960 obligati
1988 1899 2113 1948 voto
2158 1895 2244 1950 vel

236 1984 546 2053 juramento
565 1975 634 2034 ad
659 1970 976 2048 religionem
1001 1972 1392 2044 suscipiuntur,
1418 1977 1770 2030 tonsurantur
1792 1991 1895 2032 non
1920 1977 1976 2034 in
2002 1977 2245 2070 legitima

241 2077 403 2130 aetate
441 2081 620 2140 neque
649 2061 878 2138 propria
923 2049 1220 2128 voluntate,
1255 2061 1347 2118 sed
1385 2063 1709 2119 necessitate
1738 2063 2088 2138 obligationis
2130 2063 2245 2129 ‘toti

241 2157 323 2218 vel
341 2153 662 2229 juramenti.
694 2152 835 2222 Ergo
859 2151 962 2206 hoc
989 2139 1206 2206 videtur
1234 2165 1320 2206 ess
1324 2165 1353 2204 e
1380 2149 1654 2207 illicitum.

309 2251 363 2304 3.
404 2247 696 2308 Praeterea,
744 2239 917 2311 magis
943 2247 1028 2296 est
1067 2239 1439 2296 necessarium
1482 2243 1543 2295 ut
1584 2239 1753 2314 aliqui
1792 2241 2136 2302 adducantur
2177 2249 2246 2304 ad

245 2337 404 2394 iidem
441 2329 795 2389 christianam
837 2340 1004 2401 quam
1045 2327 1111 2384 ad
1159 2327 1399 2400 aliquam
1447 2325 1783 2398 religionem.
1826 2331 1931 2387 Sed
1971 2334 2041 2388 ad
2084 2335 2249 2392 fidem

244 2422 596 2482 christianam
619 2433 724 2474 non
749 2425 875 2474 sunt
902 2407 1071 2490 aliqui
1097 2415 1388 2472 inducendi
1420 2415 1767 2480 necessitate,
1802 2419 1901 2474 sed
1922 2419 2243 2482 voluntate.
2228 2442 2243 2457 ·

245 2513 446 2570 dicitur
487 2509 632 2565 enim
672 2523 783 2564 xnv
820 2499 972 2573 dist„
1005 2520 1128 2577 cap.
1176 2501 1238 2558 de
1272 2501 1497 2567 Judaei‘s,
1528 2503 1671 2576 quod
1702 2519 1807 2560 non
1846 2505 1922 2572 vi,
1963 2507 2054 2563 secl
2080 2508 2248 2576 libem

245 2600 416 2658 ani-mi
460 2598 730 2656 voluntate
771 2601 820 2654 et
845 2593 1104 2668 facultate
1131 2598 1191 2648 ut
1219 2597 1603 2648 convertantur
1628 2592 1885 2652 suadendi
1923 2604 2071 2654 sunit.
2102 2599 2244 2674 Ergo

247 2688 414 2746 multo
444 2687 625 2743 minus
651 2681 974 2754 imponenda
997 2687 1080 2739 est
1103 2673 1399 2738 necessitas
1426 2679 1538 2736 voti
1567 2679 1652 2736 vel
1670 2681 1969 2756 Juramenti
1994 2696 2050 2743 ut
2076 2687 2243 2764 aliqui

245 2779 311 2836 ad
339 2776 654 2848 religionem
685 2772 1046 2829 adducantur.

316 2869 369 2922 4.
396 2864 554 2930 Item,
586 2861 689 2917 hoc
713 2875 830 2916 esse
856 2859 1071 2915 videtur
1099 2864 1289 2914 contra
1317 2855 1659 2915 honestatem
1687 2859 1984 2932 religionis
2015 2867 2247 2924 Adoles-

245 2961 465 3012 centum
493 2951 638 3008 enim
667 2943 808 3006 sicut
847 2946 1024 3004 facilis
1059 2952 1142 3002 est
1172 2947 1457 3018 ingressus
1486 2944 1555 3003 ad
1596 2946 1929 3020 religionem,
1978 2953 2057 3010 ita
2082 2958 2249 3015 etjam
2324 2991 2327 2995 .

245 3043 421 3100 facitis
453 3046 538 3097 est
566 3043 716 3112 egres
721 3053 832 3096 sus.
868 3036 975 3095 Sed
999 3052 1066 3091 ex
1095 3035 1197 3091 hoc
1235 3034 1424 3108 religio
1453 3036 1797 3094 dehonestari
1824 3039 2061 3116 videtur,
2102 3049 2249 3118 quod

245 3134 312 3190 de
350 3129 497 3187 facili
527 3129 766 3212 recipiat
783 3136 878 3182 eos
906 3125 1000 3198 qui
1036 3123 1105 3180 de
1141 3122 1286 3180 sacili
1317 3129 1536 3182 exeunt.
1572 3123 1709 3196 Ergo
1752 3124 2137 3191 inconveniens
2164 3134 2252 3206 iri-,-

246 3220 404 3276 detur
431 3205 803 3275 adolescentes
833 3213 900 3270 ad
925 3211 1239 3284 religionem
1270 3213 1535 3285 recipere.
2231 3268 2238 3277 ‚

315 3311 370 3366 5
405 3309 698 3371 Praeterea,
733 3319 836 3360 non
872 3309 998 3360 sunt
1036 3299 1285 3358 facienda
1325 3300 1465 3358 bona
1496 3309 1555 3359 ut
1596 3302 1817 3362 veniant
1854 3307 2017 3366 mala.
2051 3311 2154 3370 Sed
2185 3330 2253 3372 ex

248 3399 351 3455 isto
378 3396 518 3473 bono
540 3393 720 3468 quod
701 3407 930 3464 Juvenes
955 3390 1288 3445 inducuntur
1309 3389 1376 3446 ad
1397 3388 1732 3460 religionem,
1757 3404 2062 3468 sequuntur
2080 3403 2253 3461 multa

249 3485 410 3554 mala,
442 3483 573 3557 quia
599 3486 934 3554 apostatant.
958 3476 1012 3534 e't
1037 3477 1352 3549 illegitimas
1381 3479 1599 3552 nuptias
1626 3481 1975 3553 contrahunt,
1998 3496 2059 3542 et
2081 3485 2256 3558 multa

249 3574 354 3632 alia
385 3570 574 3640 illicita
604 3568 974 3628 committunt.
1005 3565 1146 3637 Ergo
1174 3582 1279 3620 non
1311 3576 1439 3625 sunt
1473 3567 1543 3624 ad
1584 3569 1902 3642 religionem
1930 3573 2254 3634 advocandi.

317 3665 371 3722 (3.
403 3663 695 3728 Praeterea,
723 3656 914 3713 Matth.
948 3651 1122 3721 xxiii,
1153 3656 1240 3721 45,
1267 3649 1410 3712 dicit
1430 3656 1729 3715 Dominus:
1765 3659 1855 3716 Vre
1874 3661 2035 3726 vobis,
2062 3665 2259 3722 Scriboe
2306 3694 2309 3697 ·

248 3758 295 3806 et
323 3746 615 3813 Pharisoei,
655 3745 750 3820 qui
777 3739 1022 3801 circuitis
1061 3759 1210 3798 mare
1237 3748 1286 3798 et
1318 3744 1553 3810 aridam,
1584 3752 1645 3802 ut
1672 3745 1889 3816 faciatis
1918 3765 2083 3808 unum
2118 3770 2261 3826 pro-

249 3838 594 3912 selytum321
641 3833 758 3890 cum
798 3833 972 3908 fuerit
1010 3830 1206 3905 factus,
1249 3830 1462 3903 fucitis
1473 3849 1592 3890 eum
1618 3834 1794 3906 filium
1820 3836 2067 3907 gehennae
2102 3841 2263 3926 duplo

251 3939 406 4002 quum
428 3921 545 3996 vos,·
575 3924 725 4001 quod
753 3934 950 3995 propos
925 3919 1030 3978 sito
1059 3919 1276 3976 videtur
1297 3929 1649 4014 competere.
1681 3922 1989 4004 efficiuntur
2012 3928 2168 3986 enim
2182 3931 2263 3988 sic,

749 4037 800 4086 S.
833 4019 990 4085 ⁵l'noir.
1025 4023 1117 4090 Αό
1146 4037 1410 4084 opuscola.
1434 4059 1496 4073 -
1528 4037 1564 4085 ll
1622 4039 1769 4087 —u
