2800 4492
497 351 618 414 310
975 372 1032 422 s.
1069 372 1310 420 anonas
1327 372 1679 424 nomm-ms
1718 330 2027 424 onuscvbe
2566 343 2593 415 s

499 483 568 540 ad
595 499 801 559 corpus*
828 491 1075 545 nostrum
1099 488 1155 548 in
1187 489 1589 547 resurrectione
1628 486 1829 546 redibit
1872 494 2049 545 totum
2094 485 2240 560 quod
2264 481 2400 544 'fuit
2436 482 2519 544 do

505 575 736 632 veritate
759 576 1012 636 humanae
1036 586 1263 636 naturae.
1294 579 1529 651 Sanguis
1555 584 1740 635 autem
1769 577 1971 634 Christi
2004 575 2061 633 in
2084 576 2339 652 passione
2364 575 2521 632 effu-

503 679 614 732 sae,
651 664 704 720 in
736 668 1132 723 resurrectione
1155 669 1226 725 ad
1255 684 1454 742 corpus
1474 670 1592 740 ejus
1616 667 1861 724 redierit.

501 805 508 810 .
577 757 632 810 2.
665 755 954 820 Praeterea,
991 757 1228 814 Verbum
1274 758 1372 813 Dei
1416 771 1695 831 nunquam
1734 754 1987 830 deposuit
2028 755 2177 828 quod
2219 755 2275 810 iu
2322 725 2517 812 nostra

505 848 702 899 natura
730 845 1044 918 assumpsit,
1078 846 1323 919 partibus
1364 846 1619 903 humanae
1663 855 1879 903 naturae
1918 844 2248 902 abinvicem
2293 841 2347 900 in
2376 859 2517 917 pas-

505 929 658 986 sione
686 935 976 1005 separatis.
1001 934 1106 991 Sed
1135 935 1370 992 Verbum
1401 936 1498 992 Dei
1530 933 1825 1008 assumpsit
1853 933 1907 990 in
1946 939 2139 990 natura
2181 937 2367 990 nostra
2401 947 2517 988 non

499 1020 678 1080 solum
705 1037 920 1096 corpus,
953 1023 1049 1080 sed
1074 1024 1619 1096 etiam'sanguinem.
1648 1023 1791 1096 Ergo
1829 1024 2053 1095 sanguis
2095 1023 2185 1079 ille
2230 1036 2517 1095 nunquam

497 1109 611 1168 suit
639 1127 672 1166 a
701 1111 879 1168 Verbo
905 1113 1228 1186 depositusz
1259 1113 1424 1170 rediit
1453 1129 1583 1184 ergo
1608 1113 1714 1168 ad
1705 1129 1879 1185 ipsum
1912 1113 1966 1168 in
1996 1113 2415 1169 resurrectione.

577 1198 683 1256 Sed
711 1210 903 1258 contra
927 1212 1010 1259 est
1035 1202 1222 1275 quod
1210 1219 1266 1258 in
1295 1201 1569 1276 aliquibus
1590 1201 1851 1301 Ecclesiis
1873 1203 2097 1274 sanguis
2112 1201 2313 1259 Christi
2335 1217 2517 1274 usque

507 1286 668 1342 hodie
689 1288 891 1346 dicitur
913 1292 1141 1348 servari.

581 1379 902 1451 Respondeo
931 1381 1238 1470 dicepdum,
1271 1367 1457 1456 quod
1445 1398 1501 1437 in
1522 1348 1927 1438 resurrectione
1946 1387 2059 1438 tam
2097 1378 2298 1444 Christi
2342 1394 2517 1453 quam

503 1475 722 1537 nostra,
751 1475 924 1526 totum
953 1471 1099 1544 quod
1129 1471 1230 1526 fuit
1258 1470 1328 1526 de
1347 1471 1581 1526 veritate
1607 1471 1861 1528 humanae
1890 1478 2119 1537 naturae,
2136 1467 2515 1540 reparabitur,

515 1571 620 1612 non
650 1563 833 1614 autem
864 1558 955 1616 illa
989 1575 1114 1632 quae
1141 1560 1210 1615 de
1242 1560 1477 1616 veritate
1507 1559 1761 1616 humanae
1794 1568 2022 1627 naturae,
2064 1575 2174 1614 non
2207 1557 2427 1616 fuerunt
2454 1561 2519 1613 et

513 1648 767 1718 quamvis
808 1649 954 1705 circa
981 1665 1046 1704 ea
1076 1664 1202 1720 quae
1239 1657 1365 1706 sunt
1394 1650 1463 1705 de
1501 1650 1733 1705 veritate
1762 1647 2013 1706 humanae
2052 1655 2281 1716 naturae,
2308 1647 2383 1702 sit
2420 1645 2519 1701 di-

516 1747 672 1790 versa
688 1734 1027 1791 diversorum
1043 1737 1254 1810 opinio;
1278 1737 1578 1792 secundum
1599 1736 1897 1810 quamlibet
1912 1736 2217 1809 opinionem
2238 1749 2344 1790 non
2366 1738 2519 1788 totus

507 1824 738 1892 sanguis
772 1823 1190 1891 nutrimentalis‚
1219 1826 1274 1880 id
1303 1835 1387 1882 est
1416 1827 1509 1897 qui
1552 1843 1620 1882 ex
1650 1823 1787 1882 cibis
1828 1830 2139 1897 generatur,
2158 1823 2396 1896 pertinet
2440 1821 2518 1876 ad

519 1911 805 1967 veritatem
851 1912 1102 1970 humanae
1143 1919 1373 1971 naturae.
1401 1916 1537 1971 Cum
1578 1931 1708 1986 ergo
1750 1914 1996 1972 Christus
2038 1918 2166 1968 ante
2206 1911 2521 1985 passionem

503 1999 816 2056 ‚comederit
839 2007 895 2056 et
915 1999 1274 2074 biberit‚ni·hil
1298 2002 1546 2075 prohibet
1570 2003 1623 2058 in
1648 2017 1713 2058 eo
1744 2001 1909 2058 fuisse
1933 2001 2169 2074 aliquem
2194 1998 2521 2070 sanguinem

519 2089 980 2157 nutrimentalem,
1007 2091 1099 2164 qui
1134 2091 1203 2147 ad
1229 2092 1519 2148 veritatem
1554 2092 1805 2148 humanae
1842 2099 2052 2146 naturae
2098 2104 2204 2144 non
2254 2087 2517 2160 pertinet,

519 2183 576 2232 et
598 2194 759 2249 quem
789 2185 1064 2251 oporteret
1091 2169 1378 2254 adcorp'us
1403 2183 1519 2254 ejus
1548 2181 1602 2237 in
1632 2181 2030 2236 resurrectione
2056 2179 2254 2234 redire.

589 2265 693 2321 Sed
723 2267 849 2339 quia
879 2269 1187 2341 specialiter
1219 2269 1280 2325 lit
1309 2269 1544 2344 quaestio
1573 2270 1641 2324 de
1682 2269 1943 2340 sanguine
1985 2268 2041 2323 in
2071 2267 2322 2338 passione
2345 2265 2521 2320 effuso

520 2370 618 2423 pro
648 2355 1019 2430 redemptione
1048 2349 1266 2414 humani
1291 2357 1534 2430 generi33
1563 2359 1629 2413 de
1657 2352 1761 2413 hoc
1789 2359 1961 2428 magis
1984 2356 2274 2412 dicendum
2301 2345 2525 2411 videtur

505 2445 665 2518 3quod
705 2454 854 2502 totus
901 2449 952 2502 in
998 2450 1395 2504 resurrectione
1435 2446 1503 2504 ad
1541 2463 1737 2520 corpus
1784 2445 1981 2502 Christi
2034 2445 2279 2510 redierit}
2316 2442 2521 2514 tripiici

522 2536 752 2606 ratione.
776 2538 1016 2606 Quarum
1052 2539 1227 2610 prima
1270 2537 1443 2609 accipi
1484 2545 1663 2609 potest
1703 2553 1771 2592 ex
1806 2542 1971 2592 ae'tate
1997 2534 2198 2590 Christi
2235 2532 2519 2605 patientis.

521 2624 717 2680 Passus
746 2631 829 2680 est
855 2627 999 2681 enim
1023 2627 1077 2682 in
1108 2626 1501 2697 perfectissima
1524 2631 1707 2691 aetate,
1733 2625 1787 2680 in
1810 2640 1919 2697 qua
1958 2622 2193 2678 maxime
2218 2637 2281 2679 ea
2313 2637 2437 2694 quae
2459 2620 2521 2676 in

518 2712 734 2768 homine
771 2715 1139 2779 inveniuntur,
1167 2715 1236 2772 ad
1277 2715 1566 2772 veritatem
1606 2714 1855 2771 humanae
1885 2722 2095 2771 naturae
2125 2710 2397 2784 pertinere
2426 2709 2525 2765 vi-

519 2802 736 2872 dentur,
767 2811 1052 2878 tamquam
1089 2804 1156 2860 ad
1204 2805 1496 2878 maximam
1534 2804 1918 2876 perfectionem
1962 2803 2219 2860 adducta.
2266 2799 2521 2858 Secunda

517 2890 750 2946 sumitur
779 2908 846 2947 ex
874 2893 1066 2948 merito
1106 2893 1392 2965 passionis.
1424 2894 1478 2951 Si
1521 2894 1666 2949 enim
1700 2894 2021 2950 Sanctorum
2068 2893 2369 2965 Martyrum
2405 2888 2521 2951 illae

520 2987 704 3053 partes
739 2983 792 3038 in
831 2983 1027 3056 quibus
1058 2985 1362 3056 passionem
1404 3000 1504 3057 pro
1546 2983 1760 3040 Christo
1795 2983 2188 3048 sustinuerunt,
2222 2978 2521 3054 quemdam

522 3073 922 3145 privilegiatum
968 3074 1230 3146 fulgorem
1273 3075 1326 3129 in
1375 3074 1773 3130 resurrectione
1817 3072 2037 3138 habent,
2078 3078 2136 3126 ut
2179 3070 2523 3142 Augustinus

522 3160 674 3226 dicit,
695 3176 800 3216 xxi
831 3161 898 3217 de
921 3162 1152 3225 civitate,
1173 3161 1271 3216 Dei
1289 3179 1301 3228 ;
1318 3177 1448 3234 ergo
1476 3162 1648 3218 multo
1674 3161 1847 3232 magis
1871 3159 2093 3232 sanguis
2116 3158 2336 3228 Christi,
2352 3172 2522 3230 quem

521 3263 618 3320 pro
643 3247 818 3304 salute
861 3249 1082 3305 humani
1120 3251 1333 3322 generis
1369 3249 1675 3318 effudit,'ad
1724 3248 2013 3322 gloriosam
2062 3246 2525 3304 resurrectionem

523 3344 804 3408 reparatus
832 3345 936 3393 est.
963 3338 1146 3395 Tertia
1173 3341 1312 3396 ratio
1345 3346 1528 3413 potest
1568 3336 1708 3395 sumi
1739 3355 1804 3394 ex
1846 3339 1962 3412 ipsa
1992 3338 2196 3395 virtute
2224 3335 2523 3410 passionis-

517 3425 748 3497 Sanguis
774 3426 919 3482 enim
948 3426 1037 3482 ille
1070 3429 1122 3482 in
1152 3430 1402 3502 passione
1432 3429 1634 3484 effusus
1672 3428 1968 3484 humanum
1997 3442 2168 3499 genus
2200 3423 2526 3483 sanctifica-

519 3517 619 3580 vit,
650 3516 949 3573 secundum
982 3517 1112 3573 illud
1154 3517 1222 3574 ad
1251 3518 1386 3574 Hob.
1425 3519 1522 3574 ult.
1554 3534 1643 3575 xu
1677 3535 1688 3572 :
1717 3518 1891 3582 Iesus,
1919 3523 1981 3574 ut
2021 3517 2382 3589 sanctificaret
2415 3532 2527 3588 per

515 3605 827 3676 sanquinem
847 3623 1006 3678 ⁴suum
1026 3607 1299 3679 populum,
1318 3614 1479 3662 >extra
1498 3613 1711 3679 portam
1730 3622 1919 3678 passus
1940 3613 2035 3661 est.
2062 3607 2385 3663 Humanitas
2413 3621 2529 3662 au-

507 3701 628 3754 tem
671 3694 869 3751 Christi
914 3695 1250 3762 salutiferam
1297 3697 1559 3751 virtutem
1600 3696 1791 3752 habuit
1834 3711 1900 3750 ex
1950 3695 2152 3752 virtute
2197 3694 2361 3751 Verbi
2410 3695 2526 3752 sibi

518 3787 674 3851 uniti,
707 3794 768 3840 ut
794 3786 1161 3841 Damascenus
1188 3786 1324 3841 dicit
1354 3787 1409 3841 in
1450 3786 1521 3841 111
1553 3784 1644 3840 lib.
1671 3785 1826 3843 Unde
1856 3785 2203 3842 manifestum
2244 3793 2327 3843 est
2369 3785 2525 3857 quod

515 3872 736 3942 sanguis
759 3872 816 3928 in
845 3873 1332 3945 passioneeffusus,
1366 3873 1461 3946 qui
1492 3877 1725 3931 maxime
1759 3875 1863 3931 suit
1886 3874 2137 3941 salubriS,
2166 3873 2268 3930 fuit
2300 3874 2529 3930 Divinis-

513 3961 613 4026 tati
639 3960 860 4032 unitus3
889 3967 946 4018 et
972 3963 1096 4021 ideo
1119 3964 1362 4036 oportuit
1382 3963 1527 4038 quod
1544 3964 1599 4021 in
1622 3964 2025 4022 resurrectione
2041 3966 2367 4038 jungeretur
2393 3963 2527 4032 aliis
