2800 4492
859 328 972 374 xn.
1005 341 1084 357 —
1112 325 1540 394 eunomus-‘rma
1569 325 1893 394 ‘strenuum
2036 333 2044 342 ·
2258 314 2377 374 405

351 452 570 506 natura
597 442 932 502 sufficienter
962 443 1337 517 provideritin
1366 441 1453 499 his
1498 459 1622 515 quae
1664 442 1734 500 ad
1778 445 2231 501 sustentationem
2263 461 2378 504 suae

353 537 504 594 vitae
527 531 800 609 pertinent
829 533 882 588 in
907 532 1046 588 cibis
1069 538 1125 587 et
1149 530 1317 587 armis
1345 536 1400 585 et
1426 531 1786 602 tegumentis;
1820 532 2022 588 bomini
2058 533 2113 590 in
2141 534 2228 590 his
2269 550 2375 591 non

355 625 629 700 providit,
651 623 781 697 quia
808 622 926 695 ipse
955 628 1039 678 est
1064 621 1327 694 praeditus
1356 621 1586 688 ratione,
1611 637 1707 694 per
1729 636 1894 694 quam
1921 620 2024 678 sibi
2050 631 2227 694 potest
2247 638 2380 696 pro-

357 715 559 771 videre
583 713 638 768 in
660 711 911 768 omnibus
938 709 1301 783 supradictis;
1324 709 1468 765 unde
1492 718 1546 766 et
1570 709 1676 766 erit
1700 709 1804 766 sibi
1822 710 1939 767 loco
1960 711 2203 767 omnium
2229 728 2379 785 prae-

353 804 644 861 dictorum
675 814 867 856 manus
899 797 1230 855 conveniens
1258 797 1325 854 ad
1353 795 1570 855 diversa
1608 813 1792 870 opera,
1826 797 2025 871 quibus
2060 801 2380 873 conceptio-

355 907 470 949 nes
524 889 752 946 rationis
801 887 1034 944 diversis
1097 885 1348 943 artificiis
1412 893 1744 966 exequatur;
1797 893 1859 942 ut
1904 885 2106 944 dicitur
2154 902 2255 946 xiv
2308 890 2377 946 de

357 978 736 1038 Animalibus.

441 1068 733 1126 Sciendum
760 1073 943 1122 tamen
968 1073 1070 1132 est,
1100 1063 1246 1138 quod
1275 1063 1475 1136 duplex
1496 1073 1578 1120 est
1609 1070 1945 1137 praeceptum
1972 1063 2107 1137 legis
2144 1074 2377 1126 naturae.

363 1157 660 1229 Quoddam
686 1154 830 1228 quod
861 1153 1148 1209 ordinatur
1175 1153 1245 1209 ad
1277 1152 1577 1210 tollendum
1600 1152 1875 1209 defectum
1906 1154 2066 1210 unius
2091 1155 2381 1228 singularis

366 1261 650 1322 personae3
683 1243 766 1299 vel
791 1241 1096 1315 spirituale,
1124 1242 1268 1298 sicut
1293 1241 1360 1297 de
1387 1241 1604 1326 actibus
1630 1242 1928 1311 virtutum;
1956 1241 2043 1298 vel
2075 1246 2374 1315 corporale,

367 1338 516 1394 sicut
556 1340 891 1408 praecepturn
937 1330 1083 1404 quod
1122 1329 1386 1386 Dominus
1433 1329 1585 1385 dedit
1624 1330 1849 1398 homini,
1886 1331 2026 1388 Gen.
2069 1348 2133 1399 11,
2166 1334 2233 1389 ⁴6
2266 1334 2381 1390 :De
2449 1349 2453 1356 ·

367 1423 518 1482 omni
538 1424 682 1494 liano
706 1419 842 1492 quod
872 1426 948 1475 est
976 1417 1036 1472 in
1059 1416 1340 1490 paradiso,
1368 1417 1568 1474 comede
1597 1426 1705 1474 etc.
1736 1417 1896 1474 Aliud
1930 1435 2061 1476 vero
2105 1426 2189 1476 est
2235 1423 2379 1494 quod

371 1509 750 1583 ordinaturtad
791 1507 1087 1564 tollendum
1111 1505 1386 1562 defectum
1438 1507 1607 1562 totius
1654 1507 1877 1578 speciei,
1910 1506 2053 1563 sicut
2091 1507 2193 1565 boc
2234 1511 2380 1582 quod

372 1601 575 1658 dicitur
604 1599 742 1655 Gen.
773 1613 810 1662 ι,
841 1601 907 1654 28
943 1612 956 1649 :
991 1593 1245 1659 Crescite,
1275 1601 1325 1651 et
1353 1593 1810 1667 multiplicamini,
1840 1601 1893 1652 et
1921 1596 2113 1668 replete
2146 1604 2378 1666 terram‚·

375 1693 426 1747 in
455 1690 561 1746 boc
588 1687 733 1744 enim
779 1685 1096 1759 praecipitur
1138 1690 1294 1740 actus
1334 1683 1721 1755 generationis,
1764 1699 1872 1756 quo
1904 1693 2100 1741 natura
2138 1685 2383 1744 salvatur

374 1787 427 1834 et
453 1773 869 1848 multiplicatur.
894 1772 1008 1827 Hoc
1037 1777 1224 1827 autem
1263 1769 1491 1827 interest
1528 1770 1671 1825 inter
1709 1769 1827 1826 haec
1872 1770 1980 1826 duo
2008 1788 2207 1844 genera
2238 1790 2381 1847 prae-

373 1873 680 1939 ceptorum,
710 1860 841 1934 quia
885 1859 1122 1932 primum
1148 1866 1483 1931 praeceptum
1511 1858 1644 1930 legis
1674 1866 1886 1939 naturas·
1911 1861 2140 1933 quilibet
2167 1871 2382 1921 tenetur

373 1953 727 2025 singulariter
749 1948 1059 2013 observare,
1094 1947 1188 2003 sed
1227 1947 1297 2004 ad
1335 1947 1635 2003 secundum
1669 1958 2003 2021 praeceptum
2033 1964 2139 2006 non
2165 1960 2381 2008 tenetur

375 2041 609 2117 quilibet
655 2037 1027 2110 singulariter.
1069 2036 1130 2090 ln
1173 2035 1258 2091 his
1307 2037 1453 2090 enim
1492 2051 1617 2108 quae
1670 2039 1943 2108 pertinent
1999 2039 2067 2094 ad
2118 2043 2378 2113 speciem,

375 2146 566 2188 omnes
593 2128 840 2184 homines
863 2123 1218 2196 computandi
1241 2130 1370 2179 sunt
1399 2122 1558 2196 quasi
1585 2140 1722 2179 unus
1745 2125 1907 2181 homo
1931 2128 2385 2203 :participatione

373 2222 520 2278 enirn
545 2217 746 2292 speciei
773 2213 1229 2288 pluresnhornines
1262 2219 1387 2269 sunt
1416 2228 1554 2268 unus
1582 2212 1761 2277 home,
1798 2222 1856 2269 ut
1890 2213 2025 2270 dicit
2056 2218 2383 2293 Porphyrius

377 2312 434 2366 in
456 2324 580 2380 cap.
612 2305 680 2360 de
709 2304 909 2377 specie.
937 2304 1089 2359 Sicut
1115 2306 1298 2357 autem
1325 2301 1485 2357 homo
1516 2317 1655 2356 unus
1677 2299 1840 2377 habet
1870 2302 2084 2361 diversa
2116 2309 2375 2378 membra,

376 2398 578 2472 quibus
597 2399 894 2464 occupatur
925 2391 977 2445 in
1003 2389 1236 2446 diversis
1264 2388 1458 2444 officiis
1505 2388 1773 2445 ordinatis
1820 2389 1887 2446 ad
1918 2391 2212 2450 tollendum
2250 2413 2380 2469 pro-

378 2488 560 2559 prium
595 2481 888 2543 defectum,
917 2494 1044 2550 quae
1085 2493 1194 2533 non
1239 2484 1465 2549 possunt
1511 2477 1693 2532 omnia
1740 2494 1835 2550 per
1879 2494 2043 2535 unum
2081 2484 2381 2540 membrum

379 2573 643 2638 exerceri,
677 2571 820 2625 sicut
855 2567 1046 2624 oculus
1079 2565 1230 2620 videt
1273 2573 1449 2621 totum
1494 2581 1710 2638 corpuS,
1740 2572 1796 2622 et
1834 2583 1929 2639 pes
1969 2575 2143 2624 totum
2189 2587 2386 2645 corpus

379 2668 594 2738 portat3
618 2660 696 2715 ita
721 2662 936 2732 oportet
957 2671 1076 2713 esse
1092 2655 1144 2710 in
1166 2655 1249 2710 his
1264 2669 1389 2726 quae
1410 2653 1479 2710 ad
1502 2660 1672 2710 totam
1694 2655 1932 2726 speciem
1950 2659 2243 2730 pertinent.
2262 2663 2382 2718 Non

380 2754 528 2810 enim
574 2749 847 2806 sufficeret
872 2763 1012 2803 unus
1052 2744 1214 2801 homo
1253 2745 1320 2800 ad
1349 2745 1652 2802 exercenda
1680 2747 1863 2804 omnia
1906 2748 2105 2821 quibus
2149 2753 2385 2811 bumana

380 2843 621 2899 societas
643 2837 850 2907 indige-t
866 2853 880 2904 ;
899 2841 956 2891 et
977 2833 1100 2889 ideo
1125 2832 1356 2892 diversis
1375 2833 1571 2891 officiis
1592 2842 1809 2907 oportet
1836 2839 2093 2910 occupari
2116 2840 2383 2913 diversos,

385 2941 445 2986 nt
476 2929 678 2984 dicitur
709 2925 774 2981 ad
805 2924 1079 2980 Romanos
1109 2937 1220 2992 xit,
1246 2924 1277 2978 4
1310 2939 1324 2977 ε
1356 2921 1504 2981 Sicut
1555 2923 1695 2980 enim
1736 2924 1797 2980 in
1831 2942 1939 2982 utto
1966 2943 2185 3000 corpore
2222 2933 2388 2987 multa

383 3019 649 3081 habemus,
685 3011 863 3069 omnia
903 3017 1081 3067 autem
1122 3011 1355 3066 membra
1396 3029 1503 3066 non
1548 3012 1780 3068 cumdem
1822 3021 2000 3070 actum
2044 3016 2258 3087 babeam
2308 3020 2389 3075 ita

385 3107 545 3164 multi
561 3121 729 3160 unum
756 3117 944 3173 corpus
966 3115 1148 3156 sumus
1171 3101 1228 3155 in
1255 3099 1505 3167 Christ03
1534 3100 1733 3172 singuli
1774 3109 1951 3158 cutem
1992 3104 2133 3160 alter
2164 3107 2391 3164 alterins

384 3195 636 3258 membra,
663 3190 906 3247 habentes
927 3196 1105 3245 autem
1129 3187 1438 3244 donationes
1451 3188 1733 3244 secundum
1755 3190 1989 3262 qratiam
2020 3209 2135 3266 quae
2161 3195 2290 3251 data
2315 3203 2392 3252 est

388 3283 554 3348 nobis,
584 3281 901 3352 differentes.
934 3278 1066 3334 Haec
1103 3283 1288 3332 autem
1317 3275 1705 3333 diversificatio
1744 3277 2023 3337 bominum
2066 3283 2119 3338 in
2160 3285 2392 3342 diversis

388 3371 583 3427 officiis
615 3368 886 3438 contingit
924 3365 1101 3439 primo
1129 3381 1196 3420 ex
1226 3364 1415 3421 divina
1447 3365 1811 3439 providentia,
1841 3386 1966 3442 quae
2004 3371 2083 3428 ita
2113 3371 2394 3430 hominum
2456 3375 2461 3378 ’

389 3466 568 3516 status
591 3455 892 3520 distribuit,
919 3460 981 3508 ut
1025 3452 1155 3508 nihil
1193 3469 1434 3526 unquam
1466 3453 1659 3511 deesse
1699 3456 2007 3527 inveniatur
2036 3460 2104 3515 de
2136 3471 2396 3517 necessa·-

389 3547 487 3602 riis
529 3545 597 3602 ad
627 3546 836 3611 vitam;
868 3541 1107 3598 secundo
1147 3542 1315 3598 etiam
1361 3559 1429 3597 ex
1479 3544 1660 3600 causis
1698 3546 2060 3614 naturalibuS,
2092 3549 2395 3621 exquibus

390 3634 660 3706 contingit
687 3634 830 3705 quod
876 3629 930 3686 in
973 3630 1204 3686 diversis
1242 3630 1551 3688 hominibus
1588 3640 1715 3688 sunt
1744 3633 1979 3692 diversae
2016 3629 2396 3694 inclinationes

391 3723 461 3781 ad
487 3723 704 3778 diversa
729 3720 927 3787 officia,
959 3718 1055 3778 vel,
1071 3720 1139 3775 ad
1168 3719 1415 3776 diversos
1445 3721 1634 3776 modos
1662 3720 1911 3790 vivendi(

465 3811 605 3881 Quia
628 3826 758 3884 ergo
793 3807 976 3866 labore
1005 3819 1265 3865 manuum
1304 3809 1711 3886 aliquispotest
1751 3808 2040 3868 subvenire
2077 3816 2134 3868 et
2178 3814 2397 3888 proprio

395 3899 634 3956 delectui
663 3905 716 3955 et
757 3899 965 3970 alien03
1009 3913 1132 3956 curn
1169 3914 1276 3955 non
1322 3899 1496 3971 possit
1544 3913 1683 3953 unus
1713 3898 1873 3955 bomo
1909 3899 1962 3954 in
2010 3901 2262 3960 omnibus
2293 3903 2399 3960 sibi
