2800 4492
725 322 814 366 ιιι.
846 338 925 350 -
951 321 1019 364 ιιι
1068 319 1338 363 nonnum
1378 320 1456 363 nn
1499 320 1825 366 rium-run
2200 308 2274 367 81

269 439 422 505 ralis,
449 454 514 496 eo
539 437 686 512 quod
715 434 1163 493 mathematicam
1195 433 1356 490 facile
1386 439 1612 506 possunt
1641 434 1926 494 addiscere
1968 438 2143 511 pueri,
2168 456 2275 497 non

269 533 457 585 autem
486 524 810 591 naturalem,
839 523 945 579 nisi
973 522 1239 596 provecti,
1273 529 1333 578 ut
1361 520 1563 577 dicitur
1588 538 1648 579 v1
1676 522 1823 580 Ethi.
1853 526 2011 581 Unde
2038 535 2094 583 et
2132 530 2277 601 apud

269 616 527 689 antiquos
550 614 642 671 hic
663 613 796 671 ordo
825 612 882 667 in
910 610 1279 683 adipiscendis
1305 610 1553 669 scientiis
1580 609 1749 668 fuisse
1780 612 1986 670 dicitur
2012 615 2277 673 observa-

268 711 379 772 tuS,
410 711 470 759 ut
497 704 674 776 primo
697 701 892 773 logica,
920 699 1119 757 deinde
1141 694 1553 765 mathematica,
1584 700 1747 758 tertio
1772 702 2056 771 naturalis,
2085 712 2277 777 postea

268 792 495 849 moralis
535 791 929 854 addisceretur,
963 796 1017 843 et
1048 788 1270 844 tandem
1301 786 1507 843 divinae
1534 787 1781 853 scientiae
1806 789 2055 849 homines
2082 794 2278 851 stude-

267 888 424 949 reut;
455 894 586 951 ergo
623 876 1066 934 mathematicam
1108 873 1343 931 naturali
1375 874 1625 933 scientiae
1664 878 2034 948 praeordinare
2062 880 2271 939 debuit.

339 969 445 1027 Sed
473 976 682 1033 contra,
716 966 862 1038 quod
889 964 1008 1021 haec
1035 963 1232 1020 divisio
1261 961 1537 1019 sufficiens
1565 964 1638 1018 sit
1662 964 1925 1037 probatur
1946 984 2046 1040 per
2068 969 2271 1027 philos

266 1074 332 1116 v1
352 1060 506 1123 Met„
533 1056 624 1112 ubi
649 1054 786 1110 dicit
807 1053 951 1125 quod
982 1057 1094 1109 t-res
1117 1054 1280 1107 erunt
1297 1050 1655 1123 philosophiae
1682 1060 1738 1109 et
1764 1054 2041 1171 theoricae,
2070 1059 2272 1117 mathe-

268 1148 492 1211 matica,
519 1144 765 1217 physica,
796 1148 852 1198 et
878 1139 1172 1211 theologia.
1690 1166 1696 1171 -
1944 1178 1953 1185 .

340 1238 496 1300 Item,
529 1248 570 1288 ιι
611 1232 745 1303 Phy.
772 1236 829 1285 et
869 1228 1233 1285 communiter
1273 1228 1579 1288 secundum
1612 1228 1813 1287 Philos.
1855 1241 2132 1306 ponuntur
2162 1244 2275 1298 tres

267 1322 418 1380 modi
439 1316 809 1397 scientiarum,
842 1317 936 1389 qui
963 1315 1131 1371 etiam
1153 1315 1225 1373 ad
1251 1315 1352 1373 has
1381 1322 1495 1373 tres
1521 1316 1778 1375 videntur
1803 1322 2097 1393 pertinere.

339 1414 496 1476 item,
524 1409 692 1495 etiam
725 1405 1050 1463 Ptolemaeus
1077 1404 1146 1460 in
1186 1404 1455 1478 principio
1498 1404 1799 1479 Almagesti
1849 1408 1955 1467 hac
2004 1412 2273 1475 divisione

266 1502 464 1557 utitur.

339 1587 661 1660 Respondeo
684 1583 996 1650 dicendum,
1023 1581 1170 1655 quod
1217 1580 1514 1648 theoricus,
1542 1580 1659 1637 sive
1683 1583 2071 1655 speculativus
2106 1590 2269 1649 intel-

268 1677 462 1743 lectuS‚
489 1675 545 1730 in
578 1672 682 1729 hoc
723 1671 938 1744 proprie
981 1671 1050 1726 ab
1095 1670 1397 1742 operativo‚
1447 1670 1563 1726 sive
1609 1672 1852 1743 practico
1893 1674 2269 1749 distinguitur,

267 1763 416 1839 quod
457 1760 826 1835 speculativus
878 1757 1044 1815 habet
1095 1774 1192 1829 pro
1249 1757 1355 1813 fine
1396 1756 1688 1814 veritatem
1730 1776 1899 1833 quam
1939 1766 2269 1836 considerat,

264 1854 545 1927 practicus
570 1856 754 1905 autem
781 1848 1074 1904 veritatem
1115 1846 1519 1903 consideratam
1544 1847 1761 1905 ordinat
1803 1849 1859 1904 iu
1896 1856 2271 1925 operationem

266 1949 532 2014 tanquam
560 1940 616 1993 in
643 1938 803 1993 finem
833 1954 845 1990 ε
873 1942 929 1991 et
953 1934 1077 1991 ideo
1096 1934 1228 1991 dicit
1258 1934 1458 1991 PhiloS.
1492 1951 1562 1993 ιιι
1586 1935 1655 1991 de
1682 1937 1899 2009 Anima,
1928 1943 2074 2013 quod
2110 1945 2271 2003 diffe-

265 2037 396 2087 runt
426 2029 494 2085 ad
524 2028 760 2083 invicem
788 2024 894 2079 fine
927 2041 940 2078 z
973 2029 1028 2078 et
1056 2023 1113 2078 in
1141 2038 1184 2080 ιι
1227 2024 1392 2081 Meta.
1421 2022 1645 2092 dicitur,
1676 2027 1823 2097 quod
1851 2027 1976 2084 finis
2017 2034 2271 2105 specula-

266 2121 401 2177 tivae
427 2125 510 2173 est
538 2116 761 2179 verit-as»,
795 2112 919 2168 finis
941 2110 1260 2183 operativae,
1289 2112 1404 2167 sive
1442 2111 1707 2184 practicae
1742 2115 1908 2172 actio.
1941 2119 2076 2177 Cum
2104 2122 2273 2194 igitur

264 2212 519 2281 oporteat
547 2203 834 2260 materiam
859 2200 952 2256 fini
993 2214 1114 2256 esse
1142 2200 1630 2272 proportionatam,
1663 2211 1879 2275 oportet
1908 2210 2273 2277 practicarum

264 2296 620 2353 scientiarum
650 2290 938 2347 materiam
965 2303 1087 2345 esse
1116 2304 1204 2343 res
1233 2288 1356 2344 illas
1382 2304 1509 2361 quae
1532 2300 1567 2347 a
1592 2297 1781 2348 nostro
1805 2308 1969 2366 opere
1996 2298 2112 2354 fieri
2142 2318 2271 2375 pos..

265 2391 416 2453 sunt,
444 2392 503 2439 ut
528 2395 717 2438 earum
760 2376 998 2449 cognitio
1027 2376 1082 2433 in
1112 2377 1485 2449 operationem
1527 2379 1685 2450 quasi
1722 2379 1779 2434 in
1826 2367 1993 2439 tinen?
2030 2388 2270 2447 ordinari

265 2474 460 2547 possit.
499 2466 971 2543 Speculativarum
1006 2480 1137 2521 vero
1172 2464 1527 2520 scientiarum
1564 2466 1849 2525 materiam
1890 2478 2107 2543 oportet
2152 2493 2271 2533 esso

264 2578 357 2619 res
383 2576 509 2634 quae
545 2575 576 2615 a
611 2562 796 2613 nostro
823 2570 986 2627 opere
1027 2568 1135 2609 non
1175 2552 1316 2609 fiunt
1347 2568 1361 2607 z
1396 2550 1538 2607 unde
1588 2568 1777 2611 earum
1822 2559 2187 2621 consideratio
2210 2568 2266 2622 in

263 2650 641 2723 operationem
695 2642 934 2702 ordinari
980 2656 1088 2697 non
1129 2647 1310 2713 potest
1349 2640 1491 2697 sicut
1536 2640 1596 2697 in
1644 2641 1825 2713 finem,
1865 2653 1922 2703 et
1968 2652 2266 2711 secundum

263 2738 463 2795 harum
497 2749 682 2791 rerum
729 2730 1138 2788 distinctionem
1183 2734 1400 2801 oportet
1442 2729 1700 2787 scientias
1744 2734 2111 2805 speculativas
2148 2742 2269 2799 dis-

264 2826 466 2898 tingui.

337 2914 630 2973 Sciendum
654 2916 855 2975 tamen,
880 2906 1028 2980 quod
1055 2905 1275 2979 quando
1304 2904 1543 2974 habitus,
1572 2908 1661 2967 vel
1690 2912 1951 2981 potentiae
1978 2932 2145 2989 penes
2168 2920 2267 2978 ob-

259 3007 414 3077 jecta
437 3002 865 3071 distinguuntur,
893 3011 1001 3052 non
1038 2995 1449 3067 distinguuntur
1485 3011 1651 3068 penes
1696 2999 1969 3070 quaslibet
2010 3004 2267 3066 differen-

267 3094 377 3149 tias
404 3091 762 3162 objectorum,
792 3085 889 3141 sed
919 3100 1085 3157 penes
1114 3083 1235 3139 illas
1263 3098 1389 3165 quae
1431 3090 1557 3140 sunt
1598 3101 1696 3158 per
1738 3102 1797 3143 se
1834 3089 2173 3161 objectorum
2213 3098 2267 3155 in

265 3186 535 3257 quantum
577 3182 704 3232 sunt
745 3174 981 3245 objecta.
1015 3172 1150 3229 Esse
1191 3172 1336 3227 enim
1384 3172 1604 3241 animal,
1648 3173 1736 3232 vel
1777 3175 2018 3248 plantam
2068 3187 2269 3245 accidit,

264 3265 513 3327 sensibili
537 3265 592 3320 in
621 3270 888 3336 quantum
917 3267 1001 3316 est
1025 3259 1298 3327 sensibile,
1329 3265 1385 3315 et
1416 3260 1538 3318 ideo
1561 3277 1729 3334 penes
1763 3264 2001 3326 hoc'non
2034 3276 2269 3335 sumitur

264 3354 575 3415 differentia
603 3366 880 3415 sensuum,
921 3348 1017 3405 sed
1060 3348 1236 3419 magis
1274 3349 1575 3405 secundum
1612 3351 1947 3412 differentias
1992 3360 2190 3420 coloris
2213 3373 2270 3422 et

264 3446 432 3505 soni.
461 3436 515 3499 et
544 3441 667 3497 ideo
691 3444 908 3539 oportet
932 3436 1192 3493 scientias
1214 3435 1581 3509 speculativas
1604 3437 1775 3495 dividi
1814 3459 1912 3515 per
1938 3446 2271 3512 differentias

264 3528 744 3609 speculabilium,
730 3544 787 3583 m
825 3532 1096 3601 quantum
1122 3533 1249 3581 sunt
1291 3525 1663 3596 speculabilia.
1696 3530 2045 3601 speculabili
2064 3548 2267 3613 autem,

264 3620 569 3681 secundum
597 3617 743 3691 quod
768 3622 853 3672 est
879 3615 1157 3686 objectum
1189 3612 1545 3685 speculativae
1572 3620 1853 3688 potentiae,
1881 3622 2089 3697 aliquid
2118 3645 2273 3687 com-

267 3712 407 3796 petit
448 3725 514 3765 ex
551 3714 706 3781 parte
748 3703 1012 3779 potentiae
1051 3700 1421 3768 intellectivae‚
1456 3708 1511 3757 et
1535 3702 1742 3777 aliquid
1768 3723 1836 3763 ex
1870 3721 2027 3781 parte
2056 3714 2274 3775 habitus

264 3792 518 3857 scientiae
555 3811 666 3869 quo
705 3792 1016 3850 intellectus
1063 3788 1363 3861 perficitur.
1393 3790 1478 3846 Ex
1522 3801 1676 3863 parte
1723 3796 1925 3870 quippe
1966 3800 2275 3863 intellectus

263 3886 534 3960 competit
559 3884 609 3943 ei
633 3882 782 3959 quod
809 3881 883 3939 sit
910 3877 1289 3943 immateriale,
1317 3880 1449 3950 quia
1473 3884 1529 3935 et
1558 3880 1673 3954 ipse
1702 3883 2012 3947 intellectus
2052 3896 2137 3949 est
2165 3893 2275 3953 im-

781 3997 833 4049 S.
865 3997 1018 4051 Tuon.
1053 3998 1138 4055 Ao·
1173 3995 1435 4052 Oruscvu·
1465 4014 1522 4040 -s
1554 3993 1615 4048 11.
1652 4017 1715 4037 -
1738 3994 1771 4049 6
