2800 4492
706 321 851 369 xxti.
870 326 963 356 ··-·-·
985 320 1414 374 ouonmsnwm
1449 321 1750 369 eorunm·
2125 304 2248 366 443

228 434 557 494 ‘differentia'
594 437 881 512 utriusque
914 437 1402 512 voti-inspiciatur.
1446 439 1506 494 ln
1541 445 1670 496 voto
1709 437 1854 495 enim
1887 436 2132 512 slmplici
2162 441 2247 518 est

246 525 361 581 sola
390 527 696 598 promissiO,
725 543 832 600 que
860 529 984 600 quis
1014 529 1284 600 promittit
1322 529 1436 585 Deo
1469 544 1526 586 se
1555 528 1948 586 continentiam
1985 532 2244 584 servatu-

243 627 363 669 rum
394 630 407 669 τ
438 631 508 670 ex
529 615 645 671 solu
670 619 853 672 eutem
876 616 1239 688 promissione
1262 631 1373 674 non
1389 617 1715 674 transfertur
1743 617 2043 673 dominium
2065 633 2078 683 ;
2105 615 2246 672 unde

242 702 291 758 si
320 703 516 776 aliquis
544 705 830 776 promittat
860 721 989 760 ‘rem
1030 705 1271 778 aliquem
1315 705 1498 770 alicui,
1527 713 1582 760 et
1618 712 1816 778 'postea
1855 707 1948 762 det
1989 705 2244 768 eumdem
2307 743 2310 748 -

222 790 421 859 elteri,
448 792 774 865 hujusmodi
800 793 1041 851 donatio
1082 798 1403 867 non-potest
1441 793 1676 850 rescindi
1714 805 1810 867 per
1841 794 2076 867 priorem
2116 809 2246 865 pro-

245 879 577 949 missionem,
606 882 859 954 quamvis
888 881 1030 939 male
1056 882 1223 940 faciat
1258 882 1441 939 dando
1471 899 1482 937 ι
1514 884 1670 938 etsie
1697 881 1785 938 ille
1809 883 1903 955 qui
1925 883 2106 941 emisit
2141 897 2244 945 vo-

230 967 361 1023 ·min
388 969 615 1042 simplex
646 971 1015 1039 continuatim,
1036 977 1223 1044 potest
1246 971 1592 1044 postmodum
1623 987 1820 1044 corpus
1839 986 1997 1026 suum
2027 971 2244 1050 trudere

245 1059 431 1127 uxori3
464 1067 518 1115 et
544 1059 795 1132 quamvis
820 1067 1011 1134 peccet
1054 1061 1155 1116 hoc
1182 1060 1451 1130 faciendo,
1484 1069 1664 1119 tamen
1705 1059 2112 1117 matrimonium
2137 1075 2243 1120 non

245 1145 530 1203 dirimetur
557 1149 777 1222 propter
812 1151 997 1206 votum
1038 1151 1370 1220 praecedens
1403 1151 1466 1206 ln
1493 1156 1622 1206 voto
1666 1156 1850 1206 autem
1893 1147 2126 1204 solemni·
2160 1154 2244 1204 est

222 1234 405 1292 simul
430 1238 716 1309 promissio
740 1244 795 1293 et
814 1238 1033 1294 collatio
1060 1255 1073 1294 ι
1100 1243 1233 1294 tunc
1256 1237 1401 1294 enim
1428 1244 1512 1294 est
1535 1245 1724 1296 votum
1745 1237 2002 1304 solemne,
2027 1237 2246 1310 quando

231 1325 405 1381 'simul
434 1326 632 1396 aliquis
654 1341 777 1397 cum
802 1335 929 1384 voto
952 1333 1303 1383 consecratur
1324 1328 1457 1393 Deo,
1482 1335 1542 1383 et
1557 1328 1777 1400 ponitur
1802 1327 1854 1382 in
1886 1327 2070 1399 aliquo
2095 1335 2244 1384 statu

244 1413 557 1470 sanctitatis
595 1412 680 1470 vel
731 1427 827 1486 per
866 1414 1268 1486 susceptionem
1312 1414 1551 1482 Ordinis,
1595 1415 1677 1470 vel
1724 1431 1820 1487 per
1852 1414 2242 1487 professionem

226 1508 417 1558 ‘certae
450 1501 686 1574 regiilae3
722 1511 779 1559 et
814 1503 897 1558 sic
931 1517 1039 1558 non
1080 1508 1259 1576 potest
1303 1502 1531 1558 ulterius
1576 1519 1773 1576 corpus
1823 1519 1982 1560 suum
2028 1503 2244 1561 tradere

240 1591 435 1658 ιιιιοιίς
468 1595 523 1646 et
564 1591 611 1646 si
655 1591 839 1658 tradit,
872 1598 1187 1648 contractus
1224 1591 1404 1648 nullus
1446 1599 1548 1649 est.
1595 1591 1664 1648 Et
1708 1593 1789 1648 sic
1831 1591 2242 1650 matrimonium

234 1677 520 1734 dirimitur
547 1695 642 1751 per
667 1686 853 1736 votum
882 1678 1141 1747 solemne,
1175 1692 1277 1736 non
1304 1687 1490 1738 autem
1515 1697 1611 1754 per
1635 1681 1884 1754 simplex.

216 1783 221 1787 ·
283 1767 474 1825 Ratio
503 1775 687 1824 autem
712 1769 765 1824 in
806 1770 1145 1826 contrarium
1183 1769 1421 1827 adducta
1461 1770 1658 1826 salsum
1695 1769 1987 1843 supponit;
2031 1729 2244 1824 scilicet

238 1857 391 1931 quod
425 1869 519 1928 per
549 1863 735 1913 votum
760 1857 991 1932 simplex
1019 1857 1217 1932 uliquis
1244 1857 1338 1916 det
1362 1873 1562 1932 corpus
1589 1873 1748 1916 suum
1777 1859 1936 1916 Deo:
1963 1873 2072 1918 ιιοιι
2097 1857 2242 1946 enim

242 1945 363 2015 dat,
396 1945 489 2003 sed
516 1946 784 2020 promisit

949 2165 1345 2250 QUAESTIO
1421 2163 1536 2239 VI,

317 2324 523 2384 Deinde
551 2325 899 2402 quaerebatur
928 2329 996 2384 de
1033 2324 1119 2384 his
1143 2339 1267 2402 quae
1302 2321 1586 2400 'pertinent
1615 2325 1684 2383 ad
1720 2323 1937 2398 culpam
1969 2339 1982 2382 ι
2011 2327 2067 2382 et
2095 2325 2242 2383 circa

242 2415 350 2473 hoc
391 2417 775 2496 quaerebantur
812 2417 1094 2492 quinque·
1124 2417 1185 2471 ⁴0
1228 2421 1412 2472 utrum
1460 2421 1649 2488 peccet
1689 2415 1782 2489 qui
1835 2415 1900 2470 ad
1947 2411 2244 2471 Ecclesiam

206 2508 211 2514 '
241 2501 398 2563 vadit
424 2510 647 2582 propter
674 2505 1105 2572 distributiones,
1138 2503 1233 2579 qui
1271 2503 1408 2561 alias
1437 2519 1544 2560 non·
1576 2501 1699 2570 iret,
1729 2503 1980 2576 quamvis
2017 2518 2049 2559 a
2093 2501 2248 2575 prin·-

240 2595 388 2666 cipio
435 2593 784 2667 praebendam
831 2595 1104 2669 acceperit
1144 2601 1205 2651 ut
1250 2593 1363 2650 Deo
1402 2585 1673 2662 serviret3
1713 2597 1774 2650 2⁰
1811 2593 2028 2648 utrum
2028 2591 2246 2666 aliquis

242 2681 453 2740 habens
472 2683 540 2739 de
563 2683 855 2756 superflue,
879 2689 1087 2756 peccet,
1120 2681 1164 2743 si
1195 2695 1300 2740 non
1330 2679 1424 2739 det
1449 2678 1672 2756 pauperi
1701 2678 1942 2755 petenti3
1966 2683 2026 2736 3⁰
2059 2681 2242 2737 utrum

118 2762 125 2766 ’
208 2842 213 2848 ⁶
243 2773 465 2846 quando
493 2776 619 2830 sunt
649 2769 882 2831 diversae
918 2769 1199 2846 opiniones
1223 2770 1291 2828 de
1322 2771 1505 2846 aliquo
1543 2771 1708 2839 factO,
1738 2767 1828 2826 ille
1866 2769 1960 2844 qui
1996 2769 2244 2848 sequitur

245 2860 429 2917 minus
450 2867 642 2932 tutam,
670 2867 877 2934 peccet,
904 2861 1047 2918 sicut
1072 2858 1139 2918 de
1164 2861 1477 2935 pluralitate
1501 2854 1948 2934 praebendarum;
1973 2857 2032 2914 4⁰
2061 2867 2244 2915 utrum

245 2949 591 3006 mendacium
615 2951 829 3024 semper
849 2949 922 3008 sit
959 2955 1275 3024 peccatum;
1306 2953 1369 3006 50
1398 2957 1584 3008 utrum
1617 2955 1884 3022 quantum
1927 2947 2166 3020 aliquis
2155 2962 2242 3002 in-

242 3037 422 3094 tendit
446 3053 691 3110 peccare,
720 3046 931 3097 tantum
962 3043 1171 3113 peccet.
1332 3053 1343 3058 ·
2197 3039 2205 3063 ¹

937 3243 1392 3304 ARTIGULUS
1435 3202 1546 3301 x'1.
1601 3289 1608 3300 .
1641 3235 1646 3242 ·

140 3359 147 3366 ι
252 3387 471 3455 Utrum
499 3386 605 3454 ille
631 3387 741 3472 qui
781 3389 951 3453 vadii
988 3391 1069 3453 ad
1101 3387 1443 3454 Ecclesiam
1473 3393 1729 3470 propter
1763 3387 2237 3467 distributiones,

324 3482 484 3545 alias
511 3499 629 3544 non
656 3483 883 3554 iturae,
903 3485 1122 3560 peccet.
1154 3515 1235 3526 —
1264 3482 1347 3560 (4,
1380 3479 1524 3558 dist.
1561 3483 1661 3558 25,
1689 3486 1898 3562 quaest.
1925 3483 1990 3557 3,
2021 3473 2142 3545 ari.
2174 3475 2237 3556 2,

320 3571 530 3650 quoest.
561 3572 618 3645 1,
646 3568 807 3646 ad‘4,
836 3573 891 3633 et
919 3573 1039 3634 art.
1066 3567 1172 3645 92,
1206 3575 1366 3650 eorpss
1396 3567 1561 3651 lim).

315 3721 399 3778 Ad
426 3721 661 3796 primum
687 3717 767 3810 sie
786 3724 1115 3796 proceditur.
1137 3720 1365 3780 Videtur
1390 3721 1650 3796 quoditie
1679 3721 1772 3795 qui
1797 3719 1950 3778 vadit
1971 3721 2040 3778 ud
2059 3719 2254 3778 Recte·-

242 3811 383 3868 siam
414 3813 633 3884 propter
670 3809 1100 3882 distributiones,
1142 3813 1277 3869 alias
1322 3827 1427 3868 non
1465 3813 1658 3878 iturus,
1696 3817 1905 3885 peccet.
1943 3811 2064 3883 Ipse
2093 3811 2240 3868 enim

238 3899 461 3960 videtur
502 3913 703 3974 ponere
746 3901 1067 3978 obsequium
1104 3898 1369 3974 divinum,
1406 3899 1553 3976 quod
1595 3903 1679 3958 est
1724 3899 2106 3985 impretiabile,
2137 3901 2240 3958 sub
