2800 4492
554 312 671 375 150
1029 332 1079 374 s.
1126 330 1357 378 'rquAE
1400 328 1727 381 Aonium-18
1771 328 2083 375 opuscunn

553 461 682 517 ergo
712 445 922 516 prael'ati
969 451 1185 503 tenetur
1224 446 1513 519 religiosus
1558 446 1664 503 tale
1707 451 1978 502 secretum
2022 444 2281 518 pandere,
2315 444 2494 500 etiam
2527 443 2573 498 si

553 534 803 608 promisit
823 552 882 591 se
906 551 1012 591 non
1043 534 1303 603 revelare,
1334 536 1552 593 dicente
1575 536 1783 592 Isidoro
1817 552 1829 589 :
1861 534 1930 593 ln
1957 532 2113 590 matis
2134 531 2416 605 promissis
2447 548 2575 586 res-

555 622 705 679 cinde
749 624 939 694 fidem,·
971 624 1071 680 nisi
1110 626 1250 680 forte
1288 626 1339 681 in
1385 624 1725 683 confessione
1772 620 2024 687 audierit,
2055 622 2184 695 quia
2235 630 2368 677 tunc
2415 622 2574 677 nullo

556 712 717 767 modo
746 720 891 787 esset
929 706 1295 771 revelandum.
1330 714 1428 771 Est
1466 722 1650 771 autem
1699 712 1844 770 aliud
1894 716 2168 766 secretum
2197 710 2340 779 quod
2388 710 2460 765 de
2513 727 2576 765 se

557 800 721 859 celari
748 808 927 873 potest
954 804 1071 859 sine
1096 794 1350 875 peccato3
1380 794 1449 859 et'
1469 803 1576 858 tale
1605 809 1876 858 secretum
1907 800 2194 871 religiosus
2224 798 2368 853 nullo
2405 800 2575 855 modo

560 888 785 962 praelato
811 892 1145 963 praecipienti
1176 893 1415 965 pandere
1444 891 1626 959 debet,
1658 891 1703 945 si
1733 890 1804 945 sit
1841 890 1966 945 fidei
2009 904 2125 947 suae
2167 888 2528 963 commissum
2559 906 2574 945 ε

558 986 813 1055 peccaret
841 980 986 1035 enim
1015 979 1310 1053 frangendo
1336 980 1498 1037 fidem
1529 981 1838 1037 commisso.

632 1067 713 1122 Ad
753 1068 986 1139 primum
1031 1084 1160 1140 ergo
1194 1070 1505 1136 dicendum,
1539 1068 1683 1140 quod
1727 1067 2020 1122 solemnior
2064 1073 2148 1123 est
2191 1066 2454 1138 obligatio
2503 1067 2574 1123 ad

562 1156 891 1213 servandum
912 1172 977 1213 ea
1002 1173 1125 1230 quae
1148 1164 1274 1213 sunt
1301 1158 1428 1214 fidei
1453 1166 1509 1213 et
1528 1157 1796 1223 caritatiS,
1816 1170 1941 1228 quae
1964 1162 2048 1211 est
2071 1172 2136 1211 ex
2163 1154 2279 1227 lege
2304 1155 2572 1221 naturali,

564 1251 621 1300 et
640 1261 706 1301 ex
733 1246 1091 1318 promissione
1119 1248 1172 1303 in
1201 1246 1473 1322 baptismo
1497 1246 1661 1314 sacta,
1687 1261 1850 1320 quam
1881 1260 1952 1315 ea⁵
1969 1260 2092 1318 quoe
2113 1252 2238 1300 sunt
2262 1261 2330 1301 ex
2353 1244 2576 1317 profes-

566 1334 717 1391 sione
743 1322 1038 1408 religioniS.

1225 1518 1679 1579 ARTIOULUS
1731 1516 1900 1578 XVI.
1957 1546 1962 1549 ·

578 1652 795 1715 Utrum
822 1652 1100 1714 subditus
1129 1651 1329 1713 debeat
1350 1651 1606 1729 praelato
1623 1650 2005 1729 praecipienti
2040 1650 2299 1713 revelare
2325 1649 2576 1729 eulpam

537 1749 547 1757 '
648 1740 941 1802 occultam
969 1740 1224 1801 alterius
1248 1740 1496 1815 fratris.
1528 1774 1607 1786 -
1633 1738 1801 1819 (Ao-t.
1837 1740 1936 1813 81,
1969 1742 2026 1801 et
2052 1740 2188 1813 2-2,
2221 1742 2431 1818 quaest.
2465 1738 2572 1812 32,

649 1833 770 1889 art.
803 1831 863 1903 7,
898 1828 978 1889 ad
1000 1830 1059 1901 5,
1092 1832 1301 1907 quoesc.
1333 1828 1434 1903 70,
1462 1832 1582 1890 art.
1617 1830 1676 1903 1,
1711 1845 1867 1907 corp.
1903 1832 1959 1891 et
1987 1828 2066 1911 agl
2097 1828 2182 1907 1.)

640 1961 795 2017 Circa
832 1960 1130 2017 secundum
1160 1960 1241 2015 sic
1270 1959 1602 2031 proceditur.
1629 1960 1857 2016 Videtur
1896 1958 2039 2033 quod
2079 1959 2332 2017 subditus
2373 1960 2575 2017 debeat

569 2050 795 2122 praelato
838 2049 1173 2121 praecipienti
1220 2044 1462 2104 'revelare
1515 2048 1732 2121 culpam
1775 2048 2042 2105 occultam
2091 2047 2315 2105 alterius
2359 2048 2572 2105 fratris·

570 2138 729 2207 Quia,
765 2145 825 2193 ut
866 2138 1231 2211 Hieronymus
1272 2138 1426 2207 dicit,
1459 2153 1564 2193 non
1605 2138 1768 2195 debet
1805 2137 2065 2195 occultari
2111 2138 2270 2209 culpa
2313 2137 2476 2192 unius
2520 2138 2574 2193 in

570 2226 947 2299 praejiidicium
996 2224 1311 2281 multorum.
1362 2225 1468 2282 Sed
1508 2224 1947 2297 praesumendum
1985 2233 2067 2281 est
2121 2224 2267 2297 quod
2310 2224 2576 2295 proelatus

569 2314 785 2387 culpam
811 2314 970 2369 unius
992 2329 1319 2385 cognoscere
1344 2314 1476 2370 velit
1513 2322 1734 2386 propter
1769 2312 2132 2370 multitudinis
2170 2312 2394 2369 bonum.
2427 2314 2574 2385 Ergo

568 2402 794 2476 praelato
824 2402 1162 2477 praecipienti
1186 2402 1347 2460 debet
1377 2402 1536 2477 culpa
1563 2402 1788 2459 alterius
1819 2402 2071 2459 revelari.
2243 2392 2248 2396 ⁴

606 2482 753 2549 'Sed'
782 2499 971 2549 contra
1026 2498 1109 2547 est
1161 2492 1308 2565 quod
1363 2492 1661 2563 Gregorius
1711 2491 1863 2558 dicit,
1911 2491 2067 2564 'quod
2119 2491 2220 2547 etsi
2273 2488 2576 2565 aliquando

568 2588 788 2655 propter
812 2581 1177 2638 obedientiam
1202 2580 1464 2636 debemus
1493 2580 1676 2652 aliqua
1706 2579 1846 2636 bona
1876 2579 2170 2646 dimittere,
2205 2580 2354 2637 nullo
2387 2590 2576 2638 tamen

568 2668 728 2727 modo
750 2676 969 2742 propter
990 2669 1337 2725 obedentiam
1356 2669 1618 2724 debemus
1640 2668 1858 2741 aliquod
1886 2668 2086 2725 malum
2109 2677 2446 2743 perpetrare.
2467 2672 2576 2727 Sed

568 2757 771 2814 malum
800 2772 917 2811 esso
943 2756 1178 2822 videtur,
1199 2756 1415 2829 culpam
1445 2758 1716 2815 occultam
1743 2756 2249 2829 detegendo,alium
2281 2757 2572 2816 infamare.

571 2843 713 2916 Ergo
738 2846 839 2901 hoc
863 2850 1083 2919 propter
1107 2845 1472 2901 obedientiam
1499 2846 1614 2901 fieri
1642 2862 1748 2902 non
1773 2845 1955 2902 debet.

640 2934 959 3006 Respondeo
976 2933 1284 3002 dicendum,
1304 2934 1446 3011 quod
1469 2934 1752 3007 religiosus
1769 2934 2025 3007 praelatus
2042 2936 2093 2992 iu
2115 2936 2356 3008 capitulo
2369 2944 2576 3009 praeest

572 3024 716 3082 sicut
731 3022 901 3095 judex
922 3022 1328 3079 ecclesiasticus
1358 3024 1413 3078 in
1449 3023 1564 3079 foro
1603 3022 1880 3096 judiciali3
1915 3024 2056 3079 unde
2086 3024 2153 3079 ad
2194 3040 2257 3080 ea
2298 3032 2480 3096 potest
2505 3042 2576 3081 ex

572 3120 845 3185 praecepto
881 3110 1129 3168 subditos
1168 3110 1410 3183 obligare
1435 3118 1498 3168 ut
1522 3112 1571 3167 ei
1603 3112 1927 3184 pandantur,
1955 3120 2177 3186 propter
2225 3129 2348 3184 quae
2386 3120 2576 3188 potest

562 3201 732 3273 judex
756 3200 1160 3257 ecclesiasticus
1189 3202 1244 3255 in
1266 3200 1383 3256 soro
1407 3200 1654 3273 judiciali
1680 3202 2052 3272 juramentum
2082 3202 2320 3273 exigere.

636 3290 731 3345 Est
754 3304 881 3364 ergo
905 3287 1207 3367 sciendum,
1237 3290 1469 3363 quod‘in
1505 3288 1826 3346 criminibus
1869 3288 2066 3363 triplex
2103 3296 2186 3346 est
2219 3290 2412 3359 modus
2439 3308 2577 3363 pro-

568 3376 795 3434 cedendi
826 3394 838 3431 :
868 3392 1005 3432 unus
1036 3392 1131 3449 per
1156 3376 1642 3457 denuntiationem,
1677 3376 1815 3433 alius
1845 3394 1941 3451 per
1965 3378 2396 3450 inquisitionem,
2429 3381 2576 3439 alius

568 3484 663 3542 per
678 3466 1113 3525 accusationem.
1146 3466 1321 3540 lngvia
1346 3482 1476 3539 ergo
1509 3463 1935 3523 denuntiationis
1973 3466 2274 3525 intenditur
2299 3472 2576 3529 correctio

566 3554 954 3627 delinquentis,=
974 3560 1029 3609 et
1054 3553 1175 3610 ideo
1200 3554 1500 3612 secundum
1529 3563 1860 3628 praeceptum
1889 3554 2572 3627 Domini,Matth.xxvut,

568 3644 731 3701 debet
762 3644 1068 3716 praecedere
1096 3641 1335 3699 fraterna
1354 3643 1641 3708 correctio,
1661 3650 1722 3699 ut
1746 3642 1958 3700 scilicet
1985 3643 2250 3715 corripias
2273 3660 2396 3701 eum
2427 3646 2579 3708 inter

572 3739 625 3789 te
652 3742 707 3788 et
734 3733 909 3805 ipsum
936 3730 1300 3803 solum;quod
1325 3730 1370 3785 si
1392 3745 1498 3787 non
1529 3730 1785 3799 audierit,
1803 3747 1989 3791 coram
2010 3732 2220 3789 duobus
2250 3733 2334 3795 vel
2363 3732 2576 3807 tribus3

572 3829 627 3877 et
657 3820 847 3879 ultimo
880 3819 1096 3877 dicatur
1133 3816 1411 3877 Ecclesiae.
1440 3820 1699 3881 Caritatis
1735 3820 1882 3879 enim
1913 3829 1998 3879 est
2039 3828 2100 3881 ut
2142 3820 2342 3895 aliquis
2380 3832 2579 3898 parcat

577 3908 733 3973 fratri
762 3916 1025 3989 quantum
1072 3912 1281 3989 potest;
1312 3908 1456 3969 unde
1497 3908 1647 3991 prius
1684 3910 1847 3973 debet
1891 3911 1993 3975 niti
2033 3916 2093 3973 ut
2129 3912 2372 3995 corrigat
2408 3928 2580 3978 cons-
