2800 4492
520 327 638 388 416
997 340 1049 384 e.
1094 337 1325 382 ‘rnorem
1368 335 1694 385 Aouuwrrs
1735 335 2050 380 croscum

520 467 580 516 ut
622 457 759 515 unde
793 454 1123 530 pauperibus
1166 451 1561 517 subministrat,
1608 450 1730 506 inde
1772 456 1824 506 et
1864 450 1976 522 ipse
2019 460 2290 525 tamquam
2327 469 2564 525 pauper·

518 546 856 604 voluntarius
880 545 1043 600 vivat.
1075 544 1143 599 Et
1171 543 1251 598 sic
1282 548 1434 614 patet
1463 539 1612 614 quod
1640 539 1827 596 clerici
1856 540 1948 613 qui
1979 545 2047 596 de
2082 541 2346 600 Ecclesiae
2377 543 2540 599 rebus

522 638 733 704 vivunt,
760 634 1007 692 eamdem
1038 633 1308 689 rationem
1336 630 1521 686 utendi
1555 629 1634 684 eis
1660 628 1862 686 habent
1889 630 2032 686 sicut
2072 629 2148 686 illi
2179 632 2274 705 qui
2299 631 2538 688 faculta-

524 725 669 781 tibus
691 730 944 780 carentes
973 722 1042 779 de
1065 720 1428 792 eleemosynis
1456 718 1560 775 sibi
1591 717 1736 774 datis
1756 719 1972 775 vivunt.

590 813 674 869 Ad
714 818 973 886 quartum
996 809 1326 874 dicendum,
1369 806 1516 881 quod
1545 806 1740 863 Glossa
1786 806 1876 864 illa
1908 823 2014 864 non
2038 807 2271 883 imponit
2294 811 2538 868 necessi-

522 911 695 963 tatem
726 903 811 958 tiis
838 901 931 974 qui
957 915 1055 956 sua
1094 897 1409 970 relinquunt
1437 904 1496 951 ut
1521 897 1777 951 manibus
1805 906 2132 970 operentur;
2157 899 2254 955 sed
2299 882 2555 956 ostendit

523 990 797 1064 quoddam
828 989 1029 1045 bonnm
1060 986 1206 1059 quod
1236 987 1418 1042 iacere
1445 993 1673 1057 possunt
1701 984 1796 1056 qui
1825 1001 1924 1042 sua
1952 985 2296 1060 relinquunt3
2331 997 2390 1044 ut
2429 990 2540 1044 sci-

525 1079 654 1136 licet
684 1093 1023 1134 exmanuum
1050 1075 1233 1132 labore
1248 1073 1537 1148 acquirant
1563 1072 1708 1129 unde
1723 1073 1825 1129 sibi
1855 1074 2196 1145 provideant,
2219 1083 2276 1133 et
2300 1077 2540 1134 eleemo-

515 1157 689 1238 synas
736 1164 857 1222 aliis
900 1165 1123 1221 saciant.
1150 1165 1284 1230 ‚Nec
1317 1172 1499 1218 tamen
1547 1159 1652 1235 per'
1687 1161 1791 1218 hoc
1835 1162 2146 1218 excluditur
2194 1166 2326 1238 quia
2373 1168 2539 1222 etiam

523 1254 658 1310 bene
687 1255 909 1321 faciant,
938 1253 983 1309 si
1020 1251 1269 1310 manibus
1298 1268 1400 1308 non
1435 1250 1745 1306 laborantes
1769 1251 2146 1323 spiritualibus
2177 1253 2541 1329 eleemosynis

522 1349 735 1410 vacent,
770 1357 895 1416 quoe
916 1349 1043 1398 sunt
1066 1339 1440 1412 corporalibus
1467 1337 1730 1412 potiores.

486 1500 493 1504 ,
594 1432 675 1488 Ad
702 1432 953 1505 quintum
978 1417 1289 1495 dicendum,
1318 1430 1465 1502 quod
1490 1427 1634 1482 illius
1656 1428 1885 1484 rationis
1914 1426 2090 1501 prima
2123 1428 2256 1487 falsa
2289 1438 2410 1502 est;
2437 1451 2543 1490 non

523 1520 668 1576 enim
700 1521 794 1592 qui
839 1518 970 1575 facit
1016 1524 1205 1574 contra
1249 1522 1518 1573 statutum
1547 1517 1729 1588 Papae,
1774 1523 1860 1572 est
1889 1517 2207 1588 haereticu53
2247 1520 2350 1577 nisi
2403 1523 2544 1579 forte

524 1610 713 1664 credat
740 1611 899 1681 Papae
936 1622 1041 1662 non
1070 1621 1190 1662 esee
1223 1604 1622 1672 obediendum;
1650 1605 1794 1659 unde
1830 1605 1886 1659 in
1920 1606 2161 1677 capitulo
2198 1607 2426 1666 inducto
2455 1613 2544 1667 di-

525 1697 698 1765 citur3
735 1697 838 1762 Qui
869 1695 1122 1751 Romanoe
1158 1693 1403 1750 Ecclesioe
1427 1693 1770 1765 privilegium
1809 1692 1872 1748 ab
1911 1693 2022 1766 ipso
2063 1711 2262 1751 summo
2303 1701 2545 1756 omnium

526 1786 886 1841 Eceelesiarum
914 1782 1083 1855 capite
1111 1782 1376 1838 traditum
1402 1781 1625 1850 auferre
1652 1789 1938 1848 conantur,
1965 1784 2312 1854 proculdubio
2343 1788 2403 1842 in
2432 1789 2544 1845 12ae-

526 1874 686 1928 resim
730 1871 1009 1929 labuntur.
1056 1870 1406 1941 Privilegium
1454 1878 1640 1926 autem
1685 1871 2010 1943 praedictum
2053 1874 2309 1931 consistit
2354 1877 2413 1932 in
2443 1878 2547 1935 hoc
2637 1929 2643 1936 .

526 1961 671 2034 quod
717 1961 765 2015 ei
814 1959 974 2016 debet
1018 1958 1089 2015 ab
1134 1959 1385 2014 omnibus
1434 1959 1757 2016 Christianis
1795 1959 2026 2016 obediri.
2067 1962 2330 2020 Similiter
2375 1969 2546 2024 etiam

530 2051 703 2105 minor
744 2056 828 2103 est
870 2046 1045 2116 falsa3
1096 2063 1199 2101 non
1244 2047 1388 2101 enim
1430 2054 1514 2102 est
1545 2056 1735 2102 contra
1781 2055 2050 2104 statutum
2093 2050 2352 2112 Ecclesiae
2397 2059 2545 2128 quod

528 2138 726 2211 aliquis
771 2136 1059 2203 mendicet,
1111 2134 1195 2193 vel
1238 2152 1295 2191 so
1340 2135 1393 2190 in
1442 2143 1591 2193 statu
1633 2138 1895 2208 egestatis
1937 2147 2136 2210 ponat;
2186 2143 2282 2198 sed
2315 2143 2423 2202 hoc
2461 2157 2546 2204 est

526 2236 718 2284 contra
744 2232 1011 2282 statutum
1044 2225 1322 2292 Ecclesiae,
1354 2225 1400 2280 si
1429 2226 1500 2280 ab
1523 2226 1603 2281 eis
1629 2227 1721 2299 qui
1762 2215 2052 2283 facultates
2078 2227 2337 2289 Ecclesiae
2363 2237 2547 2306 possi-

529 2317 676 2384 dent,
710 2330 895 2371 eorum
928 2314 1346 2378 necessitatibus
1371 2328 1478 2370 non
1504 2314 1856 2385 providetur3
1888 2314 2031 2370 unde
2069 2316 2186 2374 haec
2218 2331 2344 2376 sunt
2379 2324 2547 2382 verba

527 2403 748 2476 capituli
782 2402 985 2463 inducti
1020 2422 1035 2459 ε
1083 2403 1175 2458 Ex
1197 2401 1402 2475 quibus,
1443 2401 1654 2458 scilicet
1692 2402 1854 2458 rebus
1895 2403 2176 2475 Ecclesiae,
2215 2409 2470 2482 Episcopi
2497 2420 2548 2469 et

528 2494 913 2566 dispensatores
940 2508 1146 2557 earum,
1170 2491 1412 2546 omnibus
1456 2491 1718 2547 communi
1758 2490 1872 2547 vita
1901 2508 2056 2563 aqere
2097 2495 2388 2553 volentibus
2434 2501 2546 2556 mi·

529 2584 770 2639 nistrare
806 2589 994 2639 manacta
1022 2581 1317 2636 necessaria
1343 2579 1548 2646 debent,
1581 2587 1749 2653 prout
1774 2579 1960 2636 melias
1995 2589 2275 2653 poterunt,
2297 2595 2359 2642 ut
2397 2605 2548 2644 nemo

530 2672 587 2726 in
616 2673 692 2727 eis
721 2689 868 2742 eqens
897 2670 1231 2726 inveniatur.

599 2759 681 2814 Ad
706 2765 923 2814 sextum
949 2757 1257 2822 dicendum,
1298 2753 1444 2828 quod
1470 2753 1546 2811 illi
1584 2755 1680 2828 qui
1706 2756 2020 2829 relinquunt
2045 2759 2246 2827 omnia,
2275 2762 2410 2818 nihil
2441 2765 2548 2820 sibi

530 2851 890 2915 reservanteS,
933 2861 1031 2901 nec
1073 2842 1322 2900 manibus
1350 2849 1660 2914 operantes»,
1694 2859 1801 2900 non
1831 2852 2054 2918 propter
2097 2846 2200 2904 hoc
2241 2850 2555 2909 discrimini

529 2952 588 2992 se
616 2942 922 3006 exponant3
954 2933 1083 3006 quia
1112 2933 1331 2988 devotio
1360 2931 1602 2987 fidelium
1636 2939 1786 2988 tanta
1828 2933 2184 3004 probabiliter
2210 2939 2552 3009 aestimatur,

530 3028 586 3079 et
622 3023 991 3094 experimento
1040 3020 1289 3084 discitur,
1341 3019 1487 3091 quod
1535 3021 1616 3076 eis
1645 3021 1697 3075 in
1747 3024 2070 3078 necessariis
2113 3027 2388 3094 providet.
2432 3029 2560 3085 Nec

530 3111 697 3168 etiam
734 3117 910 3167 tentat
950 3111 1149 3175 Deum;
1182 3108 1309 3180 quia
1352 3123 1470 3179 ipse
1499 3109 1750 3181 promisit
1793 3111 2061 3166 movendo
2101 3115 2268 3169 corda
2309 3114 2561 3174 aliorum

530 3201 610 3255 eis
651 3201 708 3256 in
751 3198 1169 3256 necessitatibus
1214 3197 1523 3270 providere,
1560 3205 1617 3252 ut
1658 3203 1810 3268 patet
1849 3199 2044 3256 Matth.
2076 3215 2156 3268 vi,
2201 3211 2256 3258 et
2285 3206 2560 3276 qnaedam

530 3287 725 3344 Glossa
764 3287 896 3341 dicit
941 3287 1073 3342 Luc.
1118 3299 1222 3342 vin
1266 3302 1279 3338 ε
1333 3285 1508 3341 Tanta
1533 3285 1884 3357 praedicatori
1927 3285 2072 3344 debet
2101 3305 2203 3344 esse
2240 3291 2450 3361 fiducia
2496 3298 2564 3352 in

531 3375 660 3439 Deo,
689 3379 750 3440 ut
774 3373 1055 3445 paesentis
1082 3373 1207 3430 vitoe
1234 3380 1493 3445 sumptus,
1525 3371 1623 3429 etsi
1647 3389 1751 3430 non
1772 3374 2078 3446 provideat,
2103 3376 2210 3434 sibi
2233 3384 2413 3439 tamen
2439 3401 2566 3442 non

530 3463 789 3535 defutura
833 3460 1121 3517 certissime
1148 3463 1313 3527 sciam
1344 3467 1415 3515 ue
1437 3461 1561 3517 dum
1589 3469 1878 3534 occupatur
1906 3480 2053 3522 mens
2092 3465 2163 3521 ad
2202 3473 2566 3541 temporalia,

531 3555 709 3609 minus
727 3550 979 3624 praedicet
1006 3557 1228 3607 caterua.
1261 3549 1522 3607 Similiter
1545 3551 1589 3606 si
1618 3551 1817 3624 aliquis
1845 3559 1989 3607 esset
2017 3555 2158 3608 inter
2184 3564 2432 3615 armatos
2456 3571 2570 3634 qui

532 3642 905 3707 defenderent,
938 3647 993 3696 et
1018 3639 1203 3712 aliqua
1226 3653 1392 3694 causa
1420 3654 1570 3695 arma
1595 3637 1911 3710 deponeret,
1942 3655 2048 3697 nou
2075 3645 2313 3703 tentaret
2337 3647 2570 3719 Deum;

531 3731 578 3786 si
608 3739 788 3786 autem
818 3736 963 3786 esset
990 3727 1155 3792 solus,
1198 3727 1477 3783 videretur
1509 3733 1722 3782 tentare
1755 3730 1958 3797 Deum;
1990 3730 2093 3785 nisi
2127 3731 2264 3787 sorte
2297 3733 2574 3794 interiori

535 3817 888 3888 inspiratione
910 3831 1134 3873 securus
1158 3821 1303 3870 esset
1328 3815 1393 3869 de
1420 3814 1606 3870 divino
1636 3816 1861 3885 auxilio,
1890 3817 2033 3872 sicut
2060 3817 2254 3875 beatus
2282 3822 2578 3883 Martinus

536 3902 674 3958 dixit
710 3921 722 3957 :
759 3904 869 3976 Εῃο
899 3905 1049 3976 siquo
1095 3901 1287 3968 amris,
1316 3917 1420 3958 non
1466 3902 1638 3974 clypeo
1677 3910 1943 3974 protectus
1979 3911 2077 3962 aut
2104 3907 2275 3978 yaka,
2317 3909 2580 3971 hostium
