2800 4492
705 387 927 433 1114-
955 359 1379 438 ouonmen'rmi
1436 386 1835 431 nuonncmuu
2154 366 2275 429 563
2340 400 2348 407 ·<

256 498 543 571 praecipue
577 500 726 557 circa
765 516 1018 569 venerea,
1047 507 1102 557 et
1137 502 1218 557 sic
1246 500 1441 557 mulier
1467 510 1554 559 est
1597 494 1809 559 sortior.
1836 503 1975 559 Item
2009 518 2065 557 in
2108 513 2273 573 prac-

256 589 409 655 ticiS,
436 597 492 643 et
521 588 682 645 rebus
707 590 974 658 humanis,
1009 606 1133 665 quae
1159 598 1381 663 possunt
1409 590 1513 647 hoc
1535 592 1733 660 facere,
1761 591 2057 650 maximam
2081 596 2275 663 potes-
2328 603 2337 611 ·

258 684 437 733 tatem
464 678 626 734 habet
663 696 783 737 rex.
806 680 868 735 In
903 680 1254 753 speculativis
1299 696 1571 738 summum
1614 689 1668 737 et
1709 679 2147 753 potentissimum
2189 683 2274 734 est

256 768 492 823 veritas·
527 769 685 825 Nunc
731 778 914 826 autem
953 767 1101 825 'v'ires
1144 769 1456 842 corporales
1497 769 1859 841 subjiciuntur
1908 767 2115 825 viribus
2149 766 2275 823 ani-

255 854 436 921 males
465 855 941 925 intellectualibus»,
969 864 1025 913 et
1065 856 1463 914 intellectuales
1506 858 1765 929 practicae
1804 856 2190 930 speculativis;
2216 859 2273 911 et

255 942 388 1000 ideo
417 944 740 1019 simpliciter
766 948 972 1004 veritas
1000 946 1214 1018 dignior
1238 951 1402 1003 estet
1426 946 1778 1003 excellentior
1801 954 1857 1002 et
1885 946 2098 1003 fortior.

839 1069 846 1075 ’
923 1108 1379 1175 ARTmULus
1430 1108 1604 1181 xxi.

266 1230 492 1295 Utrum
521 1214 820 1312 accipiens
847 1232 1184 1296 doctrinam
1230 1232 1499 1311 alicujus
1540 1232 1924 1312 experimenti
1948 1231 2057 1295 sub
2077 1230 2273 1310 jura-

339 1327 534 1385 mento
557 1340 676 1385 non
705 1323 1190 1386 communicandi·
1209 1326 1480 1387 teneatur
1502 1339 1736 1386 servare
1751 1322 2189 1401 juramentum.

330 1450 582 1506 Secundo
608 1437 890 1522 quaeritur,
913 1458 1100 1507 utrum
1130 1438 1404 1525 accipiens
1442 1448 1747 1507 doctrinam
1792 1448 2021 1521 alicujus
2050 1444 2277 1519 experi-

256 1539 435 1595 menti
456 1539 560 1594 sub
583 1540 894 1611 juramento
919 1556 1024 1596 non
1069 1539 1527 1606 communicandi,
1562 1545 1812 1596 teneatur
1854 1553 2073 1593 servare
2109 1538 2275 1610 jura-

256 1635 537 1697 mentum3
569 1638 622 1684 et
649 1628 865 1684 videtur
895 1628 1040 1703 quod
1069 1630 1168 1685 sic.
1187 1618 1337 1699 ‘Quia
1365 1630 1445 1685 sic
1470 1627 1741 1700 obligatus
1770 1642 1879 1683 non
1903 1624 2064 1682 dohet
2090 1624 2269 1681 facere

257 1717 470 1790 aliquid
509 1718 654 1791 quod
703 1724 893 1789 vergat
933 1718 988 1772 in
1017 1717 1411 1775 detrimentum
1444 1717 1588 1773 illius
1612 1718 1706 1790 qui
1741 1716 1893 1772 dedit
1924 1714 2007 1771 vel
2038 1714 2132 1788 qui
2160 1713 2270 1770 do·-

257 1794 398 1873 cuit.
429 1806 540 1860 Hoc
569 1810 752 1863 autem
777 1810 940 1871 esset,
969 1804 1017 1861 si
1045 1804 1167 1861 aliis
1190 1805 1639 1862 communicaret.
1672 1803 1814 1876 Ergo
1841 1811 1949 1859 etc.

331 1899 386 1951 2.
423 1894 710 1961 Praeterea,
742 1894 1146 1951 communicare
1182 1894 1288 1951 tale
1329 1894 1780 1968 experimentum,
1808 1909 1917 1949 non
1954 1897 2171 1949 tenetur
2201 1908 2267 1951 ex

255 1990 421 2055 parte
441 1982 654 2039 salutis
669 1990 890 2040 aeternae
919 1984 1100 2040 alicui.
1127 1984 1262 2045 Cum
1293 2000 1440 2055 erg0,
1474 2000 1580 2039 non
1621 1989 1871 2047 teneatur
1913 1981 2073 2039 alteri
2110 1996 2267 2039 com-

258 2072 562 2138 municare,
597 2088 702 2127 non
727 2071 888 2129 debet
915 2074 996 2128 sic
1023 2062 1296 2143 obligatus
1323 2071 1749 2130 communicare.

332 2163 556 2227 Contra,
579 2176 688 2217 non
711 2161 1112 2216 communicare
1143 2160 1358 2215 salubre
1383 2158 1705 2227 remedium,
1737 2158 1853 2214 sive
1883 2150 2269 2233 quodcumque

255 2249 485 2314 bonum,
517 2254 600 2304 est
625 2254 816 2305 contra
841 2247 1149 2304 caritatem.
1181 2247 1322 2318 Ergo
1353 2252 1461 2303 etc.

329 2337 674 2409 RespondeO,
692 2335 850 2393 aliter
873 2336 1164 2393 dicendum
1191 2342 1274 2391 est
1301 2336 1389 2391 hic
1420 2332 1739 2407 simpliciter
1764 2339 1819 2390 et
1844 2331 2041 2390 aliter
2028 2351 2083 2389 in
2113 2350 2265 2391 casu.

255 2425 594 2499 Simpliciter
617 2424 887 2499 loquendo
919 2441 1023 2481 non
1069 2432 1302 2492 tenetur,
1333 2424 1430 2479 sed
1472 2423 1613 2479 male
1654 2421 1785 2480 fecit
1814 2420 2070 2494 jurando·
2100 2424 2268 2479 Jura-

148 2505 152 2508 ’
257 2522 508 2595 mentum
537 2515 681 2570 enim
709 2530 815 2569 non
841 2514 1014 2569 solum
1040 2514 1244 2569 amittit
1267 2511 1378 2568 ,vim
1403 2512 2014 2597 quandojuramentum
2045 2504 2126 2568 est
2156 2510 2269 2567 illi·-

255 2610 456 2671 citum,
490 2605 584 2659 sed
611 2605 777 2659 etiam
808 2604 1025 2677 quando
1052 2602 1281 2673 jurando
1307 2604 1549 2676 pejerat3
1575 2602 1701 2675 quia
1726 2590 2098 2673 juramentum
2123 2595 2270 2687 obli·
2371 2649 2380 2656 .

255 2712 400 2773 gans
441 2692 604 2747 debet
644 2692 842 2747 habere
878 2692 1166 2762 judicium,
1195 2691 1484 2763 justitiam
1510 2698 1567 2745 et
1610 2691 1918 2747 veritatem.
1968 2690 2074 2745 Sed
2122 2697 2177 2747 et
2218 2681 2269 2749 εἰ

252 2790 386 2857 juro
404 2778 728 2854 quandoque
759 2780 966 2853 aliquid
996 2780 1142 2853 quod
1172 2779 1298 2837 licet
1337 2778 1469 2835 mihi
1508 2794 1613 2835 non
1653 2778 1850 2845 facere,
1876 2785 2027 2851 puta,
2056 2794 2162 2835 non
2190 2778 2273 2836 ire

258 2874 331 2929 ad
359 2869 677 2935 Ecclesiam,
704 2885 808 2925 non
841 2869 967 2924 licet
995 2875 1176 2925 tamen
1197 2870 1419 2941 jurare;
1448 2868 1575 2941 quia
1602 2868 1731 2923 licet
1776 2866 1849 2923 sit
1894 2858 2269 2931 mihilicitu'm

259 2976 366 3035 pro
393 2958 574 3031 aliquo
603 2968 842 3032 tempore
872 2958 1052 3035 facere
1081 2958 1180 3033 vel·
1204 2958 1481 3015 dimittere
1515 2955 1825 3030 hujusmodi
1870 2954 2091 3021 bonum,
2121 2952 2271 3031 quod

257 3048 441 3106 estad
473 3048 892 3121 Ecclesiam-ire,
928 3056 1242 3122 nontamen
1281 3048 1409 3102 licet
1440 3046 1570 3101 mihi
1606 3049 1981 3117 juramentum
2023 3044 2273 3116 interpo-

263 3154 394 3197 nere
423 3142 478 3191 et
504 3136 744 3191 animum
769 3134 1058 3191 obfirmare
1089 3135 1157 3190 ad
1184 3134 1404 3207 aliquod
1426 3133 1625 3188 bonum
1658 3146 1762 3189 non
1791 3130 2268 3205 faciendum,quia

260 3228 368 3282 hoc
403 3232 495 3280 est·
529 3224 708 3280 facere
755 3222 1253 3296 contra.Spiritum
1295 3227 1567 3279 sanctum.
1618 3220 1687 3277 Et
1729 3220 1852 3276 ideo
1892 3211 2292 3293 juramentum,

261 3321 455 3387 contra
485 3329 643 3368 omne
673 3312 728 3367 id
752 3311 895 3383 quod
928 3318 1010 3365 cst
1039 3310 1106 3365 de
1133 3326 1332 3380 genere
1358 3309 1641 3375 honorum,
1672 3313 1755 3364 est
1782 3306 2033 3365 illicitum
2059 3317 2113 3365 et
2156 3297 2297 3385 non'x

262 3403 614 3459 servandum.
645 3402 846 3457 Tamen
879 3402 934 3455 in
963 3414 1094 3455 casu
1121 3414 1340 3455 servare
1368 3406 1603 3465 tenetur,
1632 3402 1785 3473 puta,
1809 3398 1855 3455 si
1882 3398 1972 3455 ille
2008 3396 2096 3456 vel
2124 3390 2267 3453 alius
2291 3386 2293 3389 ’

263 3490 538 3547 sufficiens
569 3490 811 3545 medicus
839 3504 1077 3563 praesens
1115 3496 1279 3554 esset,
1311 3494 1366 3543 et
1392 3493 1619 3561 paratus
1652 3494 1797 3545 esset
1831 3501 2049 3555 curare,
2081 3492 2138 3543 et
2183 3480 2265 3542 uti

264 3580 751 3651 illoexperimento
782 3580 835 3633 in
864 3571 1104 3635 salutem
1121 3576 1459 3651 corpora-lem
1484 3578 1736 3636 aliorum.

299 3735 308 3741 ι
336 3670 404 3724 Ει
427 3668 506 3723 sic
533 3674 682 3741 patet
713 3667 910 3724 solutio
935 3667 1003 3725 ad
1033 3668 1270 3739 objecta.

969 3820 1364 3916 QUAESTIO
1410 3782 1562 3903 XV.

299 3968 548 4028 -Deinde
577 3967 868 4049 quaesitum
891 3975 974 4026 est
1003 3970 1072 4027 de
1095 3967 1390 4029 virtutibus
1419 3965 1761 4028 moralibus·
1790 3967 1853 4029 ¹1⁰
1880 3966 1950 4027 do
1971 3914 2269 4031 virtutibus
2340 4022 2347 4026 ,
