<?xml version="1.0" encoding="UTF-8"?>
<!DOCTYPE html PUBLIC "-//W3C//DTD XHTML 1.0 Transitional//EN"
    "http://www.w3.org/TR/xhtml1/DTD/xhtml1-transitional.dtd">
<html xmlns="http://www.w3.org/1999/xhtml" xml:lang="en" lang="en">
 <head>
  <title>
</title>
<meta http-equiv="Content-Type" content="text/html;charset=utf-8" />
  <meta name='ocr-system' content='tesseract 3.04.00' />
  <meta name='ocr-capabilities' content='ocr_page ocr_carea ocr_par ocr_line ocrx_word'/>
</head>
<body>
  <div class='ocr_page' id='page_1' title='image "./sthomaquinatisd00thomgoog_0202.png"; bbox 0 0 2800 4492; ppageno 0'>
   <div class='ocr_carea' id='block_1_1' title="bbox 20 3895 27 4181">
    <p class='ocr_par' dir='ltr' id='par_1_1' title="bbox 20 3895 27 4181">
     <span class='ocr_line' id='line_1_1' title="bbox 20 3895 27 4181; textangle 90"><span class='ocrx_word' id='word_1_1' title='bbox 20 4153 23 4181; x_wconf 32' lang='lat' dir='ltr'><strong>-ss-</strong></span> <span class='ocrx_word' id='word_1_2' title='bbox 21 4135 23 4142; x_wconf 94' lang='lat'>-</span> <span class='ocrx_word' id='word_1_3' title='bbox 20 4021 27 4121; x_wconf 54' lang='lat'><strong>‚-.-...</strong></span> <span class='ocrx_word' id='word_1_4' title='bbox 20 3895 26 4014; x_wconf 39' lang='lat'><strong>—‡*——-</strong></span> 
     </span>
    </p>
   </div>
   <div class='ocr_carea' id='block_1_2' title="bbox 500 315 2028 378">
    <p class='ocr_par' dir='ltr' id='par_1_2' title="bbox 500 315 2028 378">
     <span class='ocr_line' id='line_1_2' title="bbox 500 315 2028 378; baseline -0.005 0"><span class='ocrx_word' id='word_1_5' title='bbox 500 315 617 378; x_wconf 87' lang='lat'><strong>188</strong></span> <span class='ocrx_word' id='word_1_6' title='bbox 979 329 1031 375; x_wconf 74' lang='lat' dir='ltr'><strong>a.</strong></span> <span class='ocrx_word' id='word_1_7' title='bbox 1077 327 1308 374; x_wconf 62' lang='lat' dir='ltr'><strong>‘ramum</strong></span> <span class='ocrx_word' id='word_1_8' title='bbox 1349 325 1677 378; x_wconf 59' lang='lat' dir='ltr'><strong>mummius</strong></span> <span class='ocrx_word' id='word_1_9' title='bbox 1719 325 2028 372; x_wconf 67' lang='lat' dir='ltr'><strong>croscum</strong></span> 
     </span>
    </p>
   </div>
   <div class='ocr_carea' id='block_1_3' title="bbox 499 440 2530 876">
    <p class='ocr_par' dir='ltr' id='par_1_3' title="bbox 499 440 2530 876">
     <span class='ocr_line' id='line_1_3' title="bbox 570 440 2528 517; baseline -0.005 -11"><span class='ocrx_word' id='word_1_10' title='bbox 570 448 816 507; x_wconf 89' lang='lat' dir='ltr'><strong>Tertium</strong></span> <span class='ocrx_word' id='word_1_11' title='bbox 852 445 1222 513; x_wconf 81' lang='lat' dir='ltr'><strong>concedimus,</strong></span> <span class='ocrx_word' id='word_1_12' title='bbox 1255 451 1311 501; x_wconf 87' lang='lat' dir='ltr'><strong>et</strong></span> <span class='ocrx_word' id='word_1_13' title='bbox 1359 450 1616 517; x_wconf 87' lang='lat' dir='ltr'><strong>quartum</strong></span> <span class='ocrx_word' id='word_1_14' title='bbox 1658 442 1931 500; x_wconf 86' lang='lat' dir='ltr'><strong>similiter.</strong></span> <span class='ocrx_word' id='word_1_15' title='bbox 1962 441 2046 498; x_wconf 92' lang='lat' dir='ltr'><strong>Illi</strong></span> <span class='ocrx_word' id='word_1_16' title='bbox 2089 445 2279 498; x_wconf 84' lang='lat' dir='ltr'><strong>tamen</strong></span> <span class='ocrx_word' id='word_1_17' title='bbox 2314 441 2413 514; x_wconf 90' lang='lat' dir='ltr'><strong>qui</strong></span> <span class='ocrx_word' id='word_1_18' title='bbox 2468 440 2528 496; x_wconf 90' lang='lat' dir='ltr'><strong>in</strong></span> 
     </span>
     <span class='ocr_line' id='line_1_4' title="bbox 501 528 2527 607; baseline -0.006 -11"><span class='ocrx_word' id='word_1_19' title='bbox 501 540 606 596; x_wconf 83' lang='lat' dir='ltr'><strong>fine</strong></span> <span class='ocrx_word' id='word_1_20' title='bbox 651 536 836 594; x_wconf 90' lang='lat' dir='ltr'><strong>mundi</strong></span> <span class='ocrx_word' id='word_1_21' title='bbox 875 534 986 592; x_wconf 84' lang='lat' dir='ltr'><strong>vivi</strong></span> <span class='ocrx_word' id='word_1_22' title='bbox 1029 534 1403 607; x_wconf 84' lang='lat' dir='ltr'><strong>reperientur,·</strong></span> <span class='ocrx_word' id='word_1_23' title='bbox 1433 549 1625 605; x_wconf 87' lang='lat' dir='ltr'><strong>parum</strong></span> <span class='ocrx_word' id='word_1_24' title='bbox 1661 531 1939 588; x_wconf 81' lang='lat' dir='ltr'><strong>habebunt</strong></span> <span class='ocrx_word' id='word_1_25' title='bbox 1994 530 2063 586; x_wconf 87' lang='lat' dir='ltr'><strong>de</strong></span> <span class='ocrx_word' id='word_1_26' title='bbox 2099 528 2527 597; x_wconf 74' lang='lat' dir='ltr'><strong>cremabilibu3‚</strong></span> 
     </span>
     <span class='ocr_line' id='line_1_5' title="bbox 499 619 2530 698; baseline -0.005 -15"><span class='ocrx_word' id='word_1_27' title='bbox 499 624 935 698; x_wconf 76' lang='lat' dir='ltr'><strong>praecedentibus</strong></span> <span class='ocrx_word' id='word_1_28' title='bbox 979 621 1423 678; x_wconf 86' lang='lat' dir='ltr'><strong>tribulationibus</strong></span> <span class='ocrx_word' id='word_1_29' title='bbox 1452 619 1807 695; x_wconf 84' lang='lat' dir='ltr'><strong>praepurgati.</strong></span> <span class='ocrx_word' id='word_1_30' title='bbox 1838 620 2048 676; x_wconf 85' lang='lat' dir='ltr'><strong>Poterit</strong></span> <span class='ocrx_word' id='word_1_31' title='bbox 2086 619 2253 675; x_wconf 89' lang='lat' dir='ltr'><strong>etiam</strong></span> <span class='ocrx_word' id='word_1_32' title='bbox 2288 619 2407 674; x_wconf 85' lang='lat' dir='ltr'><strong>fieri</strong></span> <span class='ocrx_word' id='word_1_33' title='bbox 2462 625 2530 674; x_wconf 90' lang='lat' dir='ltr'><strong>ut</strong></span> 
     </span>
     <span class='ocr_line' id='line_1_6' title="bbox 502 706 2528 786; baseline -0.005 -14"><span class='ocrx_word' id='word_1_34' title='bbox 502 714 775 772; x_wconf 77' lang='lat' dir='ltr'><strong>acerbitas</strong></span> <span class='ocrx_word' id='word_1_35' title='bbox 843 711 1021 786; x_wconf 71' lang='lat' dir='ltr'><strong>pusnae</strong></span> <span class='ocrx_word' id='word_1_36' title='bbox 1076 710 1277 768; x_wconf 87' lang='lat' dir='ltr'><strong>modici</strong></span> <span class='ocrx_word' id='word_1_37' title='bbox 1333 711 1597 784; x_wconf 86' lang='lat' dir='ltr'><strong>temporis</strong></span> <span class='ocrx_word' id='word_1_38' title='bbox 1650 713 2030 782; x_wconf 82' lang='lat' dir='ltr'><strong>recompenset</strong></span> <span class='ocrx_word' id='word_1_39' title='bbox 2094 706 2528 766; x_wconf 76' lang='lat' dir='ltr'><strong>diuturnitatem</strong></span> 
     </span>
     <span class='ocr_line' id='line_1_7' title="bbox 505 800 936 876; baseline -0.012 -15"><span class='ocrx_word' id='word_1_40' title='bbox 505 818 682 876; x_wconf 81' lang='lat' dir='ltr'><strong>poenae</strong></span> <span class='ocrx_word' id='word_1_41' title='bbox 705 803 758 858; x_wconf 87' lang='lat' dir='ltr'><strong>in</strong></span> <span class='ocrx_word' id='word_1_42' title='bbox 791 800 936 858; x_wconf 89' lang='lat' dir='ltr'><strong>aliis.</strong></span> 
     </span>
    </p>
   </div>
   <div class='ocr_carea' id='block_1_4' title="bbox 1201 995 1824 1095">
    <p class='ocr_par' dir='ltr' id='par_1_4' title="bbox 1201 995 1824 1095">
     <span class='ocr_line' id='line_1_8' title="bbox 1201 995 1824 1095; baseline -0.003 -29"><span class='ocrx_word' id='word_1_43' title='bbox 1201 995 1600 1095; x_wconf 69' lang='lat' dir='ltr'><strong>QuAEs&#39;rio</strong></span> <span class='ocrx_word' id='word_1_44' title='bbox 1645 995 1824 1065; x_wconf 84' lang='lat' dir='ltr'><strong>v111.</strong></span> 
     </span>
    </p>
   </div>
   <div class='ocr_carea' id='block_1_5' title="bbox 508 1156 2527 1504">
    <p class='ocr_par' dir='ltr' id='par_1_5' title="bbox 508 1156 2527 1504">
     <span class='ocr_line' id='line_1_9' title="bbox 576 1156 2526 1233; baseline -0.002 -18"><span class='ocrx_word' id='word_1_45' title='bbox 576 1160 784 1216; x_wconf 83' lang='lat' dir='ltr'><strong>Deinde</strong></span> <span class='ocrx_word' id='word_1_46' title='bbox 813 1159 1106 1233; x_wconf 64' lang='lat' dir='ltr'><strong>quaesitum</strong></span> <span class='ocrx_word' id='word_1_47' title='bbox 1153 1157 1257 1213; x_wconf 76' lang='lat' dir='ltr'><strong>fuit</strong></span> <span class='ocrx_word' id='word_1_48' title='bbox 1287 1157 1355 1214; x_wconf 86' lang='lat' dir='ltr'><strong>de</strong></span> <span class='ocrx_word' id='word_1_49' title='bbox 1383 1156 1703 1213; x_wconf 80' lang='lat' dir='ltr'><strong>remissione</strong></span> <span class='ocrx_word' id='word_1_50' title='bbox 1732 1162 2084 1228; x_wconf 87' lang='lat' dir='ltr'><strong>peccatorum</strong></span> <span class='ocrx_word' id='word_1_51' title='bbox 2106 1172 2121 1225; x_wconf 90' lang='lat'><strong>;</strong></span> <span class='ocrx_word' id='word_1_52' title='bbox 2147 1163 2203 1213; x_wconf 89' lang='lat' dir='ltr'><strong>et</strong></span> <span class='ocrx_word' id='word_1_53' title='bbox 2228 1156 2373 1213; x_wconf 90' lang='lat' dir='ltr'><strong>circa</strong></span> <span class='ocrx_word' id='word_1_54' title='bbox 2413 1156 2526 1212; x_wconf 89' lang='lat' dir='ltr'><strong>hoc</strong></span> 
     </span>
     <span class='ocr_line' id='line_1_10' title="bbox 508 1243 2526 1322; baseline -0.004 -17"><span class='ocrx_word' id='word_1_55' title='bbox 508 1249 740 1322; x_wconf 81' lang='lat' dir='ltr'><strong>quaesita</strong></span> <span class='ocrx_word' id='word_1_56' title='bbox 787 1256 914 1305; x_wconf 89' lang='lat' dir='ltr'><strong>sunt</strong></span> <span class='ocrx_word' id='word_1_57' title='bbox 957 1248 1106 1304; x_wconf 88' lang='lat' dir='ltr'><strong>duo:</strong></span> <span class='ocrx_word' id='word_1_58' title='bbox 1145 1248 1206 1300; x_wconf 76' lang='lat' dir='ltr'><strong>lo</strong></span> <span class='ocrx_word' id='word_1_59' title='bbox 1234 1255 1421 1303; x_wconf 89' lang='lat' dir='ltr'><strong>utrum</strong></span> <span class='ocrx_word' id='word_1_60' title='bbox 1448 1254 1735 1318; x_wconf 88' lang='lat' dir='ltr'><strong>peccatum</strong></span> <span class='ocrx_word' id='word_1_61' title='bbox 1776 1245 1830 1300; x_wconf 91' lang='lat' dir='ltr'><strong>in</strong></span> <span class='ocrx_word' id='word_1_62' title='bbox 1870 1243 2134 1316; x_wconf 85' lang='lat' dir='ltr'><strong>Spiritum</strong></span> <span class='ocrx_word' id='word_1_63' title='bbox 2163 1251 2415 1300; x_wconf 83' lang='lat' dir='ltr'><strong>sanctum</strong></span> <span class='ocrx_word' id='word_1_64' title='bbox 2448 1247 2526 1300; x_wconf 80' lang='lat' dir='ltr'><strong>sit.</strong></span> 
     </span>
     <span class='ocr_line' id='line_1_11' title="bbox 509 1333 2527 1406; baseline -0.002 -13"><span class='ocrx_word' id='word_1_65' title='bbox 509 1337 913 1405; x_wconf 85' lang='lat' dir='ltr'><strong>irremissibile;</strong></span> <span class='ocrx_word' id='word_1_66' title='bbox 943 1341 1005 1394; x_wconf 75' lang='lat'><strong>20</strong></span> <span class='ocrx_word' id='word_1_67' title='bbox 1039 1343 1222 1392; x_wconf 90' lang='lat' dir='ltr'><strong>utrum</strong></span> <span class='ocrx_word' id='word_1_68' title='bbox 1266 1334 1679 1405; x_wconf 82' lang='lat' dir='ltr'><strong>crucesignatus</strong></span> <span class='ocrx_word' id='word_1_69' title='bbox 1706 1333 1799 1406; x_wconf 89' lang='lat' dir='ltr'><strong>qui</strong></span> <span class='ocrx_word' id='word_1_70' title='bbox 1828 1333 2061 1390; x_wconf 86' lang='lat' dir='ltr'><strong>moritur</strong></span> <span class='ocrx_word' id='word_1_71' title='bbox 2086 1339 2381 1404; x_wconf 80' lang='lat' dir='ltr'><strong>antequam</strong></span> <span class='ocrx_word' id='word_1_72' title='bbox 2412 1335 2527 1390; x_wconf 84' lang='lat' dir='ltr'><strong>iter</strong></span> 
     </span>
     <span class='ocr_line' id='line_1_12' title="bbox 509 1422 2522 1504; baseline -0.002 -23"><span class='ocrx_word' id='word_1_73' title='bbox 509 1426 739 1498; x_wconf 87' lang='lat' dir='ltr'><strong>arripiat</strong></span> <span class='ocrx_word' id='word_1_74' title='bbox 778 1425 1218 1492; x_wconf 86' lang='lat' dir='ltr'><strong>transmarinum,</strong></span> <span class='ocrx_word' id='word_1_75' title='bbox 1249 1422 1463 1496; x_wconf 89' lang='lat' dir='ltr'><strong>plenam</strong></span> <span class='ocrx_word' id='word_1_76' title='bbox 1488 1422 1687 1504; x_wconf 70' lang='lat' dir='ltr'><strong>habeat</strong></span> <span class='ocrx_word' id='word_1_77' title='bbox 1738 1427 2087 1494; x_wconf 83' lang='lat' dir='ltr'><strong>peccatorum</strong></span> <span class='ocrx_word' id='word_1_78' title='bbox 2114 1423 2522 1478; x_wconf 73' lang='lat' dir='ltr'><strong>remissionem.</strong></span> 
     </span>
    </p>
   </div>
   <div class='ocr_carea' id='block_1_6' title="bbox 1184 1600 1840 1664">
    <p class='ocr_par' dir='ltr' id='par_1_6' title="bbox 1184 1600 1840 1664">
     <span class='ocr_line' id='line_1_13' title="bbox 1184 1600 1840 1664; baseline 0.002 -1"><span class='ocrx_word' id='word_1_79' title='bbox 1184 1600 1639 1663; x_wconf 85' lang='lat' dir='ltr'><strong>ARTIGULUS</strong></span> <span class='ocrx_word' id='word_1_80' title='bbox 1698 1601 1840 1664; x_wconf 91' lang='lat' dir='ltr'><strong>XV.</strong></span> 
     </span>
    </p>
   </div>
   <div class='ocr_carea' id='block_1_7' title="bbox 397 1731 2522 1816">
    <p class='ocr_par' dir='ltr' id='par_1_7' title="bbox 397 1731 2522 1816">
     <span class='ocr_line' id='line_1_14' title="bbox 397 1731 2522 1816; baseline -0.003 -13"><span class='ocrx_word' id='word_1_81' title='bbox 397 1767 415 1774; x_wconf 90' lang='lat'><strong>·</strong></span> <span class='ocrx_word' id='word_1_82' title='bbox 489 1793 492 1795; x_wconf 13' lang='grc' dir='ltr'><strong>Α</strong></span> <span class='ocrx_word' id='word_1_83' title='bbox 522 1737 740 1804; x_wconf 75' lang='lat' dir='ltr'><strong>Utrum</strong></span> <span class='ocrx_word' id='word_1_84' title='bbox 756 1740 1068 1816; x_wconf 78' lang='lat' dir='ltr'><strong>peccatum</strong></span> <span class='ocrx_word' id='word_1_85' title='bbox 1107 1734 1175 1796; x_wconf 78' lang='lat' dir='ltr'><strong>in</strong></span> <span class='ocrx_word' id='word_1_86' title='bbox 1213 1733 1523 1812; x_wconf 75' lang='lat' dir='ltr'><strong>Spiritum</strong></span> <span class='ocrx_word' id='word_1_87' title='bbox 1560 1731 1948 1796; x_wconf 75' lang='lat' dir='ltr'><strong>sanetumsit</strong></span> <span class='ocrx_word' id='word_1_88' title='bbox 1973 1732 2404 1798; x_wconf 69' lang='lat' dir='ltr'><strong>irremissibile.</strong></span> <span class='ocrx_word' id='word_1_89' title='bbox 2440 1768 2522 1782; x_wconf 89' lang='lat'><strong>--</strong></span> 
     </span>
    </p>
   </div>
   <div class='ocr_carea' id='block_1_8' title="bbox 591 1822 2527 1992">
    <p class='ocr_par' dir='ltr' id='par_1_8' title="bbox 591 1822 2527 1992">
     <span class='ocr_line' id='line_1_15' title="bbox 597 1822 2527 1905; baseline 0.003 -21"><span class='ocrx_word' id='word_1_90' title='bbox 597 1826 738 1904; x_wconf 82' lang='grc'><strong>(2-2</strong></span> <span class='ocrx_word' id='word_1_91' title='bbox 763 1829 974 1905; x_wconf 75' lang='lat' dir='ltr'><strong>quoest.</strong></span> <span class='ocrx_word' id='word_1_92' title='bbox 1009 1825 1106 1896; x_wconf 81' lang='lat'><strong>14,</strong></span> <span class='ocrx_word' id='word_1_93' title='bbox 1139 1827 1261 1884; x_wconf 80' lang='lat' dir='ltr'><strong>art.</strong></span> <span class='ocrx_word' id='word_1_94' title='bbox 1293 1823 1356 1895; x_wconf 89' lang='lat'><strong>3,</strong></span> <span class='ocrx_word' id='word_1_95' title='bbox 1385 1827 1445 1883; x_wconf 80' lang='lat' dir='ltr'><strong>et</strong></span> <span class='ocrx_word' id='word_1_96' title='bbox 1483 1825 1692 1901; x_wconf 66' lang='lat' dir='ltr'><strong>quaest.</strong></span> <span class='ocrx_word' id='word_1_97' title='bbox 1742 1822 1879 1898; x_wconf 86' lang='lat'><strong>118,</strong></span> <span class='ocrx_word' id='word_1_98' title='bbox 1912 1827 2035 1885; x_wconf 78' lang='lat' dir='ltr'><strong>art.</strong></span> <span class='ocrx_word' id='word_1_99' title='bbox 2066 1823 2129 1899; x_wconf 85' lang='lat'><strong>5,</strong></span> <span class='ocrx_word' id='word_1_100' title='bbox 2161 1824 2244 1886; x_wconf 85' lang='lat' dir='ltr'><strong>ad</strong></span> <span class='ocrx_word' id='word_1_101' title='bbox 2266 1827 2336 1902; x_wconf 81' lang='lat'><strong>33</strong></span> <span class='ocrx_word' id='word_1_102' title='bbox 2362 1831 2421 1888; x_wconf 74' lang='lat' dir='ltr'><strong>et</strong></span> <span class='ocrx_word' id='word_1_103' title='bbox 2452 1827 2527 1888; x_wconf 75' lang='lat' dir='ltr'><strong>de</strong></span> 
     </span>
     <span class='ocr_line' id='line_1_16' title="bbox 591 1909 1460 1992; baseline -0.006 -17"><span class='ocrx_word' id='word_1_104' title='bbox 591 1913 784 1986; x_wconf 81' lang='grc' dir='ltr'><strong><em>Μαῑο,</em></strong></span> <span class='ocrx_word' id='word_1_105' title='bbox 813 1916 1021 1992; x_wconf 78' lang='lat' dir='ltr'><strong>qucest.</strong></span> <span class='ocrx_word' id='word_1_106' title='bbox 1054 1912 1192 1986; x_wconf 88' lang='lat'><strong>111,</strong></span> <span class='ocrx_word' id='word_1_107' title='bbox 1219 1915 1342 1972; x_wconf 75' lang='lat' dir='ltr'><strong>art.</strong></span> <span class='ocrx_word' id='word_1_108' title='bbox 1373 1909 1460 1988; x_wconf 91' lang='lat'><strong>5).</strong></span> 
     </span>
    </p>
   </div>
   <div class='ocr_carea' id='block_1_9' title="bbox 512 2043 2541 3980">
    <p class='ocr_par' dir='ltr' id='par_1_9' title="bbox 512 2043 2530 2562">
     <span class='ocr_line' id='line_1_17' title="bbox 580 2043 2530 2120; baseline 0.002 -19"><span class='ocrx_word' id='word_1_109' title='bbox 580 2047 662 2102; x_wconf 83' lang='lat' dir='ltr'><strong>Ad</strong></span> <span class='ocrx_word' id='word_1_110' title='bbox 694 2046 929 2118; x_wconf 87' lang='lat' dir='ltr'><strong>primum</strong></span> <span class='ocrx_word' id='word_1_111' title='bbox 957 2044 1037 2101; x_wconf 87' lang='lat' dir='ltr'><strong>sic</strong></span> <span class='ocrx_word' id='word_1_112' title='bbox 1065 2043 1399 2116; x_wconf 77' lang='lat' dir='ltr'><strong>proceditur.</strong></span> <span class='ocrx_word' id='word_1_113' title='bbox 1430 2045 1482 2099; x_wconf 75' lang='lat' dir='ltr'><strong>l.</strong></span> <span class='ocrx_word' id='word_1_114' title='bbox 1510 2043 1741 2111; x_wconf 84' lang='lat' dir='ltr'><strong>Videtur</strong></span> <span class='ocrx_word' id='word_1_115' title='bbox 1768 2045 1915 2118; x_wconf 88' lang='lat' dir='ltr'><strong>quod</strong></span> <span class='ocrx_word' id='word_1_116' title='bbox 1945 2052 2230 2119; x_wconf 85' lang='lat' dir='ltr'><strong>peccatum</strong></span> <span class='ocrx_word' id='word_1_117' title='bbox 2260 2047 2313 2103; x_wconf 92' lang='lat' dir='ltr'><strong>in</strong></span> <span class='ocrx_word' id='word_1_118' title='bbox 2342 2049 2530 2120; x_wconf 83' lang='lat' dir='ltr'><strong>Spiri-</strong></span> 
     </span>
     <span class='ocr_line' id='line_1_18' title="bbox 513 2131 2527 2206; baseline 0.001 -17"><span class='ocrx_word' id='word_1_119' title='bbox 513 2142 629 2190; x_wconf 86' lang='lat' dir='ltr'><strong>tum</strong></span> <span class='ocrx_word' id='word_1_120' title='bbox 667 2142 916 2190; x_wconf 84' lang='lat' dir='ltr'><strong>sanctum</strong></span> <span class='ocrx_word' id='word_1_121' title='bbox 965 2149 1072 2189; x_wconf 90' lang='lat' dir='ltr'><strong>non</strong></span> <span class='ocrx_word' id='word_1_122' title='bbox 1119 2134 1192 2190; x_wconf 89' lang='lat' dir='ltr'><strong>sit</strong></span> <span class='ocrx_word' id='word_1_123' title='bbox 1243 2132 1640 2190; x_wconf 80' lang='lat' dir='ltr'><strong>irremissibile.</strong></span> <span class='ocrx_word' id='word_1_124' title='bbox 1679 2131 1796 2188; x_wconf 90' lang='lat' dir='ltr'><strong>Una</strong></span> <span class='ocrx_word' id='word_1_125' title='bbox 1848 2141 1933 2189; x_wconf 83' lang='lat' dir='ltr'><strong>est</strong></span> <span class='ocrx_word' id='word_1_126' title='bbox 1978 2135 2121 2190; x_wconf 90' lang='lat' dir='ltr'><strong>enim</strong></span> <span class='ocrx_word' id='word_1_127' title='bbox 2173 2135 2413 2206; x_wconf 83' lang='lat' dir='ltr'><strong>dignitas</strong></span> <span class='ocrx_word' id='word_1_128' title='bbox 2468 2144 2527 2192; x_wconf 90' lang='lat' dir='ltr'><strong>et</strong></span> 
     </span>
     <span class='ocr_line' id='line_1_19' title="bbox 513 2221 2527 2294; baseline 0.001 -16"><span class='ocrx_word' id='word_1_129' title='bbox 513 2224 772 2294; x_wconf 85' lang='lat' dir='ltr'><strong>majestas</strong></span> <span class='ocrx_word' id='word_1_130' title='bbox 800 2223 1059 2278; x_wconf 81' lang='lat' dir='ltr'><strong>Patris-et</strong></span> <span class='ocrx_word' id='word_1_131' title='bbox 1089 2222 1206 2277; x_wconf 81' lang='lat' dir='ltr'><strong>Filii</strong></span> <span class='ocrx_word' id='word_1_132' title='bbox 1233 2229 1288 2278; x_wconf 88' lang='lat' dir='ltr'><strong>et</strong></span> <span class='ocrx_word' id='word_1_133' title='bbox 1311 2221 1547 2294; x_wconf 81' lang='lat' dir='ltr'><strong>Spiritus</strong></span> <span class='ocrx_word' id='word_1_134' title='bbox 1578 2221 1895 2278; x_wconf 82' lang='lat' dir='ltr'><strong>sancti.Scd</strong></span> <span class='ocrx_word' id='word_1_135' title='bbox 1928 2229 2212 2293; x_wconf 87' lang='lat' dir='ltr'><strong>peccatum</strong></span> <span class='ocrx_word' id='word_1_136' title='bbox 2242 2225 2294 2278; x_wconf 92' lang='lat' dir='ltr'><strong>in</strong></span> <span class='ocrx_word' id='word_1_137' title='bbox 2325 2225 2527 2281; x_wconf 87' lang='lat' dir='ltr'><strong>Filium</strong></span> 
     </span>
     <span class='ocr_line' id='line_1_20' title="bbox 512 2309 2527 2386; baseline 0.001 -20"><span class='ocrx_word' id='word_1_138' title='bbox 512 2327 618 2366; x_wconf 89' lang='lat' dir='ltr'><strong>non</strong></span> <span class='ocrx_word' id='word_1_139' title='bbox 665 2320 749 2367; x_wconf 88' lang='lat' dir='ltr'><strong>est</strong></span> <span class='ocrx_word' id='word_1_140' title='bbox 791 2310 1201 2379; x_wconf 88' lang='lat' dir='ltr'><strong>irremissibile;</strong></span> <span class='ocrx_word' id='word_1_141' title='bbox 1237 2310 1441 2365; x_wconf 86' lang='lat' dir='ltr'><strong>dicitur</strong></span> <span class='ocrx_word' id='word_1_142' title='bbox 1484 2309 1628 2365; x_wconf 87' lang='lat' dir='ltr'><strong>enirn</strong></span> <span class='ocrx_word' id='word_1_143' title='bbox 1671 2310 1866 2366; x_wconf 79' lang='lat' dir='ltr'><strong>Matth.</strong></span> <span class='ocrx_word' id='word_1_144' title='bbox 1896 2326 2004 2375; x_wconf 84' lang='lat' dir='ltr'><strong>xu,</strong></span> <span class='ocrx_word' id='word_1_145' title='bbox 2044 2313 2101 2366; x_wconf 70' lang='lat'><strong>3⁴</strong></span> <span class='ocrx_word' id='word_1_146' title='bbox 2154 2328 2166 2366; x_wconf 77' lang='grc' dir='ltr'><em>τ</em></span> <span class='ocrx_word' id='word_1_147' title='bbox 2200 2313 2527 2386; x_wconf 76' lang='lat' dir='ltr'><strong>Quicumque</strong></span> 
     </span>
     <span class='ocr_line' id='line_1_21' title="bbox 515 2397 2527 2476; baseline 0.002 -20"><span class='ocrx_word' id='word_1_148' title='bbox 515 2400 732 2457; x_wconf 79' lang='lat' dir='ltr'><strong>verbum</strong></span> <span class='ocrx_word' id='word_1_149' title='bbox 756 2407 945 2457; x_wconf 82' lang='lat' dir='ltr'><strong>contra</strong></span> <span class='ocrx_word' id='word_1_150' title='bbox 968 2399 1173 2457; x_wconf 79' lang='lat' dir='ltr'><strong>Filium</strong></span> <span class='ocrx_word' id='word_1_151' title='bbox 1202 2399 1430 2455; x_wconf 75' lang='lat' dir='ltr'><strong>hominis</strong></span> <span class='ocrx_word' id='word_1_152' title='bbox 1456 2397 1681 2463; x_wconf 78' lang='lat' dir='ltr'><strong>dixerit,</strong></span> <span class='ocrx_word' id='word_1_153' title='bbox 1713 2398 2021 2456; x_wconf 76' lang='lat' dir='ltr'><strong>remittetur</strong></span> <span class='ocrx_word' id='word_1_154' title='bbox 2047 2401 2116 2456; x_wconf 78' lang='lat' dir='ltr'><strong>ei.</strong></span> <span class='ocrx_word' id='word_1_155' title='bbox 2149 2402 2291 2474; x_wconf 86' lang='lat' dir='ltr'><strong>Ergo</strong></span> <span class='ocrx_word' id='word_1_156' title='bbox 2320 2420 2527 2476; x_wconf 83' lang='lat' dir='ltr'><strong>pecca-</strong></span> 
     </span>
     <span class='ocr_line' id='line_1_22' title="bbox 516 2486 2252 2562; baseline -0.002 -18"><span class='ocrx_word' id='word_1_157' title='bbox 516 2495 634 2544; x_wconf 90' lang='lat' dir='ltr'><strong>tum</strong></span> <span class='ocrx_word' id='word_1_158' title='bbox 664 2489 717 2544; x_wconf 88' lang='lat' dir='ltr'><strong>in</strong></span> <span class='ocrx_word' id='word_1_159' title='bbox 739 2489 1003 2561; x_wconf 89' lang='lat' dir='ltr'><strong>Spiritum</strong></span> <span class='ocrx_word' id='word_1_160' title='bbox 1022 2496 1272 2545; x_wconf 85' lang='lat' dir='ltr'><strong>sanctum</strong></span> <span class='ocrx_word' id='word_1_161' title='bbox 1295 2503 1402 2542; x_wconf 90' lang='lat' dir='ltr'><strong>non</strong></span> <span class='ocrx_word' id='word_1_162' title='bbox 1434 2495 1519 2542; x_wconf 86' lang='lat' dir='ltr'><strong>est</strong></span> <span class='ocrx_word' id='word_1_163' title='bbox 1543 2486 1936 2544; x_wconf 87' lang='lat' dir='ltr'><strong>irremissibile.</strong></span> <span class='ocrx_word' id='word_1_164' title='bbox 2246 2557 2252 2562; x_wconf 29' lang='grc' dir='ltr'>Ι</span> 
     </span>
    </p>

    <p class='ocr_par' dir='ltr' id='par_1_10' title="bbox 517 2575 2528 2826">
     <span class='ocr_line' id='line_1_23' title="bbox 588 2575 2526 2652; baseline 0.002 -17"><span class='ocrx_word' id='word_1_165' title='bbox 588 2579 693 2635; x_wconf 90' lang='lat' dir='ltr'><strong>Sed</strong></span> <span class='ocrx_word' id='word_1_166' title='bbox 715 2583 906 2635; x_wconf 86' lang='lat' dir='ltr'><strong>contra</strong></span> <span class='ocrx_word' id='word_1_167' title='bbox 931 2577 1179 2651; x_wconf 88' lang='lat' dir='ltr'><strong>estquod</strong></span> <span class='ocrx_word' id='word_1_168' title='bbox 1206 2575 1409 2631; x_wconf 88' lang='lat' dir='ltr'><strong>ibidem</strong></span> <span class='ocrx_word' id='word_1_169' title='bbox 1425 2575 1625 2632; x_wconf 88' lang='lat' dir='ltr'><strong>dicitur</strong></span> <span class='ocrx_word' id='word_1_170' title='bbox 1651 2593 1664 2630; x_wconf 71' lang='grc' dir='ltr'>ε</span> <span class='ocrx_word' id='word_1_171' title='bbox 1695 2576 1799 2641; x_wconf 83' lang='lat' dir='ltr'><strong>Qui</strong></span> <span class='ocrx_word' id='word_1_172' title='bbox 1816 2575 2024 2632; x_wconf 73' lang='lat' dir='ltr'><strong>dixerit</strong></span> <span class='ocrx_word' id='word_1_173' title='bbox 2047 2585 2235 2634; x_wconf 82' lang='lat' dir='ltr'><strong>contra</strong></span> <span class='ocrx_word' id='word_1_174' title='bbox 2257 2579 2526 2652; x_wconf 76' lang='lat' dir='ltr'><strong>Spiritum</strong></span> 
     </span>
     <span class='ocr_line' id='line_1_24' title="bbox 517 2663 2528 2742; baseline 0.002 -20"><span class='ocrx_word' id='word_1_175' title='bbox 517 2673 760 2722; x_wconf 79' lang='lat' dir='ltr'><strong>sanctum</strong></span> <span class='ocrx_word' id='word_1_176' title='bbox 784 2666 1022 2731; x_wconf 79' lang='lat' dir='ltr'><strong>verbum,</strong></span> <span class='ocrx_word' id='word_1_177' title='bbox 1048 2681 1156 2721; x_wconf 82' lang='lat' dir='ltr'><strong>non</strong></span> <span class='ocrx_word' id='word_1_178' title='bbox 1181 2663 1547 2721; x_wconf 80' lang='lat' dir='ltr'><strong>remmittetur</strong></span> <span class='ocrx_word' id='word_1_179' title='bbox 1567 2663 1618 2719; x_wconf 79' lang='lat' dir='ltr'><strong>ei</strong></span> <span class='ocrx_word' id='word_1_180' title='bbox 1642 2680 1806 2736; x_wconf 78' lang='lat' dir='ltr'><strong>neque</strong></span> <span class='ocrx_word' id='word_1_181' title='bbox 1834 2664 1897 2721; x_wconf 75' lang='lat' dir='ltr'><strong>in</strong></span> <span class='ocrx_word' id='word_1_182' title='bbox 1930 2665 2024 2721; x_wconf 82' lang='lat' dir='ltr'><strong>hoc</strong></span> <span class='ocrx_word' id='word_1_183' title='bbox 2050 2669 2239 2724; x_wconf 79' lang='lat' dir='ltr'><strong>soeculo</strong></span> <span class='ocrx_word' id='word_1_184' title='bbox 2274 2685 2437 2742; x_wconf 75' lang='lat' dir='ltr'><strong>neque</strong></span> <span class='ocrx_word' id='word_1_185' title='bbox 2468 2673 2528 2726; x_wconf 73' lang='lat' dir='ltr'><strong>in</strong></span> 
     </span>
     <span class='ocr_line' id='line_1_25' title="bbox 517 2755 734 2826; baseline -0.009 -16"><span class='ocrx_word' id='word_1_186' title='bbox 517 2755 734 2826; x_wconf 80' lang='lat' dir='ltr'><strong>futuro,</strong></span> 
     </span>
    </p>

    <p class='ocr_par' dir='ltr' id='par_1_11' title="bbox 521 2837 2527 3002">
     <span class='ocr_line' id='line_1_26' title="bbox 587 2837 2527 2925; baseline 0.003 -27"><span class='ocrx_word' id='word_1_187' title='bbox 587 2837 1264 2925; x_wconf 15' lang='lat' dir='ltr'><strong>Respondeotdicendum</strong></span> <span class='ocrx_word' id='word_1_188' title='bbox 1291 2839 1438 2913; x_wconf 90' lang='lat' dir='ltr'><strong>quod</strong></span> <span class='ocrx_word' id='word_1_189' title='bbox 1488 2839 1559 2897; x_wconf 89' lang='lat' dir='ltr'><strong>de</strong></span> <span class='ocrx_word' id='word_1_190' title='bbox 1608 2847 1833 2914; x_wconf 88' lang='lat' dir='ltr'><strong>peccato</strong></span> <span class='ocrx_word' id='word_1_191' title='bbox 1875 2841 1930 2899; x_wconf 89' lang='lat' dir='ltr'><strong>in</strong></span> <span class='ocrx_word' id='word_1_192' title='bbox 1970 2843 2235 2916; x_wconf 88' lang='lat' dir='ltr'><strong>Spiritum</strong></span> <span class='ocrx_word' id='word_1_193' title='bbox 2272 2854 2527 2904; x_wconf 89' lang='lat' dir='ltr'><strong>sanctum</strong></span> 
     </span>
     <span class='ocr_line' id='line_1_27' title="bbox 521 2927 1385 3002; baseline -0.001 -17"><span class='ocrx_word' id='word_1_194' title='bbox 521 2929 811 3002; x_wconf 84' lang='lat' dir='ltr'><strong>tripliciter</strong></span> <span class='ocrx_word' id='word_1_195' title='bbox 841 2927 1010 3002; x_wconf 84' lang='lat' dir='ltr'><strong>aliqui</strong></span> <span class='ocrx_word' id='word_1_196' title='bbox 1039 2937 1166 2984; x_wconf 86' lang='lat' dir='ltr'><strong>sunt</strong></span> <span class='ocrx_word' id='word_1_197' title='bbox 1195 2928 1385 2984; x_wconf 86' lang='lat' dir='ltr'><strong>locuti.</strong></span> 
     </span>
    </p>

    <p class='ocr_par' dir='ltr' id='par_1_12' title="bbox 514 3009 2541 3980">
     <span class='ocr_line' id='line_1_28' title="bbox 590 3009 2532 3099; baseline 0.005 -26"><span class='ocrx_word' id='word_1_198' title='bbox 590 3019 854 3075; x_wconf 83' lang='lat' dir='ltr'><strong>Doctores</strong></span> <span class='ocrx_word' id='word_1_199' title='bbox 881 3009 1026 3074; x_wconf 85' lang='lat' dir='ltr'><strong>enim</strong></span> <span class='ocrx_word' id='word_1_200' title='bbox 1050 3024 1178 3076; x_wconf 87' lang='lat' dir='ltr'><strong>ante</strong></span> <span class='ocrx_word' id='word_1_201' title='bbox 1206 3017 1571 3090; x_wconf 82' lang='lat' dir='ltr'><strong>Augustinum</strong></span> <span class='ocrx_word' id='word_1_202' title='bbox 1600 3018 1983 3084; x_wconf 82' lang='lat' dir='ltr'><strong>intellexerunt</strong></span> <span class='ocrx_word' id='word_1_203' title='bbox 2008 3029 2293 3095; x_wconf 87' lang='lat' dir='ltr'><strong>peccatum</strong></span> <span class='ocrx_word' id='word_1_204' title='bbox 2318 3023 2371 3080; x_wconf 91' lang='lat' dir='ltr'><strong>in</strong></span> <span class='ocrx_word' id='word_1_205' title='bbox 2400 3025 2532 3099; x_wconf 87' lang='lat' dir='ltr'><strong>Spi-</strong></span> 
     </span>
     <span class='ocr_line' id='line_1_29' title="bbox 523 3105 2529 3183; baseline 0.004 -21"><span class='ocrx_word' id='word_1_206' title='bbox 523 3108 689 3164; x_wconf 87' lang='lat' dir='ltr'><strong>ritum</strong></span> <span class='ocrx_word' id='word_1_207' title='bbox 719 3114 968 3164; x_wconf 88' lang='lat' dir='ltr'><strong>sanctum</strong></span> <span class='ocrx_word' id='word_1_208' title='bbox 1009 3121 1128 3163; x_wconf 80' lang='lat' dir='ltr'><strong>esse</strong></span> <span class='ocrx_word' id='word_1_209' title='bbox 1176 3105 1571 3178; x_wconf 85' lang='lat' dir='ltr'><strong>blasphemiam</strong></span> <span class='ocrx_word' id='word_1_210' title='bbox 1607 3107 1815 3164; x_wconf 90' lang='lat' dir='ltr'><strong>dictam</strong></span> <span class='ocrx_word' id='word_1_211' title='bbox 1850 3117 2040 3166; x_wconf 85' lang='lat' dir='ltr'><strong>contra</strong></span> <span class='ocrx_word' id='word_1_212' title='bbox 2069 3112 2333 3183; x_wconf 89' lang='lat' dir='ltr'><strong>Spiritum</strong></span> <span class='ocrx_word' id='word_1_213' title='bbox 2362 3129 2529 3171; x_wconf 88' lang='lat' dir='ltr'><strong>sanc-</strong></span> 
     </span>
     <span class='ocr_line' id='line_1_30' title="bbox 523 3195 2531 3269; baseline 0.004 -17"><span class='ocrx_word' id='word_1_214' title='bbox 523 3203 659 3262; x_wconf 91' lang='lat' dir='ltr'><strong>tum,</strong></span> <span class='ocrx_word' id='word_1_215' title='bbox 693 3205 788 3253; x_wconf 87' lang='lat' dir='ltr'><strong>aut</strong></span> <span class='ocrx_word' id='word_1_216' title='bbox 817 3212 983 3268; x_wconf 89' lang='lat' dir='ltr'><strong>opera</strong></span> <span class='ocrx_word' id='word_1_217' title='bbox 1011 3197 1144 3269; x_wconf 70' lang='lat' dir='ltr'><strong>ejuS,</strong></span> <span class='ocrx_word' id='word_1_218' title='bbox 1179 3195 1264 3252; x_wconf 87' lang='lat' dir='ltr'><strong>vel</strong></span> <span class='ocrx_word' id='word_1_219' title='bbox 1292 3197 1459 3252; x_wconf 90' lang='lat' dir='ltr'><strong>etiam</strong></span> <span class='ocrx_word' id='word_1_220' title='bbox 1488 3203 1680 3252; x_wconf 87' lang='lat' dir='ltr'><strong>contra</strong></span> <span class='ocrx_word' id='word_1_221' title='bbox 1710 3197 2065 3256; x_wconf 86' lang='lat' dir='ltr'><strong>Divinitatem</strong></span> <span class='ocrx_word' id='word_1_222' title='bbox 2095 3198 2196 3256; x_wconf 92' lang='lat' dir='ltr'><strong>Dei</strong></span> <span class='ocrx_word' id='word_1_223' title='bbox 2225 3203 2401 3258; x_wconf 88' lang='lat' dir='ltr'><strong>Patris</strong></span> <span class='ocrx_word' id='word_1_224' title='bbox 2432 3210 2531 3260; x_wconf 89' lang='lat' dir='ltr'><strong>aut</strong></span> 
     </span>
     <span class='ocr_line' id='line_1_31' title="bbox 522 3282 2531 3360; baseline 0.003 -20"><span class='ocrx_word' id='word_1_225' title='bbox 522 3283 664 3350; x_wconf 88' lang='lat' dir='ltr'><strong>Filii,</strong></span> <span class='ocrx_word' id='word_1_226' title='bbox 698 3284 826 3356; x_wconf 89' lang='lat' dir='ltr'><strong>quia</strong></span> <span class='ocrx_word' id='word_1_227' title='bbox 857 3285 1024 3339; x_wconf 86' lang='lat' dir='ltr'><strong>etiarn</strong></span> <span class='ocrx_word' id='word_1_228' title='bbox 1065 3284 1226 3338; x_wconf 88' lang='lat' dir='ltr'><strong>Pater</strong></span> <span class='ocrx_word' id='word_1_229' title='bbox 1268 3290 1323 3338; x_wconf 87' lang='lat' dir='ltr'><strong>et</strong></span> <span class='ocrx_word' id='word_1_230' title='bbox 1358 3282 1547 3349; x_wconf 76' lang='lat' dir='ltr'><strong>Filius,</strong></span> <span class='ocrx_word' id='word_1_231' title='bbox 1580 3283 1943 3341; x_wconf 86' lang='lat' dir='ltr'><strong>communiter</strong></span> <span class='ocrx_word' id='word_1_232' title='bbox 1981 3289 2265 3354; x_wconf 89' lang='lat' dir='ltr'><strong>sumendo,</strong></span> <span class='ocrx_word' id='word_1_233' title='bbox 2292 3290 2531 3360; x_wconf 80' lang='lat' dir='ltr'><strong>Spiritus</strong></span> 
     </span>
     <span class='ocr_line' id='line_1_32' title="bbox 522 3370 2536 3443; baseline 0.003 -15"><span class='ocrx_word' id='word_1_234' title='bbox 522 3378 744 3428; x_wconf 87' lang='lat' dir='ltr'><strong>sanctus</strong></span> <span class='ocrx_word' id='word_1_235' title='bbox 767 3380 870 3438; x_wconf 90' lang='lat' dir='ltr'><strong>est,</strong></span> <span class='ocrx_word' id='word_1_236' title='bbox 903 3370 1032 3443; x_wconf 87' lang='lat' dir='ltr'><strong>quia</strong></span> <span class='ocrx_word' id='word_1_237' title='bbox 1057 3371 1198 3426; x_wconf 75' lang='lat' dir='ltr'><strong>Deus</strong></span> <span class='ocrx_word' id='word_1_238' title='bbox 1219 3370 1450 3442; x_wconf 78' lang='lat' dir='ltr'><strong>spiritus</strong></span> <span class='ocrx_word' id='word_1_239' title='bbox 1474 3378 1569 3436; x_wconf 83' lang='lat' dir='ltr'><strong>est,</strong></span> <span class='ocrx_word' id='word_1_240' title='bbox 1598 3379 1657 3426; x_wconf 92' lang='lat' dir='ltr'><strong>ut</strong></span> <span class='ocrx_word' id='word_1_241' title='bbox 1685 3373 1886 3429; x_wconf 88' lang='lat' dir='ltr'><strong>dicitur</strong></span> <span class='ocrx_word' id='word_1_242' title='bbox 1914 3375 2069 3430; x_wconf 83' lang='lat' dir='ltr'><strong>Joan.</strong></span> <span class='ocrx_word' id='word_1_243' title='bbox 2097 3391 2176 3443; x_wconf 80' lang='grc' dir='ltr'><strong>ιν,</strong></span> <span class='ocrx_word' id='word_1_244' title='bbox 2205 3379 2291 3432; x_wconf 79' lang='grc'><strong>24.</strong></span> <span class='ocrx_word' id='word_1_245' title='bbox 2324 3379 2536 3435; x_wconf 89' lang='lat' dir='ltr'><strong>Pecca-</strong></span> 
     </span>
     <span class='ocr_line' id='line_1_33' title="bbox 523 3458 2533 3533; baseline 0.003 -16"><span class='ocrx_word' id='word_1_246' title='bbox 523 3466 638 3517; x_wconf 92' lang='lat' dir='ltr'><strong>tum</strong></span> <span class='ocrx_word' id='word_1_247' title='bbox 664 3466 848 3517; x_wconf 87' lang='lat' dir='ltr'><strong>autem</strong></span> <span class='ocrx_word' id='word_1_248' title='bbox 877 3459 932 3515; x_wconf 91' lang='lat' dir='ltr'><strong>in</strong></span> <span class='ocrx_word' id='word_1_249' title='bbox 951 3458 1146 3514; x_wconf 88' lang='lat' dir='ltr'><strong>Filium</strong></span> <span class='ocrx_word' id='word_1_250' title='bbox 1165 3459 1399 3516; x_wconf 87' lang='lat' dir='ltr'><strong>hominis</strong></span> <span class='ocrx_word' id='word_1_251' title='bbox 1422 3459 1730 3532; x_wconf 83' lang='lat' dir='ltr'><strong>intelligunt</strong></span> <span class='ocrx_word' id='word_1_252' title='bbox 1754 3460 2146 3533; x_wconf 83' lang='lat' dir='ltr'><strong>blasphemiam</strong></span> <span class='ocrx_word' id='word_1_253' title='bbox 2176 3463 2231 3519; x_wconf 90' lang='lat' dir='ltr'><strong>in</strong></span> <span class='ocrx_word' id='word_1_254' title='bbox 2255 3465 2533 3523; x_wconf 80' lang='lat' dir='ltr'><strong>Christum</strong></span> 
     </span>
     <span class='ocr_line' id='line_1_34' title="bbox 514 3547 2533 3627; baseline 0.002 -23"><span class='ocrx_word' id='word_1_255' title='bbox 514 3549 824 3604; x_wconf 81' lang='lat' dir='ltr'><strong>secundum</strong></span> <span class='ocrx_word' id='word_1_256' title='bbox 853 3547 1147 3603; x_wconf 90' lang='lat' dir='ltr'><strong>humanam</strong></span> <span class='ocrx_word' id='word_1_257' title='bbox 1176 3553 1450 3627; x_wconf 81' lang='lat' dir='ltr'><strong>naturam.</strong></span> <span class='ocrx_word' id='word_1_258' title='bbox 1482 3548 1549 3602; x_wconf 86' lang='lat' dir='ltr'><strong>Et</strong></span> <span class='ocrx_word' id='word_1_259' title='bbox 1582 3556 1812 3621; x_wconf 86' lang='lat' dir='ltr'><strong>utroque</strong></span> <span class='ocrx_word' id='word_1_260' title='bbox 1840 3550 2003 3607; x_wconf 91' lang='lat' dir='ltr'><strong>modo</strong></span> <span class='ocrx_word' id='word_1_261' title='bbox 2028 3552 2330 3622; x_wconf 86' lang='lat' dir='ltr'><strong>peccabant</strong></span> <span class='ocrx_word' id='word_1_262' title='bbox 2356 3553 2533 3610; x_wconf 82' lang='lat' dir='ltr'><strong>Judaei</strong></span> 
     </span>
     <span class='ocr_line' id='line_1_35' title="bbox 523 3633 2529 3711; baseline 0.002 -17"><span class='ocrx_word' id='word_1_263' title='bbox 523 3638 579 3694; x_wconf 89' lang='lat' dir='ltr'><strong>in</strong></span> <span class='ocrx_word' id='word_1_264' title='bbox 610 3637 906 3694; x_wconf 87' lang='lat' dir='ltr'><strong>Christum.</strong></span> <span class='ocrx_word' id='word_1_265' title='bbox 931 3637 1108 3693; x_wconf 90' lang='lat' dir='ltr'><strong>Primo</strong></span> <span class='ocrx_word' id='word_1_266' title='bbox 1137 3637 1283 3692; x_wconf 91' lang='lat' dir='ltr'><strong>enim</strong></span> <span class='ocrx_word' id='word_1_267' title='bbox 1313 3633 1474 3692; x_wconf 92' lang='lat' dir='ltr'><strong>modo</strong></span> <span class='ocrx_word' id='word_1_268' title='bbox 1514 3645 1704 3693; x_wconf 87' lang='lat' dir='ltr'><strong>contra</strong></span> <span class='ocrx_word' id='word_1_269' title='bbox 1740 3654 1863 3695; x_wconf 88' lang='lat' dir='ltr'><strong>eum</strong></span> <span class='ocrx_word' id='word_1_270' title='bbox 1892 3639 2214 3710; x_wconf 89' lang='lat' dir='ltr'><strong>peccabant,</strong></span> <span class='ocrx_word' id='word_1_271' title='bbox 2244 3642 2529 3711; x_wconf 84' lang='lat' dir='ltr'><strong>miracula,</strong></span> 
     </span>
     <span class='ocr_line' id='line_1_36' title="bbox 526 3725 2533 3800; baseline 0.003 -19"><span class='ocrx_word' id='word_1_272' title='bbox 526 3743 650 3799; x_wconf 87' lang='lat' dir='ltr'><strong>quae</strong></span> <span class='ocrx_word' id='word_1_273' title='bbox 693 3742 792 3799; x_wconf 85' lang='lat' dir='ltr'><strong>per</strong></span> <span class='ocrx_word' id='word_1_274' title='bbox 831 3726 1124 3799; x_wconf 87' lang='lat' dir='ltr'><strong>Spriritum</strong></span> <span class='ocrx_word' id='word_1_275' title='bbox 1165 3732 1417 3781; x_wconf 87' lang='lat' dir='ltr'><strong>sanctum</strong></span> <span class='ocrx_word' id='word_1_276' title='bbox 1450 3733 1508 3780; x_wconf 89' lang='lat' dir='ltr'><strong>et</strong></span> <span class='ocrx_word' id='word_1_277' title='bbox 1538 3725 1743 3781; x_wconf 86' lang='lat' dir='ltr'><strong>virtute</strong></span> <span class='ocrx_word' id='word_1_278' title='bbox 1772 3742 1888 3783; x_wconf 86' lang='lat' dir='ltr'><strong>suae</strong></span> <span class='ocrx_word' id='word_1_279' title='bbox 1925 3728 2243 3786; x_wconf 85' lang='lat' dir='ltr'><strong>Divinitatis</strong></span> <span class='ocrx_word' id='word_1_280' title='bbox 2272 3729 2533 3800; x_wconf 86' lang='lat' dir='ltr'><strong>faciebat,</strong></span> 
     </span>
     <span class='ocr_line' id='line_1_37' title="bbox 531 3813 2538 3886; baseline 0.004 -17"><span class='ocrx_word' id='word_1_281' title='bbox 531 3816 758 3886; x_wconf 84' lang='lat' dir='ltr'><strong>principi</strong></span> <span class='ocrx_word' id='word_1_282' title='bbox 798 3815 1192 3871; x_wconf 87' lang='lat' dir='ltr'><strong>daemoniorum</strong></span> <span class='ocrx_word' id='word_1_283' title='bbox 1229 3813 1597 3868; x_wconf 59' lang='lat' dir='ltr'><strong>attribuenda</strong></span> <span class='ocrx_word' id='word_1_284' title='bbox 1629 3813 1880 3870; x_wconf 89' lang='lat' dir='ltr'><strong>Secundo</strong></span> <span class='ocrx_word' id='word_1_285' title='bbox 1922 3821 2109 3873; x_wconf 85' lang='lat' dir='ltr'><strong>autem</strong></span> <span class='ocrx_word' id='word_1_286' title='bbox 2148 3819 2311 3876; x_wconf 89' lang='lat' dir='ltr'><strong>modo</strong></span> <span class='ocrx_word' id='word_1_287' title='bbox 2338 3826 2538 3878; x_wconf 82' lang='lat' dir='ltr'><strong>contra</strong></span> 
     </span>
     <span class='ocr_line' id='line_1_38' title="bbox 531 3900 2541 3980; baseline 0.004 -23"><span class='ocrx_word' id='word_1_288' title='bbox 531 3917 655 3958; x_wconf 89' lang='lat' dir='ltr'><strong>eum</strong></span> <span class='ocrx_word' id='word_1_289' title='bbox 684 3903 1003 3974; x_wconf 88' lang='lat' dir='ltr'><strong>peccabant,</strong></span> <span class='ocrx_word' id='word_1_290' title='bbox 1034 3901 1264 3959; x_wconf 88' lang='lat' dir='ltr'><strong>dicendo</strong></span> <span class='ocrx_word' id='word_1_291' title='bbox 1298 3917 1311 3956; x_wconf 75' lang='grc' dir='ltr'><em>τ</em></span> <span class='ocrx_word' id='word_1_292' title='bbox 1342 3900 1478 3957; x_wconf 81' lang='lat' dir='ltr'><strong>Ecce</strong></span> <span class='ocrx_word' id='word_1_293' title='bbox 1516 3901 1662 3958; x_wconf 84' lang='lat' dir='ltr'><strong>homo</strong></span> <span class='ocrx_word' id='word_1_294' title='bbox 1691 3917 1881 3969; x_wconf 76' lang='lat' dir='ltr'><strong>vorax,</strong></span> <span class='ocrx_word' id='word_1_295' title='bbox 1906 3909 2125 3976; x_wconf 82' lang='lat' dir='ltr'><strong>potator</strong></span> <span class='ocrx_word' id='word_1_296' title='bbox 2171 3905 2308 3974; x_wconf 70' lang='lat' dir='ltr'><strong>vini,</strong></span> <span class='ocrx_word' id='word_1_297' title='bbox 2338 3913 2400 3964; x_wconf 82' lang='lat' dir='ltr'><strong>ut</strong></span> <span class='ocrx_word' id='word_1_298' title='bbox 2422 3924 2541 3980; x_wconf 79' lang='lat' dir='ltr'><strong>pu·-</strong></span> 
     </span>
    </p>
   </div>
  </div>
 </body>
</html>
