2800 4492
767 355 883 402 κη.
911 369 994 388 --
1020 353 1450 406 ouonnmnruu
1490 352 1800 398 summust
2176 333 2295 395 409

254 476 386 533 nisi
419 475 490 534 ad
519 491 584 532 ea
615 472 814 547 quibus
833 487 892 528 se
910 488 978 528 ex
991 477 1122 528 voto
1137 469 1535 542 obligaverunt.
1559 469 1664 530 Sed
1682 484 1779 540 per
1798 466 2051 523 accidens
2072 466 2291 523 contin·
2382 459 2389 464 ’

254 567 355 638 git
382 564 533 637 quod
555 562 660 618 hoc
690 569 1024 634 praeceptum
1051 559 1228 630 magis
1247 559 1425 629 tangit
1441 557 1725 628 religiosos
1740 571 1906 628 quam
1926 555 2092 623 alios;
2118 561 2173 610 et
2189 554 2293 608 hoc

258 654 596 726 dupliciter.
631 650 832 713 Primo,
866 648 994 720 quia
1020 645 1261 717 religiosi
1285 645 1340 700 in
1381 650 1704 717 paupertate
1730 643 1953 712 vivunt;
1986 643 2129 699 unde
2152 641 2293 696 saci-

258 742 392 798 lius
417 745 598 814 potest
627 739 708 795 eis
733 737 984 793 accidere
1009 735 1154 809 quod
1185 751 1290 790 non
1311 733 1548 790 habeant
1578 732 1723 788 unde
1750 733 2145 804 vivant‚quam
2174 729 2294 786 aliis

262 829 662 887 saecularibus,
699 825 950 883 Secundo
979 840 1044 880 ex
1079 829 1290 878 statuto
1330 821 1534 893 regulae
1570 823 1623 875 in
1668 820 1944 892 aliquibus
1976 819 2291 887 ordinibus3

268 921 432 975 unde
475 918 609 973 dicit
649 916 1015 986 Hieronymus
1057 913 1111 966 in
1159 909 1390 983 epistola
1443 911 1513 966 ad
1560 909 1846 965 Rusticum
1898 907 2223 964 monachum
2279 924 2292 961 ε

268 1005 665 1078 AEyyptiorum
704 999 1031 1057 monasteria
1077 999 1214 1054 lui-m:
1256 1003 1437 1054 tenent
1482 1013 1705 1061 morem,
1752 1002 1815 1051 ut
1852 996 2059 1050 nullum
2108 995 2295 1066 absque

269 1110 442 1167 opere
466 1099 514 1148 et
535 1090 718 1147 tabere
745 1087 1060 1158 suscipiant,
1087 1102 1192 1141 non
1219 1091 1328 1140 tam
1351 1091 1579 1156 propter
1602 1083 1773 1139 victus
1794 1082 2113 1147 necessaria,
2134 1099 2291 1154 quam

269 1189 507 1256 propter
526 1180 720 1235 animoe
737 1177 982 1240 salutem,
1001 1191 1066 1230 ne
1095 1181 1318 1244 vagetur
1335 1170 1655 1244 perniciosis
1683 1169 2123 1242 cogitationibus&
2148 1169 2293 1225 sicut

274 1273 456 1330 etiam
481 1269 548 1326 ad
593 1266 808 1338 vigilias
833 1273 892 1320 et·
921 1264 1030 1320 alia
1062 1263 1259 1335 quibus
1288 1261 1545 1316 domatur
1581 1275 1797 1332 corpu5‚
1830 1265 2083 1314 tenentur
2113 1275 2293 1330 quan-

275 1364 470 1434 doque
511 1356 748 1427 religiosi
775 1371 842 1409 ex
871 1353 1096 1414 statutis
1132 1353 1266 1418 suiS,
1301 1351 1368 1405 ad
1395 1365 1521 1422 quae
1548 1349 1841 1406 saeculares
1880 1364 1985 1402 non
2016 1354 2289 1404 tenentur.

361 1449 441 1504 Ad
467 1447 720 1519 quintum
749 1441 1062 1504 dicendum,
1095 1439 1240 1511 quod
1271 1437 1526 1509 quamvis
1574 1453 1702 1491 usus
1747 1435 2049 1492 liberalium
2089 1437 2290 1491 artium
2358 1417 2362 1424 ¹

276 1541 359 1597 sit
395 1536 644 1596 nobilior,
685 1548 792 1586 non
835 1539 1016 1586 tamen
1060 1529 1138 1583 ita
1177 1535 1260 1583 est
1310 1527 1653 1581 necessarius
1700 1525 1767 1580 ad
1830 1525 2000 1600 vitam
2048 1525 2293 1596 corporis

277 1623 735 1688 sustentandam;
772 1627 827 1674 et
858 1623 1122 1690 praeterea
1157 1615 1260 1671 sub
1288 1613 1605 1686 operatione
1634 1627 1893 1668 manuum
1930 1611 2291 1683 comprehen-

277 1718 456 1786 ditur,
481 1714 626 1769 siout
649 1726 716 1765 ox
739 1709 904 1764 dictis
933 1713 1104 1778 patet,
1137 1713 1245 1760 eto.

920 1879 1374 1942 ARTIGULUS
1422 1878 1651 1959 XVIII.

351 2023 571 2090 Utrum
599 2019 702 2082 illi
723 2016 831 2098 qni
857 2013 1287 2093 spiritualibus
1313 2011 1585 2091 operibus
1607 2013 1847 2082 vacant,
1880 2013 2233 2072 accensentur

514 2129 551 2173 a
581 2108 776 2174 labore
803 2121 1109 2166 manuum.
1139 2136 1217 2146 --
1251 2102 1408 2180 (202,
1437 2102 1645 2178 qnoest.
1678 2099 1815 2170 187,
1848 2102 1969 2158 art.
1998 2097 2085 2177 3).

354 2248 516 2304 Circa
549 2241 846 2298 secundum
888 2239 968 2292 sio
1009 2235 1339 2309 proceditur.
1373 2235 1425 2286 ’1.
1461 2231 1685 2286 Videtur
1725 2229 1869 2302 quod
1896 2228 1974 2283 illi
2004 2229 2097 2301 qui
2121 2227 2288 2300 spiri-

286 2336 528 2393 tualibus
566 2323 820 2402 operibus
871 2330 1101 2386 vacant,
1153 2338 1274 2380 non.
1313 2325 1643 2376 excusantur
1690 2333 1721 2372 a
1782 2316 1965 2372 labore
2009 2331 2287 2372 manuum,

287 2431 306 2483 1
335 2426 485 2480 enim
515 2421 582 2476 ad
621 2415 837 2473 Thesal.
878 2429 962 2487 ιιι,
997 2427 1160 2483 super
1193 2410 1322 2463 illud
1353 2426 1364 2462 :
1391 2409 1447 2462 Si
1473 2408 1588 2476 que's
1616 2421 1723 2460 non
1756 2405 1869 2460 vult
1912 2404 2151 2474 operari,
2185 2420 2289 2456 non

285 2511 589 2571 manducet,
615 2507 748 2559 dicit
773 2502 968 2558 Glossa
1000 2497 1287 2568 Augustini
1313 2511 1326 2548 :
1354 2495 1557 2550 Dicunt
1580 2491 1797 2563 qnidam
1822 2491 1883 2545 de
1904 2489 2149 2561 operibus
2176 2489 2291 2560 spi-

285 2595 578 2656 ritualibus
601 2593 691 2647 hoc
715 2588 1022 2660 Apostolum
1043 2583 1388 2656 proecepisse,·
1420 2585 1476 2634 et
1504 2587 1694 2651 postea
1720 2576 1904 2631 subdit
1928 2593 1951 2644 :-
1969 2576 2069 2630 Sed
2095 2592 2288 2646 super-

286 2690 390 2758 slus
413 2687 682 2738 conantur
709 2683 758 2731 et
799 2666 902 2728 sibi
925 2679 972 2726 et
1003 2669 1186 2725 celeris
1213 2667 1494 2738 caliyinem
1532 2665 1803 2728 obducere,
1834 2669 1891 2718 ut
1930 2662 2065 2734 quod
2089 2663 2291 2717 caritas

284 2774 499 2831 utiliter
523 2773 714 2830 monet,
746 2779 852 2818 non
879 2761 1044 2816 solum
1085 2757 1260 2828 fucere
1295 2757 1486 2819 nolint,
1516 2753 1604 2808 sed
1637 2769 1729 2808 nec
1766 2751 2060 2823 intelliyere
2085 2768 2103 2807 .·
2130 2744 2184 2806 et
2216 2753 2291 2806 ita
2322 2767 2328 2773 ·

287 2864 507 2921 videtur
535 2854 682 2930 quod
721 2868 818 2926 per
854 2848 1160 2921 spiritualia
1190 2861 1354 2918 opera
1397 2859 1430 2899 a
1478 2843 1660 2899 labore
1697 2857 1958 2897 manuum
1988 2857 2091 2896 non
2122 2857 2293 2897 excu-

287 2958 502 3010 santur.

361 3044 414 3098 22
441 3041 732 3097 Praeterea,
769 3029 908 3083 inter
937 3024 1120 3080 omnia
1143 3020 1449 3096 spiritualia
1482 3019 1718 3074 maxima
1748 3023 1874 3072 sunt
1902 3017 2097 3081 orati0‚
2131 3016 2292 3072 lectio

289 3143 347 3188 et
377 3122 714 3201 praedieatio.
748 3116 853 3174 Sed
884 3129 979 3185 per
1014 3114 1118 3166 ista
1156 3125 1321 3181 opera
1354 3125 1460 3163 uon
1484 3111 1813 3176 excusantur
1842 3103 2010 3174 aliqui
2039 3120 2068 3158 a
2109 3103 2293 3158 labore

293 3214 534 3275 manuali
567 3212 725 3279 Ergo,
761 3213 869 3260 ete.
908 3200 1159 3256 Probatio
1188 3197 1404 3252 mediae.
1437 3192 1775 3263 Augustinus
1810 3191 1946 3246 dicit
1975 3192 2031 3244 in
2060 3190 2195 3246 libro
2226 3192 2293 3246 de

291 3305 552 3379 operibus
592 3293 974 3354 monachorum
1007 3305 1020 3342 ι
1049 3286 1189 3354 Quid
1221 3291 1384 3356 ayant
1428 3283 1518 3353 qui
1558 3281 1777 3352 operari
1812 3279 2167 3352 corporaliter·
2194 3298 2296 3336 no..

291 3401 432 3460 lunt,
459 3391 594 3447 scire
623 3383 861 3440 desidero
887 3386 996 3435 ete.
1044 3377 1246 3435 Vocant
1276 3370 1627 3434 orationibus,
1658 3369 1933 3441 inquiunt,
1960 3377 2011 3424 et
2046 3369 2294 3424 lectibui-

291 3488 409 3548 bus,
441 3489 490 3536 et
513 3475 670 3532 verbo
711 3471 848 3536 Παίς
875 3475 930 3523 et
975 3472 1164 3539 postea
1201 3459 1385 3516 subdit
1418 3457 1433 3512 Ξ
1460 3458 1558 3514 Sed
1592 3457 1641 3512 si
1663 3458 1727 3512 ab
1771 3458 1855 3513 his
1890 3457 2164 3511 ninovendi
2188 3473 2292 3510 non

291 3588 493 3634 sumus,
525 3581 618 3622 nec
650 3555 1080 3617 manducandum
1112 3559 1208 3616 est,
1235 3566 1328 3604 nec
1369 3555 1443 3603 est
1465 3547 1911 3620 praeparandum.
1940 3546 1995 3599 Si
2034 3551 2207 3598 autem
2232 3545 2295 3598 ab

293 3665 402 3720 ista
430 3671 620 3713 vacare
648 3665 822 3706 ser-uos
852 3643 952 3700 Dei
979 3640 1137 3697 certis
1174 3637 1475 3694 intervallis
1502 3643 1795 3706 temporum
1831 3632 2173 3702 infirmitatis
2197 3648 2295 3684 ne-

293 3749 508 3808 cessitas
535 3741 692 3813 coqit,
717 3752 816 3792 cur
841 3734 1002 3790 etiam
1029 3745 1136 3785 non
1163 3726 1443 3800 prceceptis
1482 3721 1781 3793 apostolicis
1810 3719 2147 3773 observandis
2187 3720 2295 3774 ali-
2346 3733 2353 3740 ·

293 3855 425 3914 quas
451 3839 634 3907 partes
655 3836 946 3899 temporum
975 3813 1324 3891 deputamus?
1346 3815 1414 3869 Et
1434 3816 1697 3884 quantum
1730 3809 1793 3862 ad
1828 3806 2102 3862 orationes
2127 3807 2291 3862 dicit:

294 3927 476 3986 Citius
503 3917 796 3978 exauditur
818 3928 930 3968 una
967 3901 1251 3965 obedientis
1283 3899 1461 3958 oratio
1486 3912 1641 3970 quam
1670 3895 1838 3956 decem
1865 3894 2035 3950 millia
2066 3903 2297 3953 cuiatem..
