2800 4492
786 327 900 376 xn.
930 341 1012 358 —
1036 328 1466 380 Quonnmnruu
1506 330 1820 379 smmum
2183 309 2302 390 407
2329 333 2334 339 ·

298 438 369 496 de
395 443 515 498 arte
542 454 661 511 sua,
692 445 749 500 et
781 441 1032 516 magistri
1064 445 1268 502 artium
1297 445 1608 504 liberalium
1643 463 1755 506 non
1781 444 1994 521 possint
2015 445 2204 505 vivere
2231 445 2302 501 de

299 536 418 586 arte
446 546 569 590 sua.
596 531 860 590 Similiter
884 541 939 590 et
968 534 1222 612 advoqati
1253 541 1482 609 possunt
1503 536 1692 595 vivere
1715 535 1784 594 de
1815 535 2124 609 patrocinio
2156 536 2304 609 quod

299 627 562 692 praestant
591 619 646 677 in
682 622 899 694 causis;
930 631 984 680 et
1008 623 1263 682 similiter
1298 633 1383 683 est
1408 625 1476 682 de
1501 625 1753 681 omnibus
1778 623 1900 681 aliis
1941 623 2108 681 licitis
2137 638 2306 680 occu-

298 709 632 780 pationibus.
663 710 767 780 Qui
795 727 922 784 ergo
954 719 1290 786 praeceptum
1320 721 1424 784 est,
1450 715 1548 772 sed
1577 731 1685 772 non
1707 729 1897 772 omnes
1923 713 2153 787 obligat,
2180 712 2305 769 ideo
2361 729 2367 736 ·

301 796 368 853 ad
391 803 655 872 utrasque
684 801 925 857 rationes
948 801 1403 878 respondendum
1411 811 1518 860 est.

368 886 453 942 Ad
480 886 717 959 primum
740 904 869 961 ergo
902 898 957 946 et
986 890 1056 946 ad
1094 891 1394 946 secundum
1424 897 1576 964 patet
1603 891 1803 948 solutio
1841 908 1909 948 ex
1932 890 2140 948 dictis.
2173 889 2302 962 quia

301 975 648 1034 concedimus
674 977 915 1035 laborem
938 994 1202 1036 manuum
1226 995 1347 1036 esse
1376 981 1433 1036 in
1456 987 1751 1053 praecepto,
1776 995 1884 1036 non
1909 987 2092 1036 tamen
2116 991 2305 1036 omnes

302 1064 369 1121 ad
394 1063 495 1122 hoc
517 1066 867 1138 singulariter
896 1068 1147 1140 obligari.

368 1154 454 1210 Ad
493 1155 719 1212 tertium
760 1156 1071 1228 dicendum,
1114 1157 1282 1230 quod,
1322 1156 1468 1214 sicut
1504 1173 1571 1214 ex
1607 1156 1770 1215 dictis
1808 1164 1980 1231 patet,
2011 1152 2306 1230 Apostolus

301 1243 541 1316 loquitur
589 1246 646 1301 in
698 1261 829 1302 casu
871 1247 964 1303 illo
1006 1247 1226 1320 quando
1264 1247 1640 1320 praetermisso
1683 1244 1870 1302 labore
1908 1261 2189 1315 manuum,
2234 1246 2304 1300 de

301 1331 461 1389 soedis
489 1333 725 1405 negotiis
749 1334 853 1389 sibi
890 1335 1096 1391 victum
1123 1334 1502 1408 acquirebant,
1532 1335 1592 1390 in
1619 1348 1728 1407 quo
1757 1349 1889 1390 casu
1923 1333 2305 1406 obligabantur

302 1421 371 1478 ad
400 1430 734 1500 praeceptum
754 1423 1081 1482 servandum
1098 1439 1116 1494 ς
1138 1431 1194 1480 et
1211 1423 1334 1480 ideo
1353 1424 1504 1496 digni
1533 1429 1690 1480 erant
1714 1423 2195 1480 excommunicari.

369 1507 453 1564 Ad
483 1513 741 1581 quartum
783 1509 1093 1578 dicendum,
1122 1510 1268 1583 quod
1299 1510 1466 1568 verba
1508 1509 1602 1566 illa
1630 1510 1750 1572 Dei.
1783 1509 1960 1582 magis
2001 1517 2128 1566 sunt
2158 1524 2304 1581 prae-

300 1595 605 1650 nuntiantis
636 1609 854 1667 poenam
890 1611 1054 1668 quam
1080 1597 1450 1674 praecipientis
1485 1595 1919 1653 satisfactionem
1934 1611 1956 1664 ,·
1987 1596 2129 1650 unde
2159 1611 2303 1668 prae-

302 1682 452 1738 misit
485 1699 498 1737 :
530 1683 815 1740 Maledicta
844 1691 997 1742 terra
1024 1684 1084 1742 in
1104 1701 1261 1756 opere
1290 1693 1401 1751 tue,
1426 1685 1608 1760 spinas
1645 1690 1694 1742 et
1734 1684 1960 1742 tribulos
1981 1682 2304 1756 germinabit

303 1769 403 1828 tibi
415 1787 436 1840 ,·
462 1779 517 1828 et
536 1772 787 1830 similiter
816 1772 1031 1830 mulieri
1051 1774 1190 1830 dixit
1216 1791 1230 1831 :
1256 1775 1327 1830 In
1352 1774 1531 1832 dolore
1547 1774 1734 1848 paries
1755 1773 1914 1845 filios.
1945 1773 2013 1828 Et
2044 1771 2168 1828 ideo
2195 1787 2303 1827 non

301 1861 549 1933 sequitur
577 1862 723 1934 quod
754 1861 821 1918 ad
855 1861 1213 1920 laborandum
1242 1863 1473 1936 quilibet
1495 1862 1658 1920 homo
1687 1869 1938 1920 teneatur
1962 1877 2032 1917 ex
2060 1860 2304 1917 necessi-

304 1955 416 2004 tate
442 1951 744 2022 praecepti:
776 1950 916 2006 alias
956 1957 1277 2025 sequeretur
1302 1952 1448 2024 quod
1478 1951 1708 2026 quilibet
1744 1957 2026 2008 teneretur
2049 1949 2119 2007 ad
2149 1949 2304 2021 agri·
2338 2010 2342 2013 Α

301 2037 590 2106 culturam,
625 2038 692 2094 de
722 2055 830 2112 qua
861 2041 1123 2096 Dominus
1150 2041 1226 2096 ibi
1250 2039 1383 2098 facit
1409 2042 1832 2096 mentionem..
1864 2066 1869 2071 ·

370 2128 452 2184 Ad
512 2128 763 2200 quintum
804 2127 1125 2195 dicendum,
1170 2129 1317 2201 quod
1362 2129 1477 2184 vita
1515 2128 1820 2201 spiritualis
1857 2144 1892 2184 a
1929 2128 2077 2185 nullo
2121 2131 2304 2200 potest

301 2217 613 2274 conservati
650 2217 751 2271 nisi
783 2232 878 2288 per
906 2223 1065 2273 actus
1097 2215 1406 2284 virtutum·,
1431 2223 1487 2272 et
1518 2216 1643 2272 ideo
1673 2217 1903 2290 quilibet
1931 2216 2203 2288 obligatur
2233 2214 2304 2272 ad

302 2304 569 2360 servanda
597 2309 873 2376 praecepta-
898 2319 1023 2376 quae
1045 2310 1175 2360 sunt
1197 2303 1267 2360 de
1294 2304 1510 2360 actibus
1539 2303 1806 2360 virtutum
1832 2321 1846 2359 :
1878 2305 1976 2360 sed
1999 2305 2114 2360 vita
2137 2301 2304 2374 spiri-

305 2392 467 2449 tualis
486 2409 521 2449 a
537 2393 721 2447 multis
739 2400 917 2464 potest
936 2392 1247 2466 oonservari
1267 2393 1385 2448 sine
1409 2393 1514 2448 hoc
1537 2393 1685 2466 quod
1705 2393 1956 2448 manibus
1979 2398 2300 2465 operentur3

302 2488 357 2538 et
382 2482 525 2549 ideo,
554 2481 808 2554 quamvis
843 2480 917 2536 sit
942 2479 1268 2552 generaliter
1304 2481 1361 2536 in
1392 2487 1688 2553 praecept0‚
1723 2496 1832 2537 non
1861 2487 2044 2536 tamen
2073 2478 2302 2552 quilibet

302 2571 371 2627 ad
396 2569 833 2627 observationem
860 2570 979 2640 ejus
1004 2575 1241 2626 tenetur.

372 2658 456 2715 Ad
484 2664 697 2714 sextum
734 2658 1046 2726 dicendum,
1078 2657 1225 2730 quod
1252 2675 1359 2715 non
1387 2658 1718 2716 manducare
1753 2673 1858 2714 non
1889 2663 1974 2716 est
2012 2662 2300 2730 peccatum

305 2746 535 2804 mortale
562 2748 667 2803 nisi
694 2747 914 2820 quando
942 2748 1059 2802 sine
1092 2748 1515 2805 manducatione
1543 2747 1659 2806 vita
1693 2746 1902 2804 servari
1941 2763 2046 2804 non
2084 2753 2298 2820 potest;

308 2845 439 2892 tunc
466 2835 611 2893 enim
642 2836 839 2910 aliquis
877 2851 983 2892 non
1012 2837 1392 2893 manducando
1421 2853 1481 2892 se
1509 2838 1689 2910 ipsum
1717 2836 2026 2903 occideret3
2053 2841 2109 2890 et
2144 2835 2303 2890 simi-

308 2926 433 2982 liter
457 2942 562 2982 nou
592 2935 808 2998 oportet
836 2924 981 2999 quod
1006 2925 1204 3000 aliquis
1228 2933 1420 2999 peccet
1443 2943 1550 2982 non
1580 2927 1876 2984 laborando
1906 2925 2175 2991 manibuS,
2199 2922 2303 2980 nisi

304 3015 522 3087 quando
550 3014 687 3071 alias
707 3017 878 3072 vitam
904 3031 1124 3074 servare
1152 3030 1260 3071 non
1282 3015 1596 3087 posset'nisi
1623 3015 1832 3069 illicitis
1861 3013 2041 3082 curis;
2064 3021 2121 3068 et
2151 3013 2295 3075 ideo,

304 3119 429 3159 cum
460 3103 664 3160 illicitae
690 3119 836 3160 curae
870 3104 979 3160 sint
1008 3104 1183 3160 modis
1220 3104 1472 3160 omnibus
1501 3103 1792 3174 fugiendae,
1823 3102 1926 3158 sub
1955 3101 2146 3157 eadem
2181 3101 2301 3156 dis-

306 3189 569 3247 tinctione
591 3192 771 3263 posuit
794 3191 1089 3263 Apostolus
1113 3208 1219 3248 non
1248 3193 1580 3249 manducare
1603 3197 1661 3247 et
1682 3207 1790 3246 non
1808 3189 2040 3262 operari,
2069 3189 2298 3248 dicens:

306 3279 410 3346 Qui
432 3297 540 3336 non
564 3280 678 3336 vult
706 3280 945 3351 operari,
974 3297 1079 3336 non
1102 3281 1397 3338 manducet.

371 3371 455 3426 Ad
486 3370 720 3441 primum
760 3375 945 3424 autem
984 3385 1172 3424 eorum
1208 3385 1335 3441 quae
1364 3369 1420 3424 in
1460 3370 1792 3426 contrarium
1829 3369 2180 3442 objiciuntur,
2211 3368 2300 3424 di-

300 3460 553 3528 cendum,
582 3459 729 3532 quod
754 3473 861 3514 non
897 3457 1149 3531 prohibet
1170 3459 1436 3517 Dominus
1472 3458 1748 3532 Apostolis
1779 3474 1996 3514 omnem
2028 3457 2301 3514 sollicitu-

300 3549 499 3616 dinem,
523 3549 735 3605 scilicet
754 3549 821 3604 de
846 3547 929 3602 his
958 3563 1082 3620 quae
1106 3548 1379 3619 pertinent
1404 3549 1473 3604 ad
1505 3549 1708 3606 victum
1731 3547 1994 3620 corporis»,
2023 3545 2160 3600 alias
2183 3545 2300 3617 ipse

300 3637 506 3694 loculos
545 3654 653 3694 non
688 3637 1004 3706 babuisset;
1033 3630 1130 3694 s'ed
1174 3636 1431 3710 prohibet
1458 3637 1884 3694 sollicitudinem
1919 3634 2294 3701 suffocantem,

302 3743 411 3799 qua
442 3743 591 3782 mens
618 3728 914 3784 suffocatur
940 3726 1253 3801 dupliciter.
1280 3728 1401 3784 Uno
1441 3727 1603 3792 modo
1637 3733 1700 3781 ut
1729 3726 1785 3779 in
1817 3723 1980 3778 rebus
2018 3731 2300 3794 tempora-

303 3815 445 3871 libus
474 3815 633 3871 finem
658 3822 824 3889 ponat
861 3825 1027 3872 rectae
1061 3814 1428 3889 operationis;
1457 3826 1512 3872 et
1537 3815 1641 3870 hoc
1668 3815 1814 3870 Deus
1850 3811 2130 3884 prohibet3
2157 3813 2301 3868 unde

304 3904 643 3976 Augustinus
666 3904 803 3962 dicit
829 3904 887 3962 in
914 3904 1009 3962 lib.
1040 3905 1111 3963 de
1131 3905 1391 3979 operibus
1417 3903 1801 3963 monachorum
1832 3903 2123 3976 (exponens
2143 3901 2298 3972 illud,
