2800 4492
779 307 898 354 111.
929 323 1009 341 —
1035 309 1465 361 ouonmnn‘rum
1506 307 1819 357 snr‘rmma
2185 292 2306 356 399

380 421 675 490 Praeterea,
707 422 873 490 Beda,
910 441 1073 498 super
1099 410 1338 481 Genesim
1369 425 1654 498 inprinc„
1680 425 1814 481 dicit
1848 442 1861 480 ε
1895 423 2140 492 Quatuor
2180 431 2305 480 sunt

284 523 480 566 sensus
505 526 675 568 sacrae
710 511 1006 584 Scripturas
1035 530 1054 570 .·
1103 515 1350 580 historia,
1383 531 1499 588 quae
1528 532 1612 570 res
1651 522 1823 587 gestas
1856 515 2097 586 loquitur
2114 531 2133 583 .·‘
2172 515 2304 571 alle-

282 599 474 670 9om'a,
508 597 566 654 in
603 615 709 672 qua
749 600 901 656 eliud
927 618 993 656 ezr
1027 600 1135 657 ulio
1171 602 1525 675 iutelliqitur3
1553 603 1868 676 tropoloyia,
1901 603 2041 657 idest
2083 601 2303 658 moralis

289 687 525 754 locutio,
555 688 618 742 in
655 705 759 761 qua
794 688 856 744 cle
883 689 1121 746 moribus
1167 689 1483 746 ordinandis
1530 697 1834 758 tractatum·
1879 691 2164 763 anayoyia,
2206 709 2306 763 per

287 793 456 848 quem
483 777 545 832 de
571 779 787 834 summis
825 788 876 838 et
906 780 1192 836 eoelestibus
1229 781 1526 837 tractaturi
1550 781 1621 835 ad
1660 781 1939 852 superiora
1978 779 2300 836 deducimur.

367 867 693 938 Respondeo
715 869 1026 935 dicendum,
1052 869 1194 941 quod
1221 870 1501 926 distinctio
1532 871 1759 926 istorum
1789 879 2024 943 quatuor
2047 887 2302 924 sensuum

294 955 403 1010 lioc
430 955 594 1011 modo
633 956 805 1029 accipi
836 957 1018 1013 debet.
1063 959 1213 1014 Sicut
1255 959 1398 1013 enim
1443 958 1649 1014 dictum
1693 968 1795 1025 est,
1826 974 1979 1014 sacra
2024 959 2305 1030 Scriptura

295 1045 590 1099 veritatem
629 1062 794 1118 quarn
837 1047 1020 1111 tradit,
1064 1047 1355 1120 dupliciter
1401 1047 1744 1116 manifestat;
1773 1064 1868 1120 per
1907 1047 2095 1111 verba,
2127 1054 2181 1103 et
2212 1063 2305 1119 per

298 1148 482 1187 rerum
509 1133 728 1204 figuras,
753 1135 1116 1191 Manifestatio
1137 1144 1320 1192 autem
1341 1152 1465 1209 quae
1493 1143 1576 1192 est
1603 1153 1697 1209 per
1714 1136 1898 1203 verba,
1930 1135 2061 1190 facit
2086 1151 2304 1191 sensum

299 1222 621 1277 historicum
659 1223 775 1280 sive
816 1222 1141 1293 litteralem·;
1187 1225 1328 1281 unde
1358 1231 1534 1280 totum
1572 1225 1626 1279 id
1658 1223 1727 1280 ad
1766 1209 1984 1290 sensufn
2015 1224 2305 1280 litteralem

301 1310 540 1380 pertinet
581 1311 723 1383 quod
769 1327 834 1367 ex
878 1313 996 1384 ipsa
1045 1313 1334 1369 verborum
1379 1312 1776 1384 significatione
1817 1322 1967 1368 recte
2014 1314 2303 1384 accipitur.

298 1399 404 1454 Sed
449 1414 641 1455 sensus
681 1399 998 1471 spiritualis,
1045 1406 1104 1456 ut
1132 1401 1340 1457 dictum
1383 1409 1486 1469 est,
1535 1401 1803 1474 accipitur
1842 1401 1925 1456 vel
1953 1403 2203 1458 consistit
2252 1403 2305 1456 in

299 1488 403 1542 hoc
441 1487 584 1560 quod
617 1489 870 1560 quaedam
909 1506 996 1546 res
1025 1507 1118 1564 per
1159 1491 1385 1562 figuram
1416 1491 1646 1548 aliarum
1690 1507 1869 1546 rerum
1904 1491 2302 1562 exprimuntur,

301 1575 432 1648 quia
461 1576 695 1632 visibilia
722 1577 897 1632 solent
935 1595 1056 1634 esse
1100 1579 1288 1662 figurae
1319 1577 1690 1646 invisibilium,
1726 1586 1785 1634 ut
1816 1579 2107 1651 Dionysius
2148 1579 2304 1634 dicit.

300 1655 432 1720 lude
457 1672 541 1720 est
569 1666 714 1737 quod
753 1681 945 1722 sensus
974 1669 1078 1723 iste
1119 1668 1213 1741 qui
1251 1684 1317 1722 ex
1348 1667 1535 1738 figuris
1564 1663 1848 1740 accipitur,
1880 1667 2181 1740 spiritualis
2206 1683 2303 1724 vo-

301 1759 479 1806 catur.
527 1751 742 1808 Veritas
780 1759 964 1808 autem
1010 1771 1175 1826 quam
1222 1770 1378 1811 sacra
1420 1755 1700 1827 Scriptura
1741 1772 1834 1827 per
1876 1755 2077 1826 figuras
2124 1770 2305 1810 retum

303 1842 492 1907 tradit,
521 1841 587 1896 ad
618 1842 724 1897 duo
749 1842 1033 1899 ordinatur
1061 1860 1074 1896 :
1102 1843 1311 1900 scilicet
1335 1843 1402 1900 ad
1431 1853 1579 1900 recte
1602 1843 1952 1908 credendum,
1980 1851 2035 1897 et
2061 1843 2127 1898 ad
2158 1851 2303 1899 recte

217 2001 226 2007 ,
301 1931 657 2003 operandum.
688 1932 742 1987 Si
773 1931 841 1986 ad
877 1938 1026 1987 recte
1059 1933 1429 2003 operandum3
1459 1933 1540 1988 sic
1568 1941 1651 1989 est
1693 1949 1884 1989 sensus
1924 1932 2163 1997 moralis,
2210 1930 2303 2003 qui

301 2020 412 2077 alio
454 2022 669 2076 nomine
699 2020 1065 2093 tropologicus
1093 2022 1314 2076 dicitur.
1343 2022 1396 2078 Si
1442 2030 1625 2078 autem
1666 2023 1735 2077 ad
1774 2027 1919 2077 recte
1950 2021 2299 2086 credendum,

301 2115 518 2182 oportet
541 2110 875 2180 distinguere
902 2109 1200 2166 secundum
1225 2110 1469 2166 ordinem
1499 2110 1877 2177 credibilium3
1910 2118 1969 2166 ut
1998 2111 2141 2164 enim
2172 2110 2303 2164 Dio*

303 2199 493 2270 nysius
533 2197 690 2262 dicit,
737 2213 794 2252 iv
835 2214 955 2270 cap.
1003 2198 1123 2254 cael.
1169 2199 1403 2262 Hieran,
1455 2205 1633 2254 status
1668 2198 1928 2254 Ecclesiae
1972 2199 2182 2253 medius
2220 2204 2302 2252 est

303 2287 444 2342 iuter
486 2293 690 2342 statum
719 2287 1037 2358 Syuugogae,
1080 2293 1134 2342 et
1163 2293 1368 2343 statum
1397 2287 1657 2343 Ecclesiae
1700 2286 2105 2358 triumphantis.
2137 2286 2304 2342 Vetus

303 2391 432 2447 ergo
467 2382 856 2430 testamentum
885 2376 1058 2446 figura
1087 2375 1190 2431 suit
1228 2376 1351 2430 novi
1385 2391 1398 2428 :
1428 2383 1588 2430 vetus
1624 2373 1784 2430 simul
1813 2383 1869 2429 et
1899 2391 2095 2430 novum
2133 2374 2304 2445 figura

303 2471 428 2520 suut
461 2463 786 2522 coelestium.
825 2466 1026 2520 Sensus
1051 2479 1179 2534 ergo
1215 2463 1533 2536 spiritualis,
1566 2462 1849 2518 ordinatus
1886 2463 1953 2518 ad
1994 2466 2141 2517 recte
2185 2476 2304 2516 cre-

303 2554 561 2620 dendum,
593 2560 772 2624 potest
801 2551 1015 2608 fundari
1053 2553 1106 2607 in
1144 2552 1236 2608 illo
1259 2551 1420 2606 modo
1457 2551 1795 2624 figurationis
1821 2567 1919 2623 pro
1947 2556 2103 2606 vetus
2132 2558 2301 2606 testa-

305 2652 562 2698 mentum
581 2645 778 2714 figurat
803 2658 1045 2699 novum.
1077 2648 1132 2697 et
1167 2641 1246 2697 sic
1268 2648 1351 2696 est
1381 2639 1703 2712 allegoricus
1734 2655 1925 2695 sensus
1956 2638 2037 2694 vel
2069 2641 2301 2712 typicus,

306 2733 603 2790 secundum
637 2733 810 2807 quod
825 2748 889 2788 ea
918 2747 1043 2805 quae
1073 2732 1125 2786 in
1165 2730 1334 2786 veteri
1363 2736 1692 2786 testamento
1728 2729 2090 2800 contigerunt,
2134 2745 2307 2801 expo·

307 2830 508 2878 nuntur
559 2821 628 2876 de
667 2822 881 2878 Christo
910 2830 964 2875 et
1009 2819 1277 2886 Ecclesia;
1308 2818 1393 2876 vel
1442 2826 1620 2891 potest
1660 2818 1916 2876 fundari
1906 2835 1958 2873 in
2008 2817 2097 2873 illo
2145 2815 2303 2872 modo

309 2909 646 2982 figurationis
665 2927 774 2982 quo
795 2926 991 2966 novum
1009 2909 1168 2966 simul
1191 2917 1419 2965 etvetus
1438 2908 1764 2980 significant.
1788 2906 2085 2964 Ecclesiam
2107 2905 2305 2962 trium-

307 2999 560 3073 phantem
584 3017 597 3068 ;
629 3000 792 3056 et‘sic
815 3008 897 3054 est
917 3015 1107 3054 sensus
1130 2999 1477 3071 anagogicus.

275 3073 308 3146 ¹.
373 3091 454 3144 Ad
499 3089 730 3161 primum
769 3105 896 3159 ergo
945 3088 1254 3154 dicendum,
1299 3087 1443 3160 quod
1474 3087 1675 3152 hircus,
1721 3085 1803 3142 vel
1836 3083 1942 3140 alia
1971 3077 2299 3155 hujusmodi,

302 3195 398 3251 per
429 3195 552 3250 quae
593 3177 715 3234 aliae
755 3193 1000 3250 personae
1043 3194 1072 3232 a
1103 3177 1316 3233 Christo
1360 3177 1415 3230 in
1441 3175 1737 3246 scripturis
1771 3173 2143 3243 designantur,
2197 3188 2303 3229 non

301 3267 520 3324 suerunt
559 3283 647 3330 res
684 3267 900 3340 aliquae,
942 3265 1035 3322 sed
1067 3265 1451 3321 similitudines
1488 3263 1843 3334 imaginaria),
1878 3263 1946 3320 ad
1990 3262 2093 3318 boc
2130 3262 2303 3319 solum

302 3364 554 3423 ostensas,
581 3363 639 3414 ut
670 3357 757 3412 ille
782 3371 1026 3429 personae
1051 3354 1524 3426 significarentur;
1555 3353 1697 3408 unde
1725 3352 1816 3408 illa
1845 3352 2171 3422 significatio
2197 3367 2304 3424 qua

303 3463 398 3518 per
428 3445 548 3502 illas
587 3445 971 3501 similitudines
996 3459 1240 3517 personae
1278 3442 1407 3510 illae,
1452 3451 1549 3499 aut
1590 3458 1755 3514 regna
1786 3443 2153 3512 designantur,
2198 3455 2305 3496 non

299 3536 537 3608 pertinet
560 3535 660 3590 nisi
689 3535 754 3590 ad
779 3534 1093 3590 historicum
1117 3549 1368 3599 sensum;
1396 3533 1493 3588 sed
1519 3533 1585 3589 ad
1615 3533 1887 3588 Christum
1909 3528 2302 3599 designandum

300 3625 467 3680 eliam
498 3624 589 3680 illa
619 3640 742 3697 quae
765 3624 814 3678 in
847 3625 924 3679 rei
951 3623 1182 3678 veritate
1207 3623 1573 3694 contigerunt,
1602 3621 1921 3676 ordinantur
1948 3619 2087 3672 sicut
2113 3615 2302 3672 umbra

300 3715 371 3770 ad
417 3715 737 3780 veritatum
778 3723 830 3770 ct
859 3715 981 3770 ideo
1012 3714 1136 3769 talis
1176 3713 1522 3785 significatio,
1572 3727 1680 3783 qua
1724 3727 1818 3781 per
1862 3706 2166 3779 hujusmodi
2216 3722 2304 3762 res

299 3805 550 3860 Christus
574 3811 668 3860 aut
691 3806 804 3875 ejus
831 3804 1070 3860 membra
1090 3803 1485 3874 significantur,
1514 3800 1641 3856 facit
1670 3798 1835 3854 alium
1858 3811 2078 3852 sensum
2105 3801 2302 3868 praeter

298 3892 641 3964 historicum,
671 3893 880 3952 scilicet
921 3893 1290 3967 allegoricum.
1330 3892 1386 3949 Si
1418 3888 1617 3948 alicubi
1648 3903 1776 3946 vero
1807 3885 2114 3972 inveniatur
2155 3885 2302 3962 quod
