2800 4492
579 299 696 364 198
1057 322 1107 367 s.
1156 319 1389 366 ¹1·quAE
1432 319 1761 372 somnum
1800 317 2107 368 oruscum
2755 29 2800 369 Ι

645 436 730 493 Λᾶ
762 435 982 492 tertium
1021 436 1328 502 dicendum,
1365 437 1511 512 quod
1550 435 1803 494 voluntas
1829 435 2027 497 animae
2055 433 2253 492 Christi
2285 441 2371 492 est
2411 435 2597 492 virtus

577 524 730 581 finita
755 525 1095 599 simpliciter,
1128 526 1270 582 sicut
1299 532 1354 581 ot
1381 525 1691 582 intellectus
1716 527 1862 597 ejus;
1894 526 2148 581 meritum
2170 532 2355 581 autem
2386 523 2595 580 Christi

576 613 743 670 habet
776 615 1100 672 intinitatem
1142 631 1206 672 ex
1248 615 1535 688 dignitate,
1577 616 1633 671 in
1675 621 1941 696 quantum
1972 613 2179 670 scilicet
2218 619 2302 669 est
2330 613 2595 673 meritum

578 702 677 764 Dei
707 709 763 760 et
791 703 1042 763 hominis·

1275 883 1732 946 ARTIOULUS
1774 883 1882 944 IV.

590 1013 805 1082 Utrum
837 1015 1045 1082 oculus
1087 1015 1321 1079 Cleo-isti
1338 1019 1483 1098 post
1528 1019 1773 1079 mortem
1815 1013 2011 1092 suerit
2040 1011 2249 1076 oculus
2270 1011 2587 1094 aequivoce.

1041 1105 1104 1185 (3
1122 1109 1326 1185 part„
1355 1110 1566 1186 quoest.
1596 1105 1697 1180 50,
1730 1108 1851 1166 art.
1885 1105 1924 1164 4
1947 1107 2003 1164 et
2030 1103 2119 1181 5).

651 1237 733 1294 Ad
763 1237 1061 1294 secundum
1102 1239 1183 1294 sic
1225 1239 1559 1311 proceditur.
1604 1238 1657 1293 -l,
1706 1237 1932 1293 Videtur
1975 1235 2123 1308 quod
2160 1233 2349 1291 oculus
2385 1234 2593 1292 Christi

583 1332 707 1398 post
737 1336 966 1384 mortem
994 1343 1099 1384 non
1139 1326 1302 1383 suerit
1334 1327 1617 1400 aequivoce
1645 1325 1855 1382 oculus,
1886 1326 2095 1398 Corpus
2122 1323 2265 1379 enim
2295 1323 2496 1379 Christi
2537 1331 2595 1380 et

583 1416 841 1488 quaelibet
875 1417 1111 1489 partium
1139 1417 1257 1488 eju's
1285 1414 1755 1472 substantificatur
1784 1431 1878 1486 per
1904 1411 2241 1488 hypostasim
2268 1412 2365 1467 Dei
2400 1411 2589 1468 Verbi.

582 1505 684 1560 Sed
725 1505 1032 1578 hypostasis
1059 1505 1219 1560 Verbi
1247 1505 1341 1560 Dei
1371 1506 1569 1562 mansit
1602 1505 1751 1560 unita
1790 1502 2004 1575 corpori
2029 1502 2227 1558 Christi
2258 1509 2313 1556 et
2343 1501 2593 1574 partibus

583 1595 700 1664 ejus
730 1603 850 1667 post
875 1601 1126 1650 mortem.
1161 1593 1300 1664 Ergo
1331 1593 1435 1648 suit
1472 1593 1617 1648 idem
1643 1591 1943 1649 secundum
1984 1591 2349 1647 substantiam
2389 1605 2593 1664 corpus

583 1682 782 1737 Christi
813 1690 934 1754 post
960 1691 1187 1738 mortem
1213 1688 1268 1736 et
1292 1691 1439 1747 ante,
1468 1682 1767 1738 secuudum
1794 1687 1969 1738 totum
1993 1687 2048 1735 et
2072 1679 2370 1736 secuudum
2400 1694 2591 1736 omnes

584 1776 768 1842 partes
799 1757 948 1842 ejus3
1000 1785 1104 1826 uon
1152 1785 1282 1841 ergo
1327 1769 1519 1828 oculus
1556 1770 1753 1827 Christi
1795 1769 1897 1826 fuit
1926 1768 2209 1841 aequivoce
2249 1767 2437 1826 oculus
2466 1774 2594 1840 post

587 1864 838 1915 mortem.
2278 1909 2287 1916 .

653 1951 707 2005 2.
730 1948 1019 2014 Praeterea,
1042 1946 1356 2021 philosophi,
1373 1947 1519 2021 loqui
1546 1963 1653 2005 non
1678 1954 1946 2006 noverunt
1966 1946 2069 2002 nisi
2092 1935 2160 2002 de
2187 1945 2402 2002 homine
2429 1961 2587 2018 puro.

584 2035 687 2092 Sed
713 2035 959 2094 Christus
987 2052 1092 2092 non
1123 2036 1226 2110 suit
1255 2053 1421 2110 purus
1453 2036 1633 2104 homo,
1674 2038 1769 2094 sed
1799 2037 1957 2094 homo
1986 2045 2041 2093 et
2069 2035 2404 2108 Deus-Ergo
2440 2037 2590 2109 quod

583 2124 936 2199 Philosophus
959 2125 1111 2193 dicit,
1142 2125 1360 2181 oculum
1388 2126 1622 2182 hominis
1647 2126 1844 2184 mortui
1876 2141 1995 2181 esse
2030 2125 2312 2200 aequivoce
2346 2123 2587 2192 oculum,

583 2229 691 2292 non
717 2213 882 2270 habet
913 2215 1087 2276 locum
1114 2214 1168 2270 in
1193 2215 1429 2271 Christo.
2192 2219 2197 2222 '

631 2303 755 2364 Sed
783 2310 990 2369 contra,
1019 2303 1264 2360 Christus
1281 2299 1377 2360 'est
1402 2304 1629 2360 univoce
1658 2304 1819 2363 homo
1849 2319 1973 2362 cum
2006 2303 2127 2360 aliis
2152 2301 2496 2373 hoiniuibus;
2534 2310 2592 2360 et

583 2407 728 2450 mors
756 2392 872 2464 ejus
899 2393 1002 2450 fuit
1041 2408 1189 2458 vera,
1227 2391 1368 2448 sicut
1404 2399 1464 2450 et
1492 2393 1722 2450 aliorum
1764 2393 2040 2450 hominurn
2080 2407 2246 2456 mors.
2278 2391 2410 2448 Cum
2455 2407 2591 2464 ergo

581 2481 769 2538 oculus
797 2481 1086 2555 cujuslibet
1114 2482 1348 2545 hominis
1377 2483 1576 2539 mortui
1612 2483 1895 2556 aequivoce
1923 2482 2112 2539 oculus
2147 2481 2395 2550 dicatur;
2424 2479 2590 2540 vide-

583 2578 670 2626 tur
698 2571 841 2643 quod
870 2571 1036 2628 etiam
1070 2570 1258 2628 oculus
1297 2571 1495 2628 Christi
1527 2579 1648 2644 post
1692 2578 1922 2628 mortem
1950 2572 2022 2628 sit
2049 2571 2329 2644 aequivoce
2371 2570 2588 2628 oculus.

647 2657 968 2730 Respondeo
1014 2657 1324 2726 dicendum,
1373 2659 1519 2731 quod
1568 2660 1909 2732 aequivocum
1950 2670 2005 2715 et
2048 2660 2337 2716 univocum
2384 2658 2591 2716 dicitur

578 2745 876 2801 secundum
916 2744 1254 2802 definitivam
1283 2746 1547 2803 rationem
1574 2748 1839 2814 eamdem,
1879 2748 1959 2804 vel
1986 2763 2093 2804 non
2127 2748 2395 2805 eamdem.
2423 2748 2589 2805 Ratio

582 2839 762 2892 autem
783 2833 1060 2889 definitiva
1078 2835 1369 2906 cujuslibet
1387 2837 1587 2909 speciei
1614 2839 1847 2893 sumitur
1868 2853 1898 2896 a
1921 2836 2091 2894 sonna
2110 2823 2363 2911 specifica
2388 2837 2585 2910 ipsius.

581 2919 773 2978 Forma
799 2931 980 2979 autem
1011 2923 1263 2996 specifica
1292 2924 1527 2982 hominis
1550 2932 1632 2982 est
1656 2924 1835 2983 anima
1863 2925 2179 2994 rationalis;
2206 2925 2347 2982 unde
2372 2933 2590 2985 remota

583 3013 762 3067 anima
803 3011 1102 3079 rationalis,
1143 3028 1248 3069 non
1279 3022 1459 3087 potest
1489 3029 1770 3070 remanere
1800 3015 1959 3071 homo
1987 3013 2237 3081 univoce,
2280 3014 2373 3070 sed
2403 3015 2589 3088 aequi-

580 3116 714 3160 voce
745 3107 979 3158 tantum.
1009 3100 1237 3174 Oportet
1267 3110 1451 3160 autem
1495 3104 1637 3160 idem
1667 3103 1915 3176 accipere
1944 3103 1999 3160 in
2044 3102 2288 3176 partibus
2324 3103 2471 3176 quod
2502 3111 2591 3162 est

579 3193 631 3247 in
673 3196 815 3258 toto;
861 3206 988 3246 nam
1024 3192 1176 3258 ‚sicut
1219 3192 1398 3248 anima
1449 3208 1509 3248 se
1538 3192 1702 3249 habet
1742 3193 1809 3250 ad
1862 3199 2035 3248 tolum
2074 3207 2290 3265 corpus,
2338 3190 2413 3249 ita
2457 3208 2589 3265 pars

578 3279 775 3336 animae
799 3295 858 3334 se
881 3278 1046 3334 babet
1067 3278 1136 3356 ad
1157 3289 1367 3354 partem
1391 3281 1653 3354 corporiS,
1679 3287 1739 3337 ut
1764 3281 1913 3338 visus
1938 3280 2004 3337 ad
2028 3279 2264 3348 oculum,
2299 3285 2358 3336 ut
2382 3279 2589 3337 dicitur

577 3368 630 3423 iu
657 3383 700 3425 ιι
726 3367 793 3422 de
823 3367 1051 3436 Anima;
1081 3370 1225 3426 unde
1253 3377 1507 3443 separata
1536 3369 1718 3427 anima
1744 3385 1774 3426 a
1802 3385 2047 3443 corpore,
2078 3371 2223 3428 sicut
2249 3384 2358 3428 uon
2381 3367 2588 3426 dicitur

576 3457 737 3514 homo
767 3457 869 3512 nisi
893 3457 1193 3529 aequivoce,
1227 3459 1305 3515 ita
1343 3474 1443 3516 nec
1471 3459 1672 3516 dicitur
1695 3459 1883 3516 oculus
1908 3459 2010 3515 nisi
2044 3458 2354 3532 aequivoce3
2390 3463 2448 3515 et
2478 3457 2589 3517 hoc

574 3545 967 3618 indifferenter,
999 3545 1116 3602 sive
1155 3555 1607 3620 praesuppouatur
1632 3549 1738 3604 alia
1769 3548 1941 3606 forma
1969 3546 2347 3605 substantialis
2373 3546 2426 3603 iu
2456 3563 2589 3605 cor-

575 3649 703 3707 pore
749 3639 878 3690 ante
921 3634 1158 3692 animam
1203 3636 1544 3703 rationalem,
1584 3642 1646 3693 ut
1674 3637 1896 3710 quidam
1925 3637 2149 3708 volunt;
2192 3637 2309 3695 sive
2349 3651 2478 3705 non,
2521 3641 2587 3694 ut

575 3724 748 3795 inagis
777 3723 991 3779 videtur
1017 3738 1315 3781 consonum
1343 3725 1582 3782 veritati.
1616 3725 2008 3802 Quodcumque
2036 3725 2182 3783 enim
2207 3723 2586 3783 essentialium

577 3812 965 3885 principiorum
1005 3812 1402 3881 subtrahatur„
1415 3815 1531 3887 jam
1562 3830 1668 3872 non
1707 3813 2009 3873 remanebit
2038 3815 2232 3872 eadem
2271 3813 2411 3872 ratio
2452 3830 2589 3889 spe-

575 3899 701 3970 ciei,
748 3899 890 3958 unde
936 3915 1040 3959 nec
1074 3917 1271 3970 nomen
1303 3902 1542 3988 ‚univoce
1586 3904 1812 3966 dicetur.
1862 3903 1988 3965 Solo
2036 3910 2222 3966 autem
2266 3903 2371 3965 hoc
2419 3901 2589 3967 modo

2792 3131 2795 3212 l
