2800 4492
466 341 588 408 258
946 362 1000 409 s.
1044 359 1278 409 ‘recma
1317 360 1646 416 Aoum-ns
1686 359 2001 410 ornacum

467 493 594 551 quae
619 477 752 536 facit
781 475 1046 536 tendere
1029 497 1086 536 ιιι
1111 495 1216 537 non
1244 497 1385 550 esse,
1414 488 1497 538 est
1522 471 1689 538 causa
1716 479 2010 536 defectiva.
2035 477 2179 552 Ergo
2203 479 2350 536 Deus
2372 488 2483 536 non

465 574 649 640 potest
678 567 926 639 redigere
955 567 1206 641 aliquid
1192 586 1246 624 in
1276 568 1525 626 nihilum.

537 655 860 729 Respondeo
905 655 1216 725 dicendum,
1263 657 1409 730 quod
1454 657 1523 715 de
1566 657 1813 731 potentia
1850 655 1952 713 Dei
2000 654 2291 730 dupliciter
2333 654 2481 729 loqui

467 758 796 816 possumus·
823 759 932 801 uno
957 746 1121 803 modo
1148 745 1417 814 absolute,
1442 747 1839 805 considerando
1866 747 1983 819 ejus
2009 744 2347 819 potentiam;
2373 745 2480 802 alio

467 834 653 914 modo,
680 835 1075 892 considerando
1113 837 1289 908 ipsam
1318 836 1372 892 in
1399 836 1589 892 ordine
1614 836 1685 908 *ad
1712 835 2041 908 sapientiam
2066 835 2152 891 vel
2181 835 2480 908 praescien-

397 948 402 953 ·
469 919 605 976 tiam
643 935 818 978 suam.
867 922 1164 994 Loquendo
1206 939 1335 995 ergo
1382 923 1633 980 absolute
1674 925 1743 979 de
1770 924 1869 998 Dei
1915 923 2177 995 potentia,
2228 925 2309 978 sic
2338 923 2481 978 Deus

469 1015 650 1082 potest
677 1011 990 1068 universam
1018 1020 1338 1070 creaturam·
1359 1012 1609 1084 redigere
1647 1011 1701 1068 in
1730 1011 1992 1080 nihilum;
2024 1014 2181 1084 cujus
2205 1011 2346 1067 ratio
2374 1017 2475 1075 est,

469 1098 600 1170 quia
629 1107 880 1159 creatura
902 1117 1008 1159 non
1033 1102 1207 1159 solum
1233 1101 1552 1174 producitur
1579 1101 1635 1157 in
1666 1117 1787 1158 esse
1809 1103 1924 1158 Deo
1946 1109 2171 1173 agente„
2192 1100 2288 1156 sed
2313 1099 2479 1155 etiam

471 1202 569 1258 per
584 1187 852 1246 actionem
869 1191 967 1247 Dei
989 1197 1346 1247 conservatur
1365 1190 1421 1246 in
1442 1205 1581 1256 esse,
1608 1188 2056 1246 secundumillud
2073 1187 2141 1245 ad
2158 1187 2379 1253 Hebm,
2408 1191 2437 1242 3
2462 1204 2475 1242 z

469 1275 704 1332 Portans
725 1278 904 1334 omnia
925 1277 1078 1334 verbo
1103 1278 1326 1336 virtutis
1353 1295 1481 1334 suoe.
1510 1278 1665 1335 Unde
1687 1278 2023 1350 Augustinus
2050 1277 2203 1342 dicit,
2235 1291 2293 1332 tv
2318 1291 2479 1347 super

472 1365 612 1421 Gen.
642 1365 711 1421 ad
741 1365 996 1428 litteram,
1042 1367 1186 1440 quod
1217 1367 1395 1424 virtus
1443 1367 1542 1424 Dei
1569 1368 1617 1422 si
1646 1367 1931 1440 aliquando
1960 1365 2021 1420 ab
2052 1366 2128 1420 eis
2156 1381 2271 1437 quae
2299 1371 2477 1420 creata

470 1460 616 1518 sunt,
646 1455 888 1526 rependis
920 1463 1164 1522 cessaret,
1193 1457 1354 1512 simul
1381 1462 1431 1511 et
1462 1457 1676 1512 illorum
1714 1461 1937 1511 cessaret
1972 1453 2183 1526 species,
2213 1452 2477 1524 omnisque

471 1549 675 1598 natura
715 1542 1028 1600 concideret.
1070 1539 1224 1601 Sicut
1265 1552 1449 1602 autem
1490 1545 1637 1600 Deus
1677 1545 1894 1616 propria
1940 1543 2220 1599 voluntate
2258 1542 2389 1613 agit,
2424 1546 2481 1596 et

472 1646 580 1688 non
615 1647 680 1687 ex
705 1633 1030 1689 necessitate
1067 1640 1280 1691 naturae
1312 1635 1380 1690 ad
1420 1649 1603 1690 rerum
1633 1632 2077 1705 productionem3
2112 1631 2188 1686 ita
2207 1631 2379 1704 *etiam
2410 1630 2477 1686 ad

472 1733 661 1774 earum
685 1719 1154 1776 conservationem
1188 1737 1201 1774 :
1233 1728 1288 1776 et
1323 1721 1447 1776 ideo
1472 1727 1651 1792 potest
1680 1719 2001 1776 subtrahere
2030 1733 2184 1774 suam
2210 1719 2477 1773 actionem

475 1821 508 1862 a
544 1806 705 1862 rebus
731 1807 1136 1873 conservandi5‚
1173 1816 1228 1863 et
1264 1807 1368 1864 hoc
1406 1809 1523 1880 ipso
1566 1809 1746 1865 omnia
1786 1809 1838 1863 in
1876 1807 2104 1862 nihilum
2140 1805 2474 1863 deciderent.

474 1895 530 1950 Si
556 1908 683 1949 vero
712 1893 998 1966 loquamur
1025 1895 1092 1950 de
1116 1897 1363 1968 potentia
1393 1897 1488 1952 Dei
1522 1897 1577 1952 in
1614 1897 1803 1953 ordine
1834 1896 1900 1952 ad
1928 1898 2045 1966 ejus
2069 1895 2394 1968 sapientiam
2423 1900 2479 1949 et

476 1982 892 2054 praescientiam,
925 1985 1006 2040 sic
1031 1999 1141 2039 non
1170 1990 1347 2056 potest
1375 1985 1492 2040 fieri
1522 1986 1667 2059 quod
1698 2001 1787 2042 res
1823 1985 1877 2040 in
1912 1984 2140 2039 nihilum
2178 1983 2475 2054 redigatur,

475 2071 604 2142 quia
635 2086 740 2126 non
773 2071 934 2128 habet
961 2071 1064 2128 hoc
1089 2072 1274 2128 divina
1299 2072 1566 2144 sapientia
1596 2090 1610 2127 :
1649 2073 1849 2128 creavit
1879 2071 2021 2126 enim
2054 2071 2193 2127 Deus
2228 2078 2291 2127 ut
2316 2076 2481 2126 essent

475 2158 674 2224 omnia,
703 2166 761 2215 ut
786 2159 984 2215 dicitur
1013 2161 1140 2233 Sap.
1170 2176 1210 2226 1,
1239 2163 1324 2229 ⁴4,
1355 2175 1461 2217 non
1493 2169 1551 2217 ut
1584 2163 1636 2217 in
1666 2161 1893 2216 nihilum
1918 2161 2195 2217 cederent.

543 2247 784 2304 Primum
807 2263 936 2320 ergo
960 2251 1328 2316 concedimuS,
1361 2251 1660 2306 secundum
1690 2250 1835 2323 quod
1862 2249 2109 2322 procedit
2138 2249 2207 2304 de
2234 2247 2479 2320 potentia

473 2336 742 2394 absoluta.

541 2427 626 2482 Ad
666 2427 965 2484 secundnm
1009 2427 1319 2492 dicendum,
1352 2427 1497 2502 quod
1528 2443 1695 2486 causa
1738 2427 1984 2484 defectus
2027 2427 2260 2500 alicujus
2298 2431 2480 2500 potest

472 2531 592 2572 esse
633 2515 839 2591 aliquid
879 2517 1188 2589 dupliciter.
1233 2519 1350 2574 Uno
1392 2518 1555 2575 modo
1596 2534 1663 2572 ex
1710 2517 1927 2590 propria
1971 2518 2293 2584 intentione,
2336 2515 2479 2572 sicut

473 2621 596 2660 cum
625 2603 829 2677 aliquid
871 2605 1240 2662 subtrahendo
1276 2606 1471 2661 'lumen
1512 2614 1705 2670 causat
1749 2605 2029 2674 tenebras;
2076 2613 2132 2660 et
2168 2605 2273 2661 hoc
2318 2603 2477 2659 modo

474 2709 578 2749 non
607 2699 821 2765 oportet
849 2693 992 2765 quod
1029 2693 1100 2749 sit
1123 2709 1289 2750 causa
1314 2694 1585 2750 defectiva
1618 2693 1747 2748 illud
1782 2694 1925 2767 quod
1956 2699 2150 2750 causat
2182 2691 2474 2748 defectum.

471 2781 562 2837 Sic
587 2785 772 2836 autem
800 2781 960 2842 Deus.
980 2785 1159 2851 potest
1183 2796 1302 2838 esse
1346 2780 1579 2852 alicujus
1608 2780 1854 2837 defectus
1878 2797 2065 2845 causa,
2106 2780 2191 2836 vel
2230 2793 2478 2835 excaeca-

476 2866 656 2936 tioniS‚
701 2867 789 2922 vel
827 2867 1221 2938 obdurationis,
1262 2868 1346 2924 vel
1387 2870 1554 2925 ctiam
1598 2868 2025 2936 annihilationis,
2067 2869 2113 2924 si
2146 2867 2326 2924 vellet.
2357 2865 2477 2922 Alio

476 2956 636 3012 modo
661 2955 872 3030 aliquid
907 2965 1088 3030 potest
1125 2973 1246 3015 esse
1287 2974 1454 3016 causa
1490 2959 1737 3014 desectus
1764 2966 1969 3030 praeter
2011 2958 2394 3023 intentionem;
2422 2963 2479 3010 et

477 3044 557 3100 sic
578 3059 792 3116 semper
821 3053 1036 3118 oportet
1064 3046 1207 3118 quod
1237 3061 1403 3102 causa
1432 3045 1679 3102 defectus
1700 3045 1774 3101 sit
1802 3045 2092 3112 defectiva,
2125 3045 2255 3118 quia
2284 3060 2349 3098 ex
2376 3042 2477 3097 de-

475 3131 619 3188 fectu
661 3133 875 3204 agentis
915 3133 1182 3206 contingit
1237 3134 1382 3206 quod
1434 3141 1543 3190 noti
1590 3134 1813 3190 inducat
1851 3118 2239 3206 perfectionem
2286 3133 2336 3186 in
2379 3141 2477 3186 suo

472 3222 666 3277 effectu
714 3239 726 3274 :
755 3227 811 3276 et
846 3221 926 3276 sic
954 3223 1100 3278 Deus
1127 3221 1274 3280 nullo
1316 3222 1475 3278 modo
1516 3228 1699 3294 potest
1740 3236 1859 3278 esse
1885 3236 2053 3278 causa
2096 3221 2358 3286 defectuS,
2392 3218 2477 3285 vel

474 3304 726 3362 tendendi
756 3308 808 3362 in
840 3324 945 3365 non
975 3325 1114 3366 esse.

1189 3491 1641 3554 AR'PIGULUS
1683 3492 1760 3554 V.

485 3617 704 3684 Utrum
739 3618 906 3684 Deus
947 3637 1227 3703 reparare
1261 3627 1458 3703 possit
1485 3609 1640 3688 idem
1666 3643 1908 3688 ricomere
1936 3625 2097 3704 quod
2125 3624 2191 3686 in
2218 3620 2477 3684 nihilum

553 3715 641 3771 est
663 3708 992 3772 redactum.
1023 3748 1100 3758 --
1127 3711 1253 3775 Art
1279 3714 1388 3786 96;
1422 3718 1477 3775 ct
1503 3715 1543 3772 3
1558 3707 1758 3792 p‘art„
1789 3719 1997 3794 quoest.
2031 3715 2128 3786 13,
2163 3718 2285 3774 art.
2319 3712 2388 3785 23
2423 3715 2479 3772 et

553 3803 757 3876 opusc.
785 3799 849 3874 9,
883 3819 1014 3880 cap.
1050 3800 1176 3881 82).

546 3931 704 3988 Circa
725 3935 1022 3990 secundum
1047 3937 1126 3990 sic
1147 3934 1477 4006 proceditur.
1507 3939 1558 3992 t.
1582 3936 1809 3993 Videtur
1832 3935 1976 4008 quod
2005 3935 2150 3992 Deus
2176 3949 2281 3991 non
2308 3933 2480 4006 possit
