2800 4492
473 320 482 327 ’
563 330 644 391 54
1040 347 1096 395 ε.
1138 346 1371 391 'rnouAE
1411 343 1741 395 Aenum-ns
1780 342 2091 389 opuscom

565 462 774 520 habitat
798 461 1222 539 inacesssibilem.
1249 462 1390 533 Ergo
1432 461 1550 519 haec
1596 460 1778 517 omnia
1819 459 1921 517 soli
1950 458 2099 516 Patri
2132 455 2487 525 conveniunt,
2522 460 2577 511 et

572 553 652 608 sic
682 551 828 607 idem
859 551 1003 623 quod
1034 550 1204 623 priuS.

637 644 690 695 6.
717 641 874 707 Item,
905 641 1073 697 Maro.
1108 638 1473 707 x1n‚dicitur
1506 656 1519 694 :
1549 639 1627 695 De
1660 638 1746 695 die
1787 644 1965 695 autem
1990 636 2107 702 illa,
2132 636 2213 693 vel
2248 636 2383 692 hora
2426 651 2576 691 nemo

565 726 664 783 scit
683 745 844 800 neque
869 728 1110 801 Anyeli
1089 746 1150 784 m
1171 729 1312 794 coelo,
1337 745 1501 801 neque
1530 727 1727 794 Filius,
1760 726 1865 783 nisi
1886 727 2074 783 Pater.
2101 725 2245 797 Ergo
2282 726 2459 797 major
2488 730 2571 781 est

567 818 797 873 scientia
813 817 990 875 Patris
1016 833 1182 891 quam
1205 818 1346 873 Filii.
1368 818 1511 889 Ergo
1526 818 1771 889 etmajor
1791 815 2052 886 essentia,
2070 823 2125 923 et
2149 817 2232 871 sic
2255 814 2402 870 idem
2426 812 2576 887 quod

567 907 740 978 prius·

638 994 876 1062 ’7.Ιιειῃ,
907 994 1100 1053 Matth.
1122 1012 1246 1053 xx·
1235 1037 1246 1051 .
1273 996 1462 1053 Sedere
1484 995 1556 1051 ad
1578 996 1854 1053 dexteram
1871 1011 2059 1061 meam,
2086 992 2165 1050 vel
2184 992 2255 1049 ad
2291 993 2578 1051 sinistram

569 1100 738 1141 meam
764 1101 870 1140 non
899 1092 976 1141 est
1020 1101 1192 1141 ’neum
1220 1086 1351 1141 dare
1383 1085 1667 1151 vobis,·sed
1712 1085 1897 1157 quibus
1928 1090 2187 1157 paratum
2223 1090 2299 1139 est
2341 1100 2376 1155 a
2409 1083 2579 1141 Patre

569 1190 702 1229 meo·
734 1174 876 1245 Ergo
903 1173 1072 1229 Filius
1097 1190 1204 1231 non
1229 1180 1313 1230 est
1339 1174 1571 1247 aequalis
1600 1176 1891 1247 potestatis
1914 1174 2081 1230 Patri.
2109 1173 2273 1245 Erg0‚
2296 1180 2407 1228 etc.

641 1268 696 1319 8.
722 1264 879 1330 Item,
911 1262 1028 1319 Col.
1059 1278 1080 1319 1
1113 1262 1316 1320 dicitur
1348 1262 1417 1319 de
1446 1262 1601 1329 Fnio,
1640 1264 1786 1336 quod
1821 1280 1835 1318 ε
1865 1269 1940 1319 est
1974 1261 2375 1335 primoyenitus.
2404 1278 2576 1318 omms

571 1357 838 1408 creaturae
861 1368 880 1408 .·
905 1351 1002 1407 sed
1032 1350 1370 1423 comparatio
1393 1366 1499 1407 non
1528 1357 1612 1407 est
1639 1352 1960 1407 nisi-eorum
1988 1366 2113 1424 quae
2137 1359 2263 1407 sunt
2288 1345 2455 1407 unius
2476 1368 2579 1423 ge-

573 1440 750 1510 neris;
773 1455 902 1511 ergo
922 1440 1092 1497 Filius
1116 1446 1200 1499 est
1224 1448 1500 1497 creatura.

644 1533 698 1584 9.
724 1530 878 1597 Item,
903 1528 1303 1596 Eccle3.xx1v‚
1330 1528 1533 1584 dicitnr
1562 1545 1629 1585 ex
1652 1542 1883 1602 persona
1911 1527 2113 1585 divinae
2136 1527 2473 1601 Sapientiae.
2460 1546 2473 1559 ·
2496 1528 2578 1585 Ab

572 1616 735 1673 initio
757 1625 881 1675 ante
908 1618 1094 1673 saecula
1124 1623 1306 1674 creata
1329 1633 1468 1682 sum,
1495 1625 1551 1673 et
1578 1619 1658 1674 sic
1687 1617 1831 1673 idem
1858 1618 2004 1689 quod
2034 1616 2205 1691 prius.

644 1708 734 1760 ⁴0.
761 1706 916 1772 Item,
945 1705 1036 1759 ino
1064 1706 1158 1776 qui
1187 1704 1539 1772 clarificatur,
1569 1706 1743 1762 minor
1770 1711 1855 1761 est
1887 1705 1979 1762 illo
2002 1706 2095 1779 qui
2134 1705 2450 1764 clarificat.
2482 1708 2580 1764 sed

575 1791 742 1848 Filius
787 1791 1118 1849 clarificatur
1156 1807 1189 1849 a
1225 1792 1407 1862 Patre,
1452 1801 1511 1850 ut
1552 1792 1703 1867 ρείιει
1739 1795 1894 1851 Joan.
1938 1810 2050 1852 xn.
2076 1795 2221 1867 Ergo
2276 1796 2448 1853 Filius
2494 1803 2579 1854 est.

575 1880 752 1935 minor
777 1882 956 1938 Patre.

647 1972 736 2024 Μ.
764 1970 919 2039 Item,
953 1970 1176 2025 mittens
1202 1971 1377 2043 major
1401 1978 1485 2028 est
1530 1987 1595 2028 eo
1642 1972 1736 2044 qui
1774 1973 2037 2043 minium
2068 1975 2164 2030 sod
2206 1976 2368 2031 Pater
2406 1976 2581 2033 mittit

575 2057 792 2127 Filium,
826 2066 887 2113 ut
913 2064 1064 2129 patet.
1093 2057 1218 2115 Gal.
1248 2073 1343 2114 xv:
1375 2058 1531 2117 Misit
1566 2061 1709 2116 Deus
1730 2059 1933 2117 Filium
1955 2078 2129 2128 saum,
2152 2068 2258 2119 etc.
2296 2064 2367 2119 Ει
2410 2064 2580 2121 etiam

577 2145 748 2201 mittit
775 2145 1036 2218 Spiritum
1066 2154 1332 2213 sanctum,
1364 2147 1521 2203 Joan.
1548 2162 1651 2203 xxv
1682 2164 1696 2202 ι
1725 2147 2033 2204 Paracletus
2064 2146 2303 2220 Spiritus
2341 2156 2580 2215 sanctus,

576 2249 728 2305 quem
752 2234 927 2289 mittet
955 2234 1169 2291 Pater'
1146 2250 1207 2290 m
1235 2234 1445 2291 nomine
1466 2252 1599 2291 meo.
1631 2236 1773 2307 Ergo
1818 2238 1980 2291 Pater
2021 2240 2194 2308 major
2231 2245 2315 2293 est
2356 2237 2496 2293 Filio
2528 2246 2583 2293 et

575 2321 782 2393 Spiritu
809 2330 1020 2379 sancto.
1052 2323 1120 2379 Et
1147 2322 1228 2379 sic
1263 2322 1370 2382 ista
1398 2319 1671 2395 sententia
1701 2339 1867 2397 quam
1893 2324 2049 2393 dicit,
2080 2339 2188 2380 non
2216 2324 2436 2380 νίᾱειιιι·
2458 2340 2582 2382 esse

575 2408 702 2465 fidei
731 2410 1036 2469 catholicae.

645 2502 752 2558 Sed
781 2507 971 2559 contra
998 2509 1102 2571 est,
1134 2503 1281 2576 quod
1309 2502 1515 2559 dicitur
1536 2502 1691 2559 Ioan.
1724 2518 1772 2559 1.
1791 2502 1861 2559 In
1884 2501 2157 2575 prim-ipio
2180 2510 2300 2559 erat
2329 2502 2579 2567 Verbum,

573 2596 625 2647 et
657 2589 882 2647 Verbum
906 2599 1026 2648 erat
1066 2592 1210 2663 apud
1237 2592 1427 2657 Deum,
1457 2598 1507 2647 et
1540 2592 1691 2647 Deus
1730 2597 1847 2647 erat
1896 2590 2143 2656 Verbum,
2176 2596 2225 2649 et
2264 2590 2445 2646 omnia
2478 2606 2584 2663 per

575 2678 752 2749 ipsum
771 2678 920 2749 facta
949 2686 1096 2743 sunt,
1127 2687 1234 2733 etc.
1265 2679 1344 2733 Ex
1373 2694 1482 2749 quo
1525 2679 1757 2733 habetur
1790 2679 1937 2749 quod
1982 2679 2151 2733 Filius
2200 2679 2273 2735 εἱι
2316 2686 2579 2746 aeternus»,

576 2766 714 2821 alias
742 2780 848 2821 non
877 2772 1022 2821 esset
1050 2766 1104 2820 in
1129 2765 1441 2837 principio·
1464 2772 1521 2819 et
1548 2762 1695 2835 quod
1724 2764 1796 2820 sit
1832 2764 1980 2819 Patri
2018 2764 2265 2835 aequaliS,
2294 2767 2433 2823 alias
2474 2783 2583 2823 non

579 2858 724 2909 esset
752 2854 928 2909 Deus:
951 2859 1007 2909 et
1033 2852 1180 2927 quod
1204 2868 1312 2909 non
1339 2852 1415 2908 sit
1437 2856 1707 2920 creatura,
1728 2851 1865 2908 alias
1892 2866 1990 2924 per
2018 2852 2193 2923 ipsum
2227 2856 2411 2911 omnia
2435 2855 2585 2913 sacta

580 2957 688 2998 non
712 2947 912 2999 esseut.

646 3034 804 3099 Item,
837 3047 963 3088 cum
989 3030 1158 3087 Filius
1180 3030 1254 3087 sit
1275 3030 1499 3099 verita,
1532 3030 1601 3086 do
1624 3045 1683 3087 se
1704 3028 1964 3087 mentitus
2000 3044 2105 3087 non
2131 3036 2214 3095 ,εει
2243 3048 2255 3085 ε
2289 3031 2382 3087 sed
2412 3030 2586 3088 Filius

583 3120 798 3178 dicebat
822 3137 881 3177 se
914 3121 1057 3176 Patri
1100 3119 1388 3193 aequalem.
1417 3120 1571 3175 Joan.
1601 3135 1636 3176 v
1666 3135 1680 3175 ε
1712 3119 1933 3175 Patrem
1960 3136 2113 3175 suum
2155 3119 2356 3176 dicebat
2385 3120 2583 3190 Deum,

581 3211 831 3282 aequalem
859 3226 910 3264 se
937 3208 1138 3280 sac-iens
1167 3208 1293 3264 Deo·
1319 3208 1462 3280 Ergo
1494 3208 1607 3281 ipse
1635 3214 1720 3263 est
1749 3208 1979 3281 aequalis
2007 3208 2175 3287 Patri:

650 3299 786 3354 Item
817 3298 1010 3371 Philip.
1045 3314 1090 3354 11
1122 3315 1135 3351 :
1166 3298 1293 3355 Non
1333 3297 1587 3369 rapinam
1634 3297 1937 3354 arbitratus
1976 3305 2053 3355 est
2092 3314 2195 3354 esse
2238 3314 2292 3354 se
2326 3300 2587 3371 oequalem

469 3404 477 3409 ·
577 3389 716 3455 Deo‚·
748 3392 894 3467 esset
933 3393 1118 3445 autem
1154 3388 1344 3459 rapina
1393 3388 1442 3442 εἰ
1488 3386 1847 3444 arbitraretur
1883 3395 1940 3443 et
1972 3402 2079 3443 non
2118 3394 2280 3443 esset.
2312 3388 2453 3459 Ergo
2496 3398 2586 3446 est

577 3475 808 3551 aequalis
831 3478 967 3531 Deo,

649 3566 806 3632 Item,
833 3564 988 3619 Joan.
1015 3578 1058 3619 x
1094 3580 1106 3619 :
1143 3563 1260 3635 qu
1286 3570 1337 3619 ot
1370 3564 1541 3620 Pater
1562 3578 1731 3619 unam
1774 3580 1975 3630 sumus,
2001 3570 2055 3620 et
2096 3565 2253 3621 Joan.
2282 3580 2386 3621 xxv
2418 3581 2431 3619 :
2465 3567 2587 3638 Eyo

581 3653 642 3709 in
663 3651 852 3716 Patre,
877 3658 929 3706 et
950 3649 1119 3706 Pater
1147 3651 1206 3705 in
1227 3666 1306 3705 me
1329 3657 1429 3707 est.
1454 3650 1596 3721 Ergo
1621 3666 1759 3706 unus
1787 3650 1895 3707 alio
1924 3653 2097 3723 major
2124 3667 2229 3706 non
2253 3659 2357 3706 est.

652 3743 808 3807 Item,
836 3741 994 3796 Rom.
1025 3756 1086 3796 rx
1113 3755 1126 3792 ε
1155 3740 1246 3795 Ea·
1278 3737 1464 3811 quibus
1500 3737 1747 3797 Christus
1774 3740 1866 3811 qui
1905 3748 1980 3796 est
2022 3756 2182 3813 saper
2218 3739 2397 3795 omnia
2444 3740 2587 3797 Deus

583 3828 876 3887 benedictus
886 3846 906 3897 ‚·
929 3845 1056 3901 ergo
1082 3827 1262 3884 nullus
1289 3828 1539 3899 superior
1564 3842 1631 3883 eo
1648 3834 1751 3895 εει,
1774 3829 1935 3885 etsie
1958 3845 2063 3886 non
2090 3837 2171 3885 est
2201 3828 2373 3884 minor
2400 3830 2583 3886 Patre.

590 3983 602 4003 ,ι
655 3910 812 3988 Item,
863 3920 889 3975 I
919 3920 1074 3976 Joan.
1117 3918 1198 3975 ult
1231 3936 1243 3974 :
1274 3917 1434 3975 Dedit
1476 3916 1621 3975 nobis
1651 3933 1858 3975 sensum
1892 3924 1953 3976 ut
1990 3934 2352 3993 coquoscamus
2376 3934 2588 3977 berum
