2800 4492
2660 11 2787 269 Ὶ

600 415 759 471 detur
788 416 934 490 quod
965 415 1053 471 ille
1082 417 1175 490 qui
1201 423 1284 472 est
1311 415 1589 483 liberatus„
1624 432 1731 471 non
1762 420 2011 472 teneatur
2040 413 2093 470 ei
2114 414 2409 470 restituere
2439 427 2633 486 pecu·

603 507 750 560 niam
781 511 1106 562 mutuatam.
1910 545 1917 552 .
2188 545 2195 552 .
2330 543 2335 550 -

611 643 618 650 .
671 594 776 650 Sed
804 601 994 650 contra
1019 601 1101 649 est
1125 594 1270 667 quod
1301 595 1583 663 Dominae,
1614 593 1806 650 Matth.
1837 610 1939 661 vn,
1970 594 2207 662 ⁴2‚dicit
2236 593 2473 658 :Omnia
2504 609 2633 665 qua·

602 683 764 740 vultis
785 690 846 740 ut
882 682 1091 754 saciant
1118 681 1258 738 vobis
1282 683 1535 748 homines,
1562 690 1614 739 et
1634 699 1723 738 vos
1748 684 1909 754 facite
1936 683 2199 740 iltis..Sed
2230 683 2317 738 ille
2342 683 2441 755 qui
2480 681 2633 736 libe-

606 778 758 827 ratus
783 779 868 828 est
895 788 927 828 a
952 771 1270 837 latronibus,
1298 770 1461 828 vellet
1490 771 1594 827 sibi
1621 771 1855 836 restitui,
1884 772 1929 826 si
1956 772 2441 845 quid‘mutuasset.
2478 770 2631 840 Ergo

601 860 770 917 etiam
796 861 910 933 ipse
939 861 1101 917 debet
1130 861 1421 917 restituere
1442 860 1587 934 quod
1618 869 1806 916 mutuo
1832 862 2064 933 accepit.

676 949 994 1023 Respondeo
1017 949 1328 1014 dicendum,
1354 947 1499 1021 quod
1519 948 1751 1020 justitiae
1780 955 1937 1005 actus
1954 956 2039 1005 est
2064 949 2355 1022 unicuique
2384 949 2629 1003 reddere

607 1038 752 1112 quod
780 1038 882 1094 sibi
915 1037 1162 1094 debetur.
1199 1037 1369 1102 Unde,
1406 1052 1531 1092 cum
1556 1036 1769 1092 ratione
1799 1045 2117 1093 contractus
2150 1037 2307 1094 bonae
2336 1038 2490 1103 fidei,
2526 1039 2627 1111 qui

573 1179 578 1184 .
611 1129 711 1182 luit
733 1126 894 1202 inter
929 1134 1268 1182 mutuantem
1305 1135 1360 1182 et
1387 1134 1579 1182 mutuo
1622 1126 2001 1198 accipientem,
2042 1127 2317 1195 restitutio
2345 1127 2627 1181 debeatur

609 1233 672 1274 ex
702 1216 936 1288 justitiae
976 1224 1279 1289 praecept03
1327 1222 1543 1271 tenetur
1577 1214 1667 1269 ille
1704 1216 1798 1286 qui
1838 1224 2025 1284 mutuo
2058 1215 2272 1286 accepit
2302 1215 2623 1287 pecuniam,

609 1320 730 1364 eam
761 1306 985 1361 reddere
1009 1303 1299 1372 creditori;
1327 1312 1381 1360 et
1412 1309 1565 1359 tanto
1592 1303 1785 1374 magia,
1822 1310 2027 1376 quanto
2056 1303 2115 1358 in
2129 1304 2334 1374 majori
2354 1304 2624 1359 necessi-

613 1399 726 1449 tate
753 1392 990 1450 creditor
1015 1391 1120 1448 sibi
1149 1391 1423 1447 subvenit.
1964 1407 1975 1419 ·
2328 1439 2335 1446 .

681 1480 762 1538 Ad
786 1481 1018 1553 primum
1037 1495 1166 1552 ergo
1191 1480 1499 1545 dicendum,
1524 1478 1672 1552 quod
1693 1487 1823 1536 tunc
1847 1481 1900 1535 in
1928 1480 2251 1536 necessitate
2272 1479 2412 1534 fiunt
2436 1481 2623 1535 omnia

613 1571 920 1628 communia
945 1586 1070 1625 cum
1107 1569 1268 1624 homo
1294 1581 1400 1624 non·
1426 1574 1611 1641 potest
1633 1568 1733 1622 sibi
1766 1569 1832 1624 de
1856 1583 1955 1624 suo
1978 1569 2296 1636 subvenire;
2326 1569 2623 1624 ridiculum

615 1658 756 1712 enim
799 1665 961 1723 esset,
999 1659 1043 1713 si
1086 1658 1210 1732 quis
1247 1658 1448 1713 samem
1490 1656 1703 1729 patiens
1735 1657 1901 1724 nollet
1939 1658 2185 1729 accipere
2214 1672 2416 1730 panem
2456 1675 2623 1730 quem

615 1744 839 1800 haberet
864 1747 916 1800 in
945 1761 1092 1812 arca,
1123 1751 1179 1804 et
1202 1744 1410 1800 diceret
1438 1759 1497 1799 se
1529 1745 1777 1816 accipere
1802 1760 1993 1816 panem
2020 1745 2254 1800 alienum
2278 1745 2441 1816 quasi
2464 1760 2621 1800 com-

616 1847 862 1900 munem3
901 1849 1027 1904 quae
1077 1841 1259 1888 autem
1308 1848 1407 1905 per
1438 1831 1643 1887 amicos
1688 1847 1993 1904 possumus,
2036 1849 2132 1905 per
2168 1847 2265 1886 nos
2305 1832 2623 1904 aliqualiter

619 1936 922 1992 possumu5‚
964 1927 1024 1975 ut
1051 1919 1184 1976 dicit
1215 1919 1570 1991 Philosophus
1605 1922 1655 1975 in
1696 1937 1731 1974 v
1772 1921 1947 1976 Ethic.
1981 1921 2090 1977 lste
2115 1927 2299 1975 autem
2324 1922 2418 1992 qui
2455 1921 2509 1976 in
2540 1923 2621 1978 la-

617 2015 800 2064 trones
825 2008 1033 2075 incidit,
1066 2016 1243 2082 potest
1275 2025 1334 2064 se
1374 2027 1469 2083 per
1499 2011 1704 2067 amicos
1728 2010 1961 2066 liberare
1991 2015 2234 2065 mutuum
2265 2009 2622 2080 accipiendo;

615 2104 673 2153 et
696 2098 817 2154 ideo
839 2113 945 2153 non
969 2098 1102 2155 fiunt
1127 2099 1382 2155 ei'omnia
1413 2100 1743 2156 communia.
2007 2159 2019 2168 ‚

687 2185 771 2241 Ad
795 2185 1092 2242 secundum
1125 2186 1435 2256 (licendum,
1467 2187 1612 2260 quod
1640 2188 2012 2261 unusquisque
2032 2193 2246 2242 tenetur
2275 2183 2343 2242 ad
2380 2186 2620 2244 liberan-

607 2273 748 2329 'dum
773 2275 1076 2346 proximum
1101 2291 1133 2331 a
1162 2282 1334 2331 morte
1362 2275 1660 2332 secundum
1687 2291 1842 2332 suam
1870 2275 2235 2331 conditionem
2264 2284 2321 2331 et
2364 2277 2618 2342 modum,-

619 2371 673 2420 et
701 2362 802 2419 hoc
832 2363 1050 2436 quidem
1079 2364 1465 2426 convenienter
1490 2364 1734 2438 implevit
1758 2364 1848 2419 ille
1878 2365 1970 2436 qui
1998 2365 2280 2436 pecuniam
2316 2368 2618 2432 mutuavit;

618 2468 725 2508 non
771 2460 954 2509 autem
997 2452 1284 2510 tenebatur
1325 2468 1447 2510 eam
1482 2454 1705 2509 donare·
1733 2453 1786 2509 in
1815 2467 1946 2510 casu
1991 2469 2101 2526 quo
2140 2453 2229 2510 ille
2265 2461 2487 2525 poterat
2531 2473 2619 2529 prr

619 2549 866 2600 mutuum
900 2541 1135 2598 liberari.

599 284 719 344 326
1077 301 1129 344 s.
1173 300 1407 344 mona:
1449 296 2126 366 Aounmuspeuscum
2213 333 2235 354 ,

1252 2719 1707 2782 ARTICULUS
1752 2719 1979 2782 XVIII.

632 2847 849 2914 Utrum
876 2849 1042 2912 homo
1081 2850 1275 2930 possit
1306 2869 1545 2930 peccare
1588 2854 1768 2916 nimis
1796 2853 2119 2932 jejunando
2149 2853 2243 2915 vel
2278 2853 2615 2934 vigilando.

673 2940 832 3019 (2-2,
861 2943 1068 3020 quoest.
1097 2941 1197 3014 88,
1225 2944 1346 3002 art.
1375 2941 1435 3014 2,
1464 2941 1545 3003 ad
1565 2944 1627 3017 3,
1654 2947 1709 3005 et
1730 2948 1940 3023 quaesc.
1973 2943 2109 3018 147,
2135 2946 2257 3004 art.
2291 2944 2349 3018 1,
2372 2945 2461 3036 'ad
2486 2945 2566 3022 1).

691 3072 847 3129 Circa
873 3073 1168 3128 secundum
1200 3073 1282 3129 sic
1309 3072 1643 3145 proceditur.
1680 3074 1911 3130 Videtur
1932 3072 2077 3148 quod
2109 3073 2268 3130 homo
2302 3090 2406 3130 non
2448 3075 2621 3147 possit

573 3221 580 3228 ,
619 3175 847 3232 peccaro
876 3160 1038 3217 nimis
1064 3162 1362 3234 jejunando
1386 3162 1469 3217 vel
1498 3162 1791 3234 vigilando.
1837 3165 1985 3218 Deus
2008 3163 2281 3228 enimnon
2314 3168 2494 3234 potest
2535 3164 2621 3218 ni-

621 3249 726 3304 mis
753 3248 823 3304 ab
849 3248 1064 3305 homine
1089 3250 1262 3321 diligi.
1289 3252 1393 3308 Sed
1422 3252 1671 3323 probatio
1694 3250 2003 3308 dilectionis
2025 3259 2109 3307 cst
2132 3251 2394 3306 exhibitio
2416 3253 2615 3324 operis.

621 3345 681 3392 ut
704 3337 1002 3408 Gregorius
1030 3337 1164 3393 dicit
1189 3339 1243 3392 in
1267 3338 1412 3395 hom.
1444 3341 1702 3411 quadam.
1729 3340 1869 3412 Ergo
1898 3341 2283 3414 videturquod
2316 3355 2422 3395 non
2450 3341 2620 3412 possit

619 3424 818 3498 aliquis
846 3440 1073 3498 peccare
1099 3427 1259 3482 nimis
1280 3428 1575 3500 jejunando
1604 3428 1683 3484 vel
1704 3428 1981 3500 vigilando
2008 3439 2228 3503 propter
2252 3430 2445 3485 Deum.

690 3515 793 3573 Sed
832 3523 1022 3574 contra
1057 3522 1141 3570 est
1174 3517 1318 3589 quod
1352 3517 1657 3572 Ber-nardus
1693 3517 1981 3573 confitetur
2026 3534 2085 3574 se
2123 3533 2377 3590 peccasse
2411 3517 2483 3573 de
2519 3517 2621 3574 hoc
2772 3571 2774 3584 ,

619 3604 765 3679 quod
795 3605 958 3660 nimis
980 3619 1179 3677 corpus
1201 3620 1358 3660 suum
1376 3605 1673 3675 jejunando
1702 3611 1758 3661 et
1784 3606 2056 3678 vigilando
2076 3606 2405 3663 debilitavit.
2772 3589 2774 3685 l

688 3690 1011 3765 Respondeo
1034 3690 1342 3757 dicendum,
1371 3692 1537 3764 quod,
1568 3693 1865 3748 secundum
1898 3692 2277 3765 Philosophum
2304 3694 2358 3747 in
2388 3693 2409 3748 1
2438 3694 2618 3757 Polit.‚
2770 3761 2772 3768 Ι

625 3783 782 3837 aliter
814 3787 896 3836 est
932 3780 1287 3851 judicandum
1324 3781 1392 3835 do
1432 3781 1553 3846 lino,
1588 3781 1745 3836 aliter
1776 3783 1845 3838 de
1886 3781 1971 3838 his
1998 3799 2124 3855 quae
2156 3793 2284 3838 sunt
2326 3782 2395 3838 ad
2436 3782 2619 3848 linem,
2770 3777 2773 3929 Ι

629 3869 760 3926 illud
778 3869 922 3925 enim
940 3869 1085 3943 quod
1108 3869 1372 3944 quaeritur
1398 3876 1675 3944 tamquam
1698 3871 1839 3938 finiS,
1863 3871 2067 3944 absque
2092 3885 2342 3928 mensura
2367 3887 2624 3944 quaeren-
