2800 4492
569 322 688 385 512
1045 339 1096 381 e.
1142 336 1375 381 'ruouAE
1418 336 1747 385 Aoumms
1788 338 2103 386 orus-,comt

569 452 733 509 habet
773 454 1110 528 propositum
1147 452 1388 509 intrandi
1438 451 1775 523 religionem,
1820 452 1972 509 videt
2013 469 2071 509 se
2118 454 2170 509 in
2210 456 2417 513 saeculo
2473 450 2571 513 n‘on

570 558 729 615 posse
751 544 934 599 vivere
959 543 1076 597 sine
1105 550 1329 613 peccato
1358 541 1597 606 mortali,
1628 540 1713 597 vel
1743 556 1848 598 non
1889 541 1957 597 de
1994 542 2161 599 sacili.
2188 545 2245 599 Si
2290 546 2450 601 timet
2472 547 2565 601 sibi

569 632 870 704 periculum
914 632 1122 704 peccati
1173 624 1452 697 mortalis;
1485 646 1607 686 cum
1652 632 1825 701 magis
1870 638 2123 688 teneatur
2168 634 2334 690 saluti
2379 636 2565 692 animae

569 734 682 775 suae
709 719 995 791 providere
1033 733 1200 791 quarn
1228 717 1498 791 corporali
1538 718 1851 775 necessitati
1882 728 2192 790 parentum,
2220 737 2332 777 non
2365 713 2574 778 tenetur

569 807 622 862 in
653 806 854 863 saeculo
880 821 1179 862 remanere.
1211 806 1267 862 Si
1297 812 1481 863 autem
1506 806 1652 861 videt
1675 822 1735 861 se
1765 822 1921 878 posse
1946 808 2001 864 in
2034 808 2237 865 saeculo
2262 812 2563 867 conversari

569 894 772 968 absque
799 904 1047 967 peccato,
1081 894 1527 966 distinguendum
1569 894 1817 962 videtum
1848 896 1975 965 quia
2018 897 2062 951 si
2108 898 2226 952 sine
2266 900 2389 969 ejus
2418 899 2565 954 obse-

567 983 695 1057 quio
720 991 975 1056 parentes
999 983 1147 1039 nullo
1177 983 1338 1039 modo
1363 983 1549 1039 vivere
1581 990 1823 1054 possunt,
1854 983 1934 1039 sic
1976 991 2191 1040 tenetur
2238 987 2323 1041 eis
2350 986 2557 1053 servire,

567 1079 624 1127 et
666 1072 772 1127 alia
817 1086 980 1145 opera
1025 1070 1375 1143 perfectionis
1417 1071 1855 1143 praetermittere,
1872 1078 1927 1127 et
1965 1080 2217 1144 peccaret
2254 1090 2354 1129 eos
2382 1076 2561 1129 dimit-

567 1167 719 1229 tens;
745 1162 792 1216 si
817 1176 944 1216 vero
970 1160 1086 1215 sine
1115 1161 1232 1231 ejus
1261 1158 1523 1231 obsequio
1552 1164 1775 1230 possunt
1796 1158 2107 1231 aliqualiter
2123 1164 2439 1230 sustentari,
2462 1179 2557 1219 non

567 1256 751 1305 autern
779 1248 1103 1316 honorifice;
1136 1262 1240 1303 non
1265 1256 1488 1321 propter
1530 1246 1632 1303 hoc
1662 1255 1881 1303 tenetur
1908 1264 2071 1319 opera
2096 1249 2453 1322 perfectionis
2476 1252 2555 1307 di-

568 1339 804 1394 mittere.
831 1338 998 1395 Secus
1025 1345 1208 1393 autem
1239 1343 1322 1391 est
1346 1336 1414 1391 de
1444 1335 1536 1391 illo
1562 1336 1653 1408 qui
1678 1338 1795 1407 jam
1822 1336 2137 1407 religionem
2164 1338 2420 1408 intravit3
2441 1342 2555 1413 quia

566 1442 688 1483 cnm
713 1430 828 1499 jam
858 1426 931 1481 sit
958 1432 1204 1481 mortuus
1247 1425 1449 1481 mundo
1480 1441 1573 1497 per
1601 1424 2011 1496 professionem,
2040 1426 2251 1481 solutus
2282 1438 2367 1484 est
2395 1444 2425 1483 a
2456 1430 2557 1498 lego

566 1532 672 1586 qna
706 1516 758 1571 in
802 1513 1090 1571 mundanis
1114 1513 1390 1586 obsequiis
1415 1512 1733 1585 parentibus
1771 1512 2073 1579 tenebetur,
2109 1516 2413 1571 secundum
2438 1516 2558 1571 doe-

567 1604 768 1659 trinam
796 1601 1041 1676 Apostoli
1076 1602 1145 1657 ad
1183 1602 1341 1657 Rom.
1388 1601 1577 1656 vn.1n
1624 1599 1744 1655 aliis
1788 1607 1973 1656 autem
2010 1602 2407 1675 spiritualibus,
2436 1612 2556 1678 puta

563 1690 902 1747 mationibus
927 1698 982 1747 et
1011 1690 1338 1761 hujusmodi,
1365 1688 1446 1745 eis
1477 1695 1691 1744 tenetur
1720 1689 1945 1745 servire.

633 1780 717 1835 Ad
761 1780 994 1852 primum
1031 1794 1161 1850 ergo
1191 1776 1501 1843 dicendum,
1534 1776 1679 1851 quod
1708 1776 1755 1833 si
1795 1758 1993 1849 aliquis
2031 1794 2139 1833 non
2168 1795 2225 1834 es
2212 1789 2316 1838 set
2346 1782 2557 1853 virgini·
2578 1846 2587 1856 ,

565 1875 734 1924 tatem
773 1867 1067 1940 professus,
1105 1883 1210 1923 non
1236 1866 1461 1922 deberet
1491 1866 1623 1921 mori
1656 1864 1798 1921 same
1827 1872 2120 1939 antequam
2163 1869 2555 1925 matrimonium

469 1962 472 1965 ’
561 1954 929 2012 contraheret.

632 2045 713 2099 Ad
743 2042 1043 2097 secundum
1071 2041 1382 2109 dicendum,
1426 2041 1571 2116 quod
1602 2049 1936 2117 praeceptum
1968 2044 2296 2101 contrariari
2322 2048 2549 2115 consilio,

563 2129 693 2187 nihil
726 2129 972 2203 probibet
1001 2129 1056 2185 in
1085 2144 1239 2186 casu.

1261 2360 1715 2428 ARTICULUS
1778 2360 1859 2420 X.

574 2512 790 2577 Utrum
811 2512 1134 2591 reliqioszcs
1169 2510 1278 2590 qui
1305 2510 1507 2571 emisit
1545 2514 1748 2571 votum
1794 2508 2153 2587 obedientia,
2200 2517 2470 2577 teneatur
2494 2516 2553 2577 in

641 2600 907 2662 omnibus
946 2600 1206 2679 praelato
1259 2598 1517 2671 obedi-re,
1573 2600 1753 2659 elia-m
1808 2599 1875 2659 in
1928 2600 2436 2681 indifferentibus
2484 2637 2554 2649 -—-

643 2690 806 2768 (2-2,
839 2694 1047 2768 quast.
1086 2688 1223 2763 110,
1256 2692 1376 2749 art.
1412 2690 1473 2761 4,
1518 2686 1599 2747 ad
1626 2688 1695 2762 5;
1728 2691 1785 2749 et
1811 2693 2024 2767 quoest.
2062 2689 2201 2765 187,
2232 2696 2359 2754 art.
2398 2693 2467 2768 3;
2506 2696 2555 2753 ec

640 2778 702 2853 2,
733 2778 876 2839 dist.
913 2780 1010 2851 44,
1043 2781 1253 2855 quast.
1286 2777 1346 2850 2,
1375 2780 1497 2837 art.
1528 2775 1591 2853 3)

631 2925 788 2983 Circa
814 2924 1114 2981 secundum
1151 2924 1230 2979 sic
1259 2925 1591 2996 proceditur.
1624 2927 1679 2980 4.
1721 2926 1952 2982 Videtur
1981 2927 2126 3000 quod
2157 2928 2443 3002 religiosus
2470 2931 2556 3005 qui

560 3016 740 3072 emisit
785 3006 972 3071 votu'tn
1014 3013 1356 3077 obedientiae,
1402 3020 1617 3070 tenetur
1662 3016 1717 3071 in
1760 3016 2012 3073 omnibus
2054 3018 2281 3090 praelato
2324 3021 2551 3085 obedire,

559 3106 726 3161 etiam
757 3104 808 3159 in
835 3102 1287 3160 indifferentibus,
1315 3102 1455 3171 Quia
1478 3120 1576 3175 per
1602 3110 1787 3159 votum
1808 3108 2081 3163 castitatis
2112 3108 2399 3179 religiosus
2423 3109 2554 3165 omni

557 3192 869 3249 concubitui
911 3192 1207 3247 renuntiat.
1246 3191 1388 3262 Ergo
1436 3206 1534 3264 per
1606 3200 1795 3247 votum
1848 3194 2175 3253 obedientias
2222 3197 2557 3253 abrenuntiat

561 3278 792 3349 propriae
824 3276 1089 3333 voluntati
1119 3285 1386 3352 quantum
1418 3278 1719 3335 adomnia.

629 3368 680 3423 2.
721 3365 1010 3432 Praeterea,
1053 3364 1245 3421 beatus
1285 3367 1613 3423 Benedictus
1642 3368 1777 3423 dicit
1806 3369 1861 3425 in
1904 3372 2109 3441 regula,
2144 3373 2288 3445 quod
2325 3375 2491 3431 etiarn
2516 3374 2557 3429 si

557 3452 818 3526 praelatus
847 3452 1180 3525 impossibile
1203 3454 1415 3525 jubeat,
1450 3456 1771 3512 tentandum
1800 3465 1903 3513 est.
1935 3458 2077 3531 Ergo
2110 3460 2281 3517 multo
2311 3464 2481 3535 magis
2510 3465 2557 3523 in

559 3542 992 3598 indifferentibus
1021 3537 1241 3599 obedire
1271 3551 1508 3600 tenetur.
2336 3613 2349 3627 ·

627 3634 678 3686 3.
712 3633 1001 3698 Praeterea,
1036 3641 1224 3689 votum
1257 3631 1586 3688 obedientiae
1612 3634 1679 3688 ad
1705 3641 1911 3691 statum
1938 3637 2286 3709 perfectionis
2308 3642 2558 3713 pertinet.

556 3718 670 3775 Hoc
699 3722 882 3777 autern
920 3738 1022 3777 non
1055 3730 1220 3790 esset,
1253 3722 1297 3776 si
1329 3737 1437 3777 non
1475 3728 1751 3777 teneretur
1779 3724 2003 3781 obedire
2028 3727 2129 3781 nisi
2158 3730 2225 3783 de
2252 3730 2335 3785 his
2364 3746 2488 3803 quie
2512 3732 2563 3785 in

555 3809 745 3879 regula
781 3810 1160 3879 continentur-3
1207 3808 1334 3883 quia
1380 3809 1613 3884 quilibet
1643 3812 1915 3880 subditus,
1953 3816 2120 3871 etiam
2148 3818 2445 3887 saecularis,
2482 3826 2562 3874 te-

556 3903 716 3952 netur
739 3910 836 3952 suo
869 3896 1096 3970 praelato
1121 3896 1341 3953 obedire
1381 3898 1437 3954 in
1469 3898 1741 3973 aliquibus
1776 3918 1903 3975 quae
1930 3904 2205 3977 pertinent
2246 3906 2313 3963 ad
2336 3908 2427 3979 jus
2455 3924 2563 3963 suae

2500 4173 2701 4475 'il
