2800 4492
702 386 820 433 xn.
848 399 928 415 —
956 382 1384 435 ouonmnn‘rmx
1428 380 1674 428 nummu
1747 430 1753 437 ,
2076 367 2193 434 145

186 502 243 559 1ο
270 501 341 560 (16
368 497 549 559 officio
574 498 863 569 Ecclesiae3
894 504 1079 557 utrum
1109 498 1199 555 ille
1231 499 1326 572 qui
1354 507 1440 558 est
1477 456 1910 573 praebendatus
1895 518 1954 557 m
1980 501 2227 562 duabus

191 589 462 659 1166166113,
507 589 567 647 111
598 588 688 646 (116
722 605 829 663 quo
866 589 1143 647 diversum
1184 588 1425 645 officium
1467 588 1568 645 fit·
1555 607 1610 646 in
1651 596 1884 667 utraque
1925 590 2190 661 Ecclesia,

192 682 381 741 debeat
416 687 711 753 utrumque
750 678 987 735 officium
1015 676 1231 745 dicere;
1258 681 1319 735 20
1354 677 1423 733 de
1451 678 1633 734 studio
1659 678 1977 753 theologiae3
2009 690 2215 743 utrum

194 771 384 844 aliquis
410 770 669 827 teneatur
710 766 988 833 dimittere
1026 766 1269 837 studium
1310 766 1598 841 theologiae
1627 769 1796 827 etiam
1830 770 1878 827 si
1918 772 2020 827 sit
2032 780 2232 847 aptus·

197 860 260 917 ad
285 860 423 922 alios
442 852 775 968 docendum,
799 856 869 914 ad
896 854 1001 913 hoc
1024 854 1169 931 quod
1196 855 1446 961 intendat
1473 856 1637 914 saluti
1663 859 1989 921 animarum.

848 1038 1305 1105 ARTIGULUS
1356 1038 1530 1103 XIII.
1641 1027 1647 1034 ’

244 1176 456 1246 Utrum
481 1175 703 1242 tabem
722 1174 879 1239 dicas
896 1173 1228 1248 Ecclesiae,
1259 1178 1532 1239 temam·
1556 1173 1879 1259 nasusque
1903 1177 2160 1259 officium

626 1265 835 1329 dicere.
854 1298 933 1310 —
962 1262 1192 1345 (Artio.
1225 1264 1303 1324 67
1332 1268 1389 1328 et
1421 1265 1536 1325 129
1563 1265 1760 1347 corp.)

261 1404 341 1463 Ad
368 1390 608 1478 primum
637 1400 717 1457 sic
743 1396 1078 1473 proceditur.
1110 1398 1165 1453 1.
1206 1396 1434 1453 Videtur
1463 1397 1609 1471 quod
1635 1398 1832 1472 aliquis
1859 1401 1914 1457 in
1945 1404 2038 1461 tali
2069 1422 2202 1463 casu

203 1495 385 1551 debeat
425 1498 724 1563 utrumque
765 1485 1001 1543 officium
1048 1485 1251 1542 dicere.
1298 1484 1450 1542 Onus
1495 1485 1640 1543 enim
1669 1486 1830 1545 debet
1874 1494 2238 1563 respondere*

204 1572 578 1642 emolumento.
608 1572 704 1635 1116
736 1590 865 1649 ergo
880 1575 980 1649 'qui
1003 1574 1167 1636 habet
1192 1573 1620 1631 emolumentum
1648 1576 1959 1651 praebendae
1978 1580 2036 1636 in
2060 1581 2206 1639 dua-

204 1675 293 1731 bus
312 1670 592 1737 Ecclesiis,
636 1666 801 1724 debet
822 1680 965 1722 onus
984 1664 1211 1722 sufferre
1242 1663 1550 1738 utriusque,
1581 1670 1640 1721 ut
1675 1665 1888 1725 seilicet
1915 1669 2202 1747 utriusque

205 1762 449 1819 Ecclesiae
474 1758 713 1815 officium
741 1755 912 1811 dicat.

267 1856 315 1910 2.
344 1851 637 1914 Praeterea,
663 1847 873 1918 justum
898 1848 1017 1899 esse
1046 1840 1263 1900 videtur
1288 1848 1349 1901 ut
1378 1842 1423 1901 si
1457 1841 1623 1902 habet
1661 1844 1840 1919 majus
1862 1848 2198 1909 emolumen-

206 1946 311 1998 tum
344 1940 416 1997 ab
449 1954 561 1998 una
600 1933 863 1999 Ecclesia,
907 1932 961 1989 in
1004 1948 1111 2006 qua
1156 1931 1297 1991 forte
1339 1939 1596 1991 cantatur
1635 1935 1899 2011 prolixius
1941 1939 2200 2006 officium,

207 2030 337 2105 quod
370 2029 542 2086 etiam
582 2039 761 2097 majus
804 2038 943 2082 onus
980 2020 1175 2078 subeat
1216 2020 1478 2096 prolixius
1515 2020 1754 2085 officium
1791 2026 2046 2085 dicendo.
2077 2031 2201 2087 Non

207 2136 323 2191 ergo
346 2118 413 2176 ad
442 2132 571 2173 eum
601 2116 838 2188 pertinet
870 2110 1097 2178 electio;
1126 2109 1219 2165 sed
1254 2109 1341 2169 vel
1372 2111 1536 2172 debet
1564 2121 1858 2189 utrumque
1881 2116 2083 2187 dicere,
2115 2118 2203 2177 vel

207 2209 355 2267 debet
382 2207 569 2264 dice-re
596 2201 833 2261 officium
866 2198 1126 2261 Ecclesiae
1155 2198 1210 2255 in
1242 2215 1353 2273 qua
1378 2199 1544 2257 habet
1577 2202 1833 2275 pinguius
1857 2204 2205 2267 heneficium.

267 2293 404 2353 Sed
391 2310 447 2349 in
467 2286 803 2349 contrarium
832 2284 1193 2343 inducebatur
1223 2297 1353 2343 cons
1360 2288 1581 2344 uetudo.

266 2381 586 2457 Respondeo
628 2370 939 2439 dicendum,
987 2376 1132 2449 quod
1172 2376 1454 2450 supposito
1503 2374 1650 2449 quod
1695 2376 1896 2453 aliquis
1937 2381 2087 2441 licite
2132 2386 2206 2443 312

208 2472 580 2547 praebendatus
609 2468 665 2524 in
692 2456 903 2525 duabus
922 2462 1201 2531 Ecclesii3‚
1232 2463 1445 2519 scilicet
1472 2480 1540 2520 ex
1567 2464 1992 2539 dispensatione,
2019 2473 2232 2530 consi-s,

209 2560 497 2619 derandum
532 2564 637 2624 est,
670 2553 816 2628 quod
850 2552 938 2609 ille
966 2551 1061 2626 qui
1086 2532 1145 2608 'in
1172 2553 1355 2623 aliqua
1394 2550 1640 2609 Ecclesia
1665 2554 2012 2627 praebendam
2040 2575 2203 2618 acce-

209 2653 301 2723 pit,
328 2648 543 2707 duobus
572 2646 877 2717 obligatur-3
910 2642 1118 2715 scilicet
1146 2641 1281 2709 Dee,
1314 2648 1372 2697 ut
1418 2640 1468 2697 61
1497 2640 1712 2702 debitas
1746 2636 1938 2705 laudes
1964 2650 2210 2708 exsolvat

211 2755 299 2813 pro
320 2742 433 2813 ejus
461 2734 777 2803 beneflcii33
805 2738 859 2793 et
888 2731 1165 2798 Ecclesiae,
1197 2729 1265 2787 de
1294 2746 1403 2804 qua
1433 2730 1633 2805 accipit
1669 2742 1940 2807 sumptuS.
1973 2738 2054 2796 Ea
2076 2756 2211 2797 vero

211 2844 323 2901 quae
357 2828 423 2885 ad
453 2822 757 2886 Ecclesiam
790 2822 1085 2897 pertinent,
1116 2818 1399 2893 subjacent
1427 2818 1821 2893 dispensationi
1857 2824 2204 2899 praelatorum

212 2916 509 2975 Ecclesiae.
540 2920 599 2971 et
626 2911 750 2969 ideo
779 2910 881 2975 1166
910 2907 1155 2966 debitum
1184 2908 1329 2981 quod
1353 2907 1516 2966 debet
1545 2908 1806 2969 Ecclesiae
1833 2912 1997 2975 debet
2023 2918 2208 2975 exsol-

211 3020 327 3063 vere
352 3002 653 3065 secundum
692 2998 838 3075 quod
868 3002 1141 3055 statutum
1164 3002 1293 3053 est.
1322 2996 1408 3053 vel
1446 3014 1542 3071 per
1571 3014 1632 3055 se
1660 3000 1859 3073 ipsum,
1892 3002 1938 3060 si
1964 3004 2036 3061 sit
2060 3020 2208 3079 prae..

212 3094 373 3153 banda
399 3108 527 3169 quae
555 3088 803 3163 requirat
840 3073 1226 3155 residentiam3
1256 3084 1343 3145 vel
1378 3102 1479 3161 per
1511 3086 1800 3156 vicarium,
1832 3090 1879 3146 si
1920 3090 2026 3149 hoc
2052 3094 2209 3151 suffi-

213 3184 314 3241 ciat
337 3182 639 3245 secundum
664 3176 925 3235 Ecclesiae
942 3181 1211 3233 statutum
1238 3190 1305 3233 ac
1330 3176 1800 3243 consuetudinem,
1831 3180 1940 3239 Sed
1963 3180 2210 3244 demtum

216 3271 345 3343 quod
374 3270 536 3329 debet
566 3268 702 3333 Deo,
740 3281 837 3341 per
869 3280 928 3320 se
956 3263 1135 3338 ipsum
1159 3261 1323 3333 debet
1348 3263 1649 3322 exsolvere.
1683 3264 1804 3323 Non
1827 3265 1997 3326 refert
2023 3276 2208 3329 autem

215 3366 465 3431 quantum·
483 3358 553 3415 ad
575 3357 751 3413 Deum
772 3352 971 3429 quibus
990 3348 1215 3426 psalmis
1238 3358 1293 3407 et
1313 3351 1533 3425 hymnis
1551 3353 1726 3411 Deum
1751 3352 1958 3426 laudet,
1976 3367 2034 3414 ut
2051 3367 2208 3433 puta,
2236 3394 2240 3397 -

217 3455 383 3505 uti-um
410 3446 561 3504 dicat
585 3446 641 3501 in
669 3442 915 3517 vesperis
943 3456 957 3498 ε
990 3442 1153 3498 Dtaeit
1179 3439 1460 3508 Dominus,
1491 3441 1598 3512 vel,
1627 3442 1868 3505 Laudate
1901 3449 2066 3521 pueri
2094 3450 2211 3507 Do-

216 3535 424 3604 minum,
458 3534 567 3593 nisi
603 3539 874 3606 quantum
914 3530 985 3587 ad
1019 3529 1127 3586 hoc
1167 3528 1313 3603 quod
1354 3531 1516 3587 homo
1560 3530 1723 3589 debet
1755 3536 1914 3609 sequi
1940 3537 2211 3613 majorum

218 3626 545 3683 traditiones·
584 3622 654 3680 Et
696 3620 828 3694 quia
856 3618 1043 3676 laudes
1069 3618 1184 3677 Deo
1212 3618 1375 3675 debet
1417 3619 1576 3693 quasi
1606 3638 1746 3679 unus
1787 3622 1969 3691 homo,
2009 3625 2211 3682 sufficit

214 3714 350 3787 quod
387 3712 555 3774 semel
593 3708 833 3777 officium
862 3708 1011 3767 dicat
1038 3706 1337 3765 secundum
1364 3710 1814 3769 consuetudinem
1843 3711 2075 3785 alicujus
2099 3714 2210 3770 Ec-

213 3802 492 3863 clesiarum
526 3815 761 3875 quarum
786 3804 869 3856 est
895 3796 1145 3855 clericus·
1182 3797 1289 3854 Sed
1328 3798 1397 3855 de
1421 3794 1689 3857 electione
1716 3800 1881 3857 officii
1905 3800 2209 3859 rationabi-

213 3888 329 3948 liter
352 3890 569 3949 videtur
614 3888 764 3964 quod
806 3885 1003 3944 debeat
1038 3886 1222 3943 dicere
1248 3884 1487 3946 officium
1527 3888 1674 3946 illius
1699 3888 1960 3953 Ecclesiae
2003 3890 2063 3948 in
2098 3904 2212 3965 qua

214 3981 467 4057 majorem
503 3978 743 4055 gradum
771 3972 965 4045 habet,
1008 3980 1142 4051 puta
1180 3974 1226 4031 si
1266 3974 1324 4032 in
1366 3991 1478 4034 una
1511 3976 1586 4034 sit
1619 3977 1880 4049 decenae,
1919 3984 1978 4039 et
2017 3980 2075 4040 iu
2101 3979 2212 4042 alia

704 4094 757 4145 S.
786 4092 940 4150 Tuon.
975 4094 1061 4150 Ao.
1094 4092 1357 4145 oensem.
1385 4112 1440 4135 -ι
1476 4090 1535 4145 11.
1557 4112 1622 4133 ι-
1653 4092 1724 4146 10·
