2800 4492
513 353 635 420 340
993 369 1044 414 s.
1089 367 1322 414 ‘mous
1359 367 1691 421 summme
1733 367 2040 415 opuscuna

515 486 856 560 religionem.
895 485 1058 558 Ergo,
1090 501 1218 544 cum
1257 485 1328 543 ad
1369 484 1474 552 hoc
1510 487 1821 559 juramento
1864 502 1925 544 se
1972 483 2255 558 obligavit,
2306 487 2542 554 videtur

518 576 662 650 quod
694 582 946 632 teneatur
975 590 1080 632 non
1109 574 1337 640 intrare.

583 665 690 724 Sed
727 670 920 722 contra
945 671 1048 732 est,
1079 664 1212 739 quia
1240 664 1449 720 nullum
1487 661 1936 738 impedimentum
1963 664 2267 737 spiritualis
2306 665 2533 739 profec7

517 763 607 817 tus
631 763 806 811 estex
835 755 967 810 Deo.
993 754 1098 811 Sed
1118 755 1491 827 juramentum
1515 762 1689 810 estex
1710 755 1845 810 Deo.
1874 753 2017 824 Ergo
2042 755 2533 827 perjuramentum

513 860 622 901 non
642 843 938 917 impeditur
964 843 1266 916 spiritualis
1286 844 1567 916 profectus
1596 843 1833 900 intrandi
1862 842 2197 915 religionem,

585 932 906 1006 Respondet>
953 932 1263 998 dicendum,
1297 932 1443 1007 quod
1482 931 1743 1004 obligatio
1786 931 2085 1003 juramenti
2131 931 2425 1004 tripliciter
2470 951 2537 992 se

514 1028 698 1096 potest
721 1021 942 1078 habere.
970 1020 1307 1094 Quandoque
1333 1021 1482 1076 enim
1508 1027 1594 1076 est
1622 1018 1814 1076 illicita
1838 1019 2119 1092 obligatio,
2150 1027 2208 1076 et
2226 1022 2296 1076 de
2324 1037 2385 1078 re
2409 1021 2535 1078 illi-

516 1111 648 1180 cita,
675 1119 808 1182 puta
851 1126 976 1166 cum
1019 1109 1220 1182 aliquis
1253 1111 1407 1182 jurat
1438 1125 1503 1165 se
1539 1107 1969 1177 fornicaturum;
1997 1117 2053 1164 et
2089 1109 2199 1164 tale
2232 1111 2533 1181 juramen-

401 1227 407 1232 .
516 1206 634 1256 tum
662 1215 769 1254 non
801 1205 1015 1254 tenetur
1034 1197 1196 1255 homo
1227 1196 1543 1270 adimplere,
1578 1213 1679 1253 nec
1710 1199 1877 1254 etiam
1908 1203 1993 1254 est
2032 1196 2239 1259 licitum
2284 1199 2529 1270 impleri.

517 1287 852 1360 Quandoque
877 1302 1006 1344 vero
1035 1293 1119 1342 est.
1147 1285 1407 1358 obligatio
1444 1285 1593 1342 licita
1626 1291 1682 1341 et
1706 1285 1775 1342 de
1803 1301 1865 1341 re
1894 1284 2065 1352 licita,
2097 1293 2228 1358 puta
2252 1302 2377 1342 cum
2412 1287 2531 1343 ali-

515 1375 814 1464 quisjurat
850 1391 909 1431 se
951 1374 1353 1448 eleemosynam
1381 1374 1668 1442 daturum;
1700 1381 1773 1430 et
1787 1372 1896 1430 tale
1916 1375 2288 1444 Juramentum
2314 1383 2528 1448 praete-

516 1464 626 1520 rire
668 1478 774 1521 non
819 1461 966 1518 licet.
994 1462 1332 1536 Quandoque
1373 1478 1503 1518 vero
1544 1468 1630 1518 est.
1666 1461 1926 1533 obligatio
1970 1461 2181 1528 illicita,
2206 1462 2301 1518 sed
2350 1463 2421 1519 de
2464 1481 2527 1520 re

515 1551 700 1621 licita3
733 1559 865 1623 puta
905 1567 1032 1607 cum
1070 1551 1272 1624 aliquis
1301 1552 1456 1623 jurat
1501 1567 1559 1608 se
1600 1565 1707 1606 non
1750 1550 2022 1606 facturum
2074 1550 2295 1624 aliquod
2340 1555 2527 1626 majus

514 1641 736 1708 bonum,
761 1640 907 1713 quod
952 1645 1134 1696 tamen
1181 1639 1362 1696 facere
1399 1655 1507 1696 non
1550 1646 1785 1706 tenetur,
1817 1646 1949 1712 puta
1985 1641 2257 1712 jejunare,
2285 1641 2369 1696 vel
2412 1659 2533 1698 non

513 1729 646 1786 dare
669 1729 910 1802 aliquam
933 1728 1356 1802 eleemosynam,
1382 1729 1468 1784 vel
1494 1728 1809 1800 religionem
1828 1744 1935 1784 non
1958 1729 2193 1785 intrare:
2220 1737 2351 1786 tunc
2376 1732 2525 1787 enim

514 1819 572 1877 id
599 1817 666 1873 ad
693 1817 838 1889 quod
864 1833 922 1872 se
943 1818 1254 1887 juramento
1279 1816 1505 1888 obligat,
1541 1813 1749 1872 licitum
1776 1824 1880 1881 est,
1912 1819 2008 1874 sed
2037 1824 2220 1874 tamen
2256 1819 2525 1892 obligatio

512 1913 598 1962 est
640 1903 859 1974 illicita;
885 1907 1015 1977 quia
1047 1911 1142 1976 pe'r
1180 1904 1282 1960 boc
1323 1906 1503 1976 homo,
1537 1914 1802 1978 quantum
1846 1907 1901 1962 in
1942 1923 2002 1962 se
2030 1916 2133 1974 est,
2163 1907 2419 1965 obfirmat
2462 1927 2525 1966 se

515 2002 706 2051 contra
731 1993 964 2066 gratiam
989 1993 1224 2065 Spiritus
1256 1996 1452 2058 sancti,
1486 2011 1610 2067 quae
1640 1995 1772 2052 facit
1806 1995 2078 2052 hominem
2118 1997 2173 2053 in
2216 2013 2319 2053 suo
2354 2000 2525 2055 corde

515 2083 858 2142 ascensiones
885 2082 969 2138 di.-
945 2098 1191 2156 ‘ponet-e
1221 2083 1374 2140 Unde
1406 2083 1531 2140 tale·
1548 2085 1923 2155 juramentum
1954 2084 2103 2141 licite
2140 2092 2321 2158 potest.
2358 2087 2524 2144 homo

514 2171 758 2244 implere,
792 2171 1114 2228 abstinendo
1153 2172 1222 2227 ab
1251 2171 1342 2227 illo
1371 2172 1513 2228 bono
1560 2173 1705 2246 quod
1754 2172 1933 2230 facere
1978 2189 2085 2230 non
2132 2183 2383 2245 tenetur3
2412 2194 2524 2233 non

515 2269 698 2318 tamen
727 2261 941 2334 cogitur
965 2277 1032 2318 ex
1061 2260 1154 2316 illo
1171 2261 1485 2334 Juramento
1510 2262 1577 2318 ad
1609 2261 1711 2318 hoc
1736 2261 1879 2335 quod
1921 2262 2143 2334 impleat
2189 2265 2336 2338 quod
2361 2267 2525 2338 jura-

514 2352 624 2418 vit;
657 2351 785 2425 quia
819 2352 1212 2424 juramentum,
1239 2351 1310 2407 ad
1341 2350 1445 2406 hoc
1482 2351 1629 2424 quod
1672 2351 1745 2406 sit
1790 2350 2195 2423 obligatorium,
2226 2353 2391 2409 debet
2418 2355 2525 2412 ba-

515 2441 644 2498 bere
687 2449 798 2498 tres
839 2439 1085 2508 comites,
1112 2439 1399 2513 judicium,
1430 2439 1723 2510 justitiam,
1752 2448 1809 2497 et
1850 2439 2155 2508 veritatem,
2184 2447 2245 2496 ut
2288 2443 2524 2500 habetur

514 2532 752 2586 Hierem.
787 2545 865 2588 tv.
904 2530 1045 2586 Huic
1084 2536 1270 2584 autem
1299 2529 1613 2601 juramento
1650 2528 1806 2584 deest
1832 2528 2103 2599 judicium
2148 2530 2519 2602 discretionis,

514 2618 644 2692 quia
671 2619 846 2689 vergit
872 2617 926 2674 in
951 2618 1276 2674 deteriorem
1305 2617 1531 2682 exitum,
1562 2616 1887 2675 retrahendo
1911 2633 1943 2673 a
1974 2618 2183 2674 meliori
2213 2618 2361 2678 boni.

1127 2792 1575 2854 ARTICULUS
1614 2793 1907 2858 XXVIII.

523 2925 740 2993 Utrum
769 2925 948 2990 liceat
974 2925 1186 2988 clerico
1227 2926 1338 3006 qui
1383 2929 1615 2990 tenetur
1641 2927 1725 2989 ad
1748 2927 1929 2990 horas
1956 2927 2294 2996 canonicas.
2326 2933 2521 2999 dicere

532 3033 538 3039 ·
591 3017 929 3080 matutinas
955 3015 1252 3096 sequentis
1297 3015 1419 3077 diei
1459 3015 1527 3078 de
1561 3033 1712 3079 sero.
1743 3047 1823 3062 —-
1851 3015 2021 3100 (Art.
2055 3021 2163 3098 673
2194 3025 2253 3085 et
2278 3023 2318 3082 3
2336 3029 2513 3104 par-t
2541 3035 2547 3041 '

589 3111 801 3190 quast.
835 3105 933 3180 80,
967 3109 1090 3169 aaut
1121 3104 1182 3182 8,
1216 3103 1296 3166 ad
1321 3101 1413 3186 5).

579 3237 790 3294 Deinde
809 3237 958 3294 circa
984 3235 1212 3294 clericos
1235 3236 1527 3310 quaesitum
1552 3245 1639 3294 est
1666 3251 1863 3308 unum;
1889 3244 2075 3300 utrum
2106 3243 2321 3303 scilicet
2356 3245 2520 3304 liceat

511 3325 711 3383 clerico
742 3326 836 3398 qui
864 3331 1082 3383 tenetur
1109 3326 1176 3384 ad
1207 3325 1370 3383 horas
1388 3325 1700 3396 canonicae,
1732 3327 1915 3385 dicere
1952 3332 2251 3390 matutinas
2278 3349 2520 3408 sequen·

511 3416 586 3473 tis
613 3414 722 3471 diei
748 3415 817 3470 de
836 3428 959 3470 sero
973 3431 994 3483 ,·
1018 3425 1074 3471 et
1098 3414 1316 3471 videtur
1342 3414 1491 3488 quod
1513 3430 1641 3471 non.
1662 3416 1878 3474 Dicitur
1904 3417 2051 3474 enim
2074 3419 2244 3478 Eccli.
2276 3435 2382 3490 xx,
2400 3437 2517 3481 vn:

507 3503 766 3562 Lascivus
791 3509 844 3560 et
884 3502 1195 3577 imprudens
1229 3519 1336 3561 non
1377 3503 1612 3561 servabit
1656 3511 1877 3578 tempus.
1907 3507 2011 3565 Sed
2043 3506 2148 3566 iste
2188 3507 2246 3566 in
2282 3510 2523 3570 dicendo

508 3595 812 3652 matutinas
833 3605 939 3649 non
965 3591 1224 3650 observat
1245 3600 1469 3665 tempus·
1492 3609 1507 3648 t
1532 3608 1661 3651 cum
1687 3595 1835 3652 enim
1858 3596 1977 3653 dies
2004 3596 2233 3671 incipiat
2260 3614 2292 3656 a
2334 3599 2523 3659 media

508 3689 689 3750 nocte,
717 3682 934 3739 videtur
964 3681 1113 3756 quod
1153 3681 1453 3739 matutinas
1474 3683 1753 3756 sequentis
1784 3683 1895 3741 diei
1932 3684 2083 3744 dicat
2107 3687 2163 3742 in
2186 3686 2278 3744 die
2304 3703 2524 3761 praece·

507 3772 678 3832 denti.
706 3770 848 3842 Ergo
877 3770 1094 3828 videtur
1129 3769 1276 3846 quod
1308 3769 1413 3828 hoc
1437 3770 1507 3828 ad
1538 3770 1823 3832 lasciviam
1849 3777 1906 3830 et
1932 3772 2359 3848 imprudentiam
2386 3793 2523 3852 per·

509 3858 714 3930 tineat3
743 3867 798 3918 et
824 3859 902 3916 ita
928 3858 1144 3918 videtui-
1169 3873 1289 3915 esse
1309 3865 1617 3929 peccatum.

528 3997 534 4002 .
577 3947 686 4013 Sed
725 3955 936 4016 contra,
968 3948 1115 4006 Deus
1152 3946 1475 4010 clementior
1510 3955 1597 4008 est
1634 3949 1880 4028 quolibet
1922 3949 2163 4014 bomine.
2200 3954 2309 4016 Sed
2352 3955 2521 4018 homo
