2800 4492
561 334 682 398 106
757 391 764 398 .
1035 350 1089 398 s.
1133 332 1368 396 ‘ruoim
1408 347 1739 401 nomm-ris
1778 345 2093 402 causeum

565 466 770 538 oritur3
799 481 928 540 ergo
959 465 1052 524 hic
1094 467 1290 526 modus
1327 467 1586 546 convenit
1634 465 1813 537 magis
1856 461 2115 532 naturali,
2142 475 2312 536 quam
2355 458 2575 522 mathe-

471 575 485 584 ·
563 557 787 615 matico.

633 650 687 703 3.
713 647 870 713 Item,
891 653 952 702 ut
970 644 1264 714 videtum&
1293 643 1644 719 metaphysi„
1674 641 1895 701 initi-um
1921 641 2168 700 scientiae
2194 645 2345 697 esta
2370 655 2485 711 quo
2508 638 2575 695 sit

563 733 776 792 facilior
816 733 1106 808 disciplina
1151 751 1166 790 ε
1209 733 1307 806 sed
1352 734 1573 791 initium
1622 730 1941 804 addiscendi
1986 728 2253 803 accipitur
2292 744 2328 786 a
2374 727 2573 799 logica,

566 839 733 898 quam
753 829 976 900 oportet
1003 811 1402 896 praeaddiscere
1432 821 1854 890 mathematicae,
1878 825 1935 876 et
1962 817 2215 894 omnibus
2252 816 2417 886 aliis;
2446 831 2575 889 ergo

565 911 926 987 disciplinalis
947 913 1143 970 modus
1169 910 1346 984 magis
1367 909 1625 969 conuenit
1644 908 1856 982 logicae.

487 999 491 1003 '
636 1003 690 1058 4.
720 1003 876 1068 Item,
906 1001 1099 1058 modus
1118 1001 1365 1058 scientiae
1382 998 1651 1058 naturalis
1670 1005 1727 1056 et
1750 997 1953 1055 divinae
1972 993 2277 1053 assumitur
2303 1008 2338 1050 a
2375 999 2578 1067 poten-

567 1089 662 1146 tiis
686 1091 900 1154 animae,
917 1090 1130 1147 scilicet
1155 1105 1190 1148 a
1208 1090 1423 1146 ratione
1450 1096 1508 1146 et
1534 1086 1817 1145 intellectu
1832 1103 1849 1156 ;
1864 1099 1996 1158 ergo
2018 1083 2271 1140 similiter
2293 1089 2353 1140 et
2371 1083 2581 1140 mathe-

495 1231 508 1244 ,
569 1178 804 1234 maticus
837 1179 1030 1234 modus
1060 1177 1131 1235 ab
1171 1177 1375 1251 aliqua·
1397 1175 1646 1250 potentia
1688 1175 1886 1234 animae
1924 1172 2130 1231 assumi
2180 1170 2365 1240 debet,
2396 1176 2457 1228 et
2498 1173 2581 1228 sic

571 1283 678 1324 non
703 1266 1088 1326 convenienter
1114 1267 1335 1340 ponitur
1357 1264 1553 1324 modus
1588 1265 1707 1338 ejus
1741 1261 2215 1337 disciplinabiliter
2250 1261 2576 1335 procedere.

639 1354 747 1413 Sed
773 1359 986 1414 contra.
1012 1354 1497 1428 Disciplinabiliter
1524 1353 1820 1427 procedere
1856 1359 1943 1409 est
1986 1348 2421 1408 demonstrative
2443 1365 2579 1422 pro-

569 1444 786 1514 cedere,
815 1449 873 1502 et
897 1461 994 1519 per
1018 1444 1408 1502 certitudinem
1436 1461 1449 1498 :
1475 1443 1591 1511 sed,
1623 1448 1684 1498 ut
1707 1441 1842 1499 dicit
1874 1440 2202 1497 Ptolemaeus
2223 1439 2282 1495 in
2303 1438 2579 1511 principio

571 1533 891 1606 Almagesti,
917 1533 1094 1592 solum
1123 1532 1573 1592 mathematicum
1596 1545 1787 1604 genus,
1814 1529 1867 1588 si
1906 1529 2033 1603 quis
2076 1528 2205 1585 huic
2230 1526 2576 1599 diligentiam

573 1621 848 1691 adhibeat,
879 1621 1252 1696 inquisitionis
1291 1621 1506 1680 firmam
1550 1618 1913 1692 stabilemque
1956 1616 2123 1674 fidem
2165 1615 2578 1673 intendentibus

572 1710 938 1771 necessariam
979 1711 1155 1778 dabit,
1183 1709 1336 1767 velut
1375 1706 1840 1767 demonstratione
1886 1721 1983 1780 per
2026 1703 2417 1762 indubitabiles
2458 1703 2581 1760 vias

574 1797 753 1867 iacta3
795 1812 927 1868 ergo
981 1796 1453 1871 disciplinabiliter
1503 1797 1827 1870 procedere,
1878 1793 2114 1855 maxime
2152 1793 2439 1868 proprium
2494 1799 2579 1850 est

575 1885 1000 1944 mathematicae.
1285 1926 1289 1930 ψ

645 1974 802 2042 ltem,
833 1974 936 2031 hoc
979 1977 1134 2048 patet
1170 1989 1268 2046 per
1315 1972 1701 2048 Philosophum
1741 1974 1803 2030 in·
1838 1973 2083 2048 pluribus
2136 1972 2271 2032 locis
2312 1971 2581 2030 librorum

576 2077 818 2130 suorum,
851 2061 906 2118 in
931 2062 1132 2136 quibus
1153 2062 1572 2123 mathematicas
1592 2062 1853 2121 scientias
1869 2062 2191 2137 vdisciplinas
2209 2068 2398 2120 vocat.

647 2155 700 2206 l.
761 2151 1002 2208 Ulterius
1054 2151 1273 2209 videtur
1308 2152 1456 2226 quod
1497 2166 1605 2209 non
1644 2152 2091 2210 sit-conveniens
2131 2151 2329 2208 modus
2373 2150 2581 2209 divinae

576 2240 824 2298 scientiae
864 2239 1276 2316 intelligibiliter
1330 2240 1647 2314 procedere.
1700 2239 2015 2298 Intellectus
2068 2241 2216 2297 enim
2272 2240 2582 2298 secundum

576 2327 956 2401 Philosophum
995 2336 1082 2391 est
1115 2329 1527 2404 principiorum,
1555 2329 1789 2387 scientia
1826 2327 2238 2386 conclusionum
2268 2345 2282 2383 ε
2322 2328 2424 2387 sed
2470 2344 2582 2386 non

575 2417 762 2475 omnia
784 2432 910 2490 quae
933 2417 1224 2478 traduntur
1249 2419 1306 2476 in
1335 2417 1569 2478 scientia
1594 2417 1783 2475 divina
1808 2424 1939 2474 suut
1969 2417 2256 2491 principia,
2290 2417 2387 2473 sed
2418 2431 2582 2490 quae·

576 2508 704 2574 darn
730 2508 898 2565 etiam
924 2508 1337 2585 conclusiones;
1367 2523 1500 2580 ergo
1542 2500 1982 2564 intellectualiter
2026 2504 2325 2580 procedere
2354 2521 2467 2564 non
2490 2512 2584 2564 est

576 2597 904 2654 conveniens
925 2597 1172 2656 scientiae
1193 2597 1416 2653 divinae.

647 2689 701 2742 2.
727 2685 884 2750 Item,
915 2683 1104 2740 inillis
1127 2699 1252 2756 quae
1277 2698 1496 2740 omnem
1531 2683 1869 2740 intellectum
1908 2684 2197 2753 excedunt,
2224 2683 2584 2743 intellectua-

577 2771 704 2828 liter
725 2771 933 2828 versari
959 2786 1065 2828 non
1092 2785 1380 2844 possumus
1410 2787 1425 2826 ι
1454 2771 1551 2828 sed
1573 2771 1758 2829 divina
1786 2771 2056 2830 excedunt
2083 2787 2301 2830 omnem
2328 2773 2585 2832 intellec-

582 2868 720 2928 tum,
747 2865 810 2916 ut
853 2859 1084 2932 Dionys
1129 2858 1267 2916 dicit
1307 2875 1330 2917 1
1377 2875 1431 2916 c.
1466 2859 1537 2916 de
1578 2859 1690 2919 div.
1720 2861 1881 2918 Nom.
1914 2867 1970 2917 et
2008 2861 2210 2930 Ph'ilos.
2259 2863 2317 2918 in
2368 2863 2464 2919 lib.
2506 2862 2583 2919 de

583 2949 803 3017 Causis;
825 2963 955 3021 ergo
977 2947 1419 3023 intellectualiter
1445 2951 1676 3008 tractari
1698 2966 1804 3008 non
1831 2956 2079 3023 possunt.

652 3041 706 3094 3.
731 3037 888 3108 Item,
919 3037 1080 3095 Dion.
1111 3053 1195 3094 vn
1221 3053 1274 3094 c.
1314 3039 1384 3094 de
1430 3038 1543 3096 div.
1581 3039 1743 3096 Nom.
1783 3040 1937 3108 dicit,
1970 3039 2117 3113 quod
2152 3040 2334 3112 angeli
2372 3040 2585 3098 habent

583 3126 1003 3185 intellectualem
1051 3127 1326 3185 virtutem·
1354 3128 1411 3184 in
1454 3133 1719 3200 quantum
1766 3127 2011 3186 divinam
2063 3129 2435 3201 cognitionem
2470 3145 2586 3186 non

581 3222 910 3286 congregant
939 3231 1006 3271 ex
1033 3214 1398 3284 sensibilibus„
1430 3224 1528 3272 aut
1554 3231 1587 3274 a
1612 3215 1776 3272 rebus
1794 3216 2003 3284 divisiS,
2035 3216 2133 3274 sed
2160 3217 2267 3274 hoc
2298 3223 2383 3274 est
2408 3233 2585 3291 supra

579 3309 906 3375 potestatem
935 3303 1151 3369 animae,
1179 3310 1239 3358 ut
1267 3303 1471 3360 ibidem
1494 3303 1715 3362 dicitur.
1745 3306 1882 3362 Cum
1912 3305 2080 3378 igitur
2117 3305 2304 3364 divina
2346 3307 2587 3364 scientia

579 3389 648 3446 de
676 3405 786 3462 qua
811 3390 901 3446 hic
932 3391 1135 3462 agitur,
1167 3392 1238 3448 sit
1261 3391 1491 3466 scientia
1512 3392 1766 3450 humanae
1791 3394 2006 3462 animae,
2030 3394 2251 3452 videtur
2276 3396 2425 3468 quod
2471 3411 2587 3452 non

578 3479 653 3556 sit
675 3479 926 3552 proprius
955 3479 1148 3534 modus
1175 3481 1293 3552 ejus
1321 3486 1559 3538 tractare
1589 3481 2050 3539 intellectualiter.

650 3569 704 3624 4.
735 3568 890 3635 item,
925 3567 1192 3640 theologia
1217 3569 1492 3642 praecipue
1516 3569 1733 3627 videtur
1754 3585 1873 3626 esse
1902 3571 1970 3627 de
1996 3571 2081 3627 his
2105 3587 2231 3644 quae
2258 3580 2385 3629 sunt
2415 3573 2585 3629 fidei:

579 3655 675 3713 sed
707 3655 776 3711 de
802 3654 887 3712 his
915 3669 1040 3727 quae
1071 3655 1198 3712 fidei
1225 3663 1373 3726 sunt,
1407 3655 1709 3728 intelligere
1742 3663 1826 3714 est
1857 3658 2000 3718 finis.
2028 3659 2243 3716 lsa.v11
2275 3662 2587 3718 secundum

581 3745 746 3801 aliam
776 3743 1016 3800 litteram
1047 3761 1060 3798 z
1093 3743 1220 3803 Nisi
1247 3744 1606 3811 credideritis,
1626 3762 1732 3803 non
1753 3745 2057 3818 intelliyetis
2072 3765 2092 3814 ;
2108 3763 2238 3820 ergo
2265 3748 2359 3804 hic
2383 3751 2587 3808 modus

582 3849 688 3888 non
713 3832 875 3889 debet
897 3833 1024 3907 poni
1053 3833 1195 3890 sicut
1219 3835 1412 3890 modus
1438 3833 1740 3906 theologiae,
1768 3836 1864 3892 sed
1885 3837 2027 3892 sicut
2050 3837 2197 3893 finis.

653 3920 762 3979 Sed
784 3929 977 3979 contra
1005 3931 1109 3992 est,
1133 3923 1283 3996 quod
1305 3922 1507 3981 dicitur
1532 3923 1627 3980 lib.
1657 3924 1727 3982 de
1748 3925 1955 3997 Spiritu
1968 3931 2037 3983 et
2060 3926 2279 3996 Anima,
2312 3931 2471 4002 quod
2498 3932 2588 3989 in-
