2800 4492
523 341 640 401 490
997 360 1048 403 8.
1093 359 1324 401 ‘mot-1213
1367 358 1692 441 AoutNAfts
1734 356 2041 399 croscum

524 473 680 545 cipue
709 474 752 530 si
795 474 868 530 sit
908 488 1074 530 causa
1118 473 1261 529 inter
1304 473 1443 529 duas
1482 471 1776 539 Ecclesiae,
1815 486 1941 527 cum
1982 471 2202 543 utrique
2252 476 2547 527 teneatur.

531 563 669 635 Ergo
693 562 908 619 videtur
932 561 1078 635 quod
1104 568 1293 635 peccet
1317 561 1642 617 mortaliter.

596 653 648 707 l.
673 652 776 707 Sed
808 660 998 707 contra
1025 658 1127 715 est,
1161 650 1291 722 quia
1338 649 1468 705 illud
1509 649 1653 721 quod
1681 648 1856 718 vergit
1900 648 1951 702 in
1991 661 2284 703 commune
2316 646 2551 719 pericu-

530 741 654 806 lum,
687 754 792 795 non
835 748 920 794 est
957 738 1028 795 ab
1067 739 1312 807 Ecclesia
1339 738 1742 796 sustinendum.
1768 735 1875 793 Sed
1917 736 2164 792 Ecclesia
2209 737 2460 792 sustinet
2488 744 2550 791 ut

529 828 693 901 aliqui
723 828 1085 883 communiter
1107 826 1344 883 habeant
1379 826 1515 883 duas
1543 825 1888 899 praebendas,
1918 824 2062 897 Ergo
2093 826 2147 879 in
2183 824 2290 880 hoc
2316 840 2427 879 non
2462 834 2548 881 est

530 915 825 990 periculum
853 916 1063 989 peccati
1093 914 1354 972 mortalis.

597 1009 650 1061 2.
675 1006 964 1069 Praeterea,
995 1004 1204 1060 licitum
1224 1011 1306 1059 est
1326 1003 1488 1059 alicui
1518 1002 1905 1074 patrimonium
1928 1000 2148 1057 habenti
2180 1001 2547 1073 praebendam

532 1094 795 1165 accipere.
829 1093 933 1149 Sed
959 1095 1132 1164 major
1156 1100 1239 1148 est
1268 1092 1651 1148 convenientia
1688 1091 1830 1146 inter
1854 1090 2231 1145 ecclesiastica
2262 1090 2541 1146 beneficia

533 1198 694 1256 quam
715 1182 856 1238 inter
886 1182 1270 1253 patrimonium
1301 1190 1356 1237 et
1391 1180 1757 1254 praebendam.
1790 1180 1933 1253 Ergo
1959 1182 2126 1235 etiam
2152 1180 2281 1236 licet
2313 1160 2547 1235 habenti

535 1287 694 1325 unam
719 1270 1087 1343 praebendam,
1116 1270 1364 1343 accipere
1393 1270 1577 1326 aliam.

599 1359 922 1432 Respondeo
951 1359 1260 1425 dicendum,
1294 1359 1441 1432 quod
1483 1358 1659 1413 omnis
1696 1358 1933 1431 quaestio
1965 1357 2017 1411 in
2046 1372 2157 1430 qua
2202 1356 2271 1411 de
2321 1358 2547 1412 mortali

535 1456 758 1522 peccato
784 1448 1066 1520 quaeritur,
1109 1449 1212 1504 nisi
1251 1462 1510 1521 expresse
1537 1448 1741 1502 veritas
1781 1446 2065 1513 habeatur,
2102 1444 2413 1516 periculose
2442 1446 2547 1501 de-

537 1538 893 1605 terminatum
921 1537 1048 1608 quia
1088 1551 1237 1591 error
1273 1552 1382 1607 quo
1412 1551 1514 1590 non
1550 1533 1794 1589 creditur
1823 1534 1943 1589 esse
1980 1540 2269 1603 peccatum
2310 1534 2545 1588 mortale

535 1624 678 1697 quod
718 1630 802 1679 est
849 1614 1134 1695 peccatum
1175 1622 1423 1689 mort-ale,
1468 1621 1861 1677 conscientiam
1903 1636 2009 1676 non
2054 1627 2285 1675 excusat
2333 1636 2367 1675 a
2406 1628 2540 1686 tote,

537 1714 662 1768 licet
691 1711 828 1769 sorte
855 1728 884 1767 a
913 1719 1082 1767 tanto.
1111 1712 1277 1767 Error
1299 1726 1427 1767 vero
1451 1727 1561 1784 quo
1585 1710 1829 1766 creditur
1858 1726 1978 1765 esse
2005 1709 2234 1764 mortale
2261 1710 2414 1781 quod
2437 1726 2542 1765 non

536 1808 618 1854 est
649 1800 894 1865 mortale,
927 1815 992 1854 ex
1029 1800 1363 1856 conscientia
1399 1800 1533 1869 ligat
1560 1800 1627 1855 ad
1660 1806 1943 1871 peccatum
1976 1788 2225 1854 mortale.
2256 1799 2542 1869 Praecipue

537 1896 718 1943 autem
765 1887 1126 1958 periculosum
1168 1894 1270 1953 est,
1317 1888 1419 1941 ubi¹
1447 1889 1653 1942 veritas
1683 1887 1939 1958 ambigua
1980 1894 2097 1953 est;
2144 1888 2292 1959 quod
2340 1889 2396 1942 in
2428 1888 2542 1943 haec

537 1976 836 2049 quaestione
857 1974 1077 2031 accidit.
1110 1976 1244 2031 Cum
1269 1976 1416 2030 enim
1444 1974 1561 2031 haec
1591 1976 1823 2048 quaestio
1844 1976 1911 2032 ad
1942 1975 2221 2046 theologos
2245 1978 2537 2045 pertineat,

542 2070 592 2120 in
619 2071 882 2136 quantum
907 2063 1176 2135 dependet
1215 2080 1282 2120 ex
1311 2066 1435 2135 jure
1474 2065 1658 2120 divino
1687 2064 1772 2121 vel
1803 2081 1868 2119 ex
1901 2066 2024 2136 jure
2066 2064 2343 2132 naturali;
2378 2073 2435 2119 et
2471 2064 2539 2119 ad

533 2154 778 2224 juristas,
803 2152 857 2207 in
887 2160 1150 2224 quantum
1177 2153 1446 2221 dependet
1478 2170 1544 2207 ex
1566 2154 1690 2225 jure
1718 2152 1983 2225 positivo;
2021 2153 2374 2208 inveniuntur
2400 2153 2455 2207 in
2474 2168 2539 2208 ea

541 2240 772 2311 theologi
821 2240 1084 2311 theologis
1125 2248 1181 2295 et
1220 2241 1436 2313 juristae
1477 2241 1691 2312 juristis
1734 2242 2007 2297 contrarie
2051 2243 2275 2301 sentire.
2312 2242 2375 2297 ln
2416 2243 2540 2313 jure

541 2340 774 2403 namque
811 2328 996 2385 divino
1025 2346 1129 2384 non
1161 2330 1434 2385 invenitur
1459 2330 1822 2385 determinata
1848 2345 2121 2401 expresse,
2147 2346 2272 2385 cum
2306 2331 2359 2384 in
2385 2344 2539 2385 sacra

541 2410 818 2493 Scriptura
839 2434 1097 2491 expressa
1139 2418 1340 2475 mentio
1365 2418 1433 2473 de
1456 2434 1520 2473 ea
1549 2432 1653 2473 non
1688 2418 1797 2483 fiat,
1832 2420 2085 2489 quamvis
2112 2419 2181 2473 ad
2220 2436 2343 2475 cam
2374 2434 2539 2491 argu-

543 2514 723 2564 menta
747 2524 814 2563 ex
837 2507 1110 2581 aliquibus
1140 2506 1561 2563 auctoritatibus
1588 2507 1884 2578 Scripturae
1912 2506 2052 2563 forte
2078 2506 2275 2563 adduci
2307 2509 2533 2580 possint,

543 2612 666 2668 quae
695 2604 873 2652 tamen
900 2613 1005 2651 non
1037 2595 1212 2651 lucide
1238 2596 1529 2652 veritatem
1558 2595 1875 2651 ostendunt.
2204 2622 2231 2653 o

615 2684 1031 2739 Determinando
1063 2700 1188 2739 vero
1218 2700 1338 2740 eam
1369 2684 1667 2740 secundum
1685 2684 1780 2755 jus
1806 2684 2077 2753 naturale,
2105 2684 2185 2739 sic
2222 2684 2442 2739 videtur
2472 2685 2536 2739 ad

541 2784 779 2842 praesens
805 2768 873 2823 de
903 2784 966 2825 ea
1005 2770 1293 2824 dicendum
1323 2788 1334 2823 z
1368 2771 1512 2843 quod
1558 2769 1834 2825 actionum
1869 2770 2229 2826 humanorum
2256 2770 2537 2843 multiplex

540 2864 622 2911 est
644 2856 968 2909 differentia.
1001 2856 1264 2922 Quaedam
1305 2860 1448 2912 enim
1485 2863 1613 2912 sunt
1642 2874 1767 2929 quae
1793 2857 1993 2913 habent
2018 2858 2427 2929 deformitatem
2454 2859 2537 2914 in-

539 2942 912 3017 separabiliter
941 2957 1224 3011 annexam,
1277 2951 1338 2998 ut
1377 2944 1683 3012 fornicatio,
1732 2944 2079 3013 adulterium,
2112 2955 2166 3002 et
2208 2946 2318 3003 alia
2349 2946 2536 3019 hujus-

540 3034 705 3097 modi,
733 3047 858 3105 quae
887 3032 1034 3087 nullo
1065 3032 1223 3088 modo
1253 3031 1390 3088 bene
1422 3032 1536 3089 fieri
1562 3041 1788 3107 possunt
1820 3052 1831 3088 :
1862 3035 1929 3089 de
1960 3050 2184 3089 numero
2214 3034 2407 3090 talium
2432 3052 2535 3091 non

539 3114 622 3178 es't
645 3122 842 3179 habere
872 3121 1054 3193 plures
1091 3121 1443 3193 praebendas;
1476 3122 1611 3178 alias
1654 3123 1707 3177 in
1739 3122 1884 3178 nullo
1914 3138 2045 3178 casu
2074 3122 2535 3193 dispensationem
2580 3122 2591 3132 “

541 3211 779 3280 recipere
810 3217 1008 3279 posset,
1055 3211 1197 3283 quod
1245 3210 1423 3265 nullus
1470 3210 1622 3267 dicit.
1671 3211 1935 3281 Quaedam
1964 3227 2093 3266 vero
2141 3220 2267 3266 sunt
2297 3212 2537 3267 actiones

540 3312 662 3368 quae
685 3297 752 3349 de
782 3310 839 3349 se
859 3297 1228 3353 indifferentes
1252 3299 1467 3354 suntad
1490 3298 1687 3354 bonum
1714 3299 1797 3354 vel
1824 3298 2043 3363 malurn,
2066 3306 2123 3352 ut
2152 3298 2335 3354 levare
2366 3291 2533 3354 sestu-

537 3400 656 3441 cam
681 3383 748 3438 de
779 3389 942 3449 terra,
970 3385 1048 3439 vel
1081 3384 1284 3459 aliquid
1318 3387 1661 3458 hujusmodi3
1688 3391 1829 3443 inter
1853 3402 2085 3459 quarum
2120 3402 2404 3441 numerum
2426 3388 2537 3458 qui·

537 3475 661 3529 dam
687 3479 1004 3545 computant
1025 3472 1222 3528 habere
1247 3474 1429 3544 plures
1454 3475 1792 3547 praebendas
1814 3474 2060 3532 dicentes
2082 3491 2094 3527 :
2114 3475 2195 3529 lta
2216 3473 2429 3529 licitum
2455 3481 2536 3529 est

538 3563 734 3618 habere
765 3556 946 3633 plures
975 3560 1312 3633 praebendaS,
1350 3564 1493 3617 sicut
1528 3562 1728 3619 habere
1757 3562 1923 3635 plura·
1951 3577 2135 3633 poma.
2166 3563 2271 3618 Sed
2303 3562 2407 3617 hoc
2432 3577 2533 3630 nou

539 3652 751 3707 videtur
775 3666 895 3706 esse
919 3666 1141 3717 verum;
1174 3667 1297 3706 cum
1324 3650 1427 3707 hoc
1456 3652 1601 3724 quod
1631 3659 1713 3707 est
1750 3651 1947 3708 habere
1974 3650 2159 3723 plures
2188 3650 2531 3722 praebendaS,

538 3738 795 3809 plurimas
843 3740 898 3794 in
943 3756 1002 3795 se
1046 3740 1475 3797 inordinationes
1516 3741 1829 3807 contineat3
1879 3746 2067 3813 utpote
2118 3740 2248 3813 quia
2295 3755 2403 3794 non
2454 3744 2537 3794 est

495 3882 498 3885 ⁴
537 3826 790 3894 possibile
833 3828 1069 3899 aliquem
1118 3830 1169 3882 in
1216 3829 1460 3902 pluribus
1500 3829 1760 3891 Ecclesiis
1801 3828 2094 3893 deservire,
2128 3830 2183 3883 in
2226 3827 2429 3901 quibus
2453 3835 2537 3883 est

537 3903 954 3987 praebendatus;
999 3930 1126 3975 cum
1171 3916 1481 3993 praebendae
1532 3918 1819 4005 videantur
1876 3933 1996 3979 esse
2048 3904 2317 3979 oidiuutae
2371 3916 2531 3996 quast
