2800 4492
807 371 896 415 11.
929 387 1010 402 —
1033 372 1101 416 m
1141 372 1413 418 nonnum
1453 373 1533 418 nm
1574 372 1905 419 mmmmm
2280 357 2356 418 91

343 485 630 544 sideraret
670 485 1002 558 triangulum
1061 493 1116 544 et
1156 489 1625 562 quadrangulum3
1672 505 1803 563 ergo
1842 489 2155 549 considerat
2196 489 2364 547 lineas

343 575 654 632 secundum
715 575 862 648 quod
911 575 1168 645 differunt
1206 593 1454 647 numam,
1502 584 1561 634 et
1596 578 1925 635 conveniunt
1970 579 2153 652 specie
2200 594 2217 635 ε
2268 579 2365 634 sed

349 663 682 737 principium
704 663 990 721 differendi
1028 665 1110 720 his
1135 681 1259 739 quae
1287 667 1588 724 secundum
1622 669 1861 740 speciem
1890 669 2242 735 conveniunt,
2282 673 2366 722 est

349 753 606 823 materia,
657 758 719 809 ut
761 770 828 809 ex
869 754 1198 826 supradictis
1243 762 1425 829 patet3
1476 770 1605 828 ergo
1644 758 1875 814 materia
1915 756 2295 814 consideratur
2336 771 2367 811 a

350 840 766 899 mathematico.
1080 842 1089 848 ’“
2332 867 2336 874 ·

429 933 480 986 4.
521 932 678 1000 Item,
726 930 874 988 nulla
900 930 1132 990 scientia
1173 947 1300 1006 quae
1335 933 1554 1006 penitus
1596 933 1864 993 abstrahit
1904 935 2229 1011 amatoria,
2270 935 2368 991 de·-

262 1071 280 1080 -
352 1026 628 1102 monstrat
651 1035 750 1093 per
777 1036 1003 1079 causam
1027 1021 1369 1079 materialem
1408 1021 1424 1079 ἐ
1464 1023 1559 1079 sed
1590 1023 1646 1078 in
1678 1023 2063 1080 mathematica
2092 1023 2229 1079 fiunt
2260 1022 2368 1078 ali-

351 1123 484 1182 quae
527 1110 1038 1178 demonstrationes,
1093 1126 1218 1185 quae
1258 1126 1366 1167 non
1412 1119 1638 1184 possunt
1685 1112 1871 1170 reduci
1902 1113 2005 1168 nisi
2044 1112 2100 1167 in
2146 1126 2368 1168 causam

350 1197 718 1267 materialem,
759 1199 904 1255 sicut
929 1214 1052 1256 cum
1079 1197 1488 1257 demonstratur
1514 1201 1719 1276 aliquid
1750 1201 1819 1258 de
1855 1206 1969 1258 toto
1997 1217 2065 1257 ex
2099 1201 2365 1273 partibus.

350 1289 548 1344 Partes
574 1288 720 1343 enim
755 1295 882 1344 sunt
912 1289 1143 1346 materia
1171 1289 1359 1360 totius,
1402 1295 1463 1345 ut
1499 1290 1703 1374 dicitur:
1731 1307 1775 1347 u
1816 1289 2190 1363 physicorum,
2224 1289 2369 1344 unde

349 1383 414 1432 et
440 1375 496 1430 in
527 1391 572 1432 11
594 1377 887 1432 Posterior.
921 1375 1202 1432 reducitur
1225 1377 1292 1444 ad
1322 1393 1546 1436 causam
1584 1377 1924 1435 materialem
1950 1378 2363 1443 demonstrem,

350 1479 464 1536 qua
495 1463 900 1520 demonstratur
929 1464 1075 1537 quod
1104 1465 1334 1538 angulus
1367 1467 1463 1539 qui
1494 1471 1580 1522 est
1611 1465 1666 1522 in
1694 1465 2037 1522 semicirculo
2074 1470 2159 1520 est
2188 1475 2369 1519 rectus

349 1569 424 1608 ex
451 1569 536 1621 ee,
569 1553 715 1626 quod
748 1559 980 1626 utraque
1021 1569 1147 1626 pars
1175 1556 1294 1626 ejus
1324 1561 1411 1611 est
1438 1555 1761 1624 semirecta3
1804 1570 1935 1626 ergo
1976 1552 2367 1611 mathematica

349 1657 464 1697 non
489 1643 712 1699 omnino
733 1642 1003 1699 abstrahit
1031 1659 1063 1699 a
1090 1642 1343 1700 materia.

425 1733 479 1786 5.
506 1731 662 1798 Item,
689 1737 870 1788 motus
891 1748 997 1789 non
1020 1737 1350 1804 potestesse
1377 1731 1497 1789 sine
1520 1732 1751 1790 materia
1778 1747 1792 1787 t
1822 1731 1918 1788 sed
1944 1730 2366 1788 mathematicus

349 1820 522 1876 debet
543 1820 889 1878 considerare
914 1827 1142 1890 motum,
1173 1821 1302 1894 quia
1323 1837 1449 1878 cum
1479 1827 1659 1877 motus
1688 1829 2034 1878 mensuretur
2066 1820 2367 1876 secundum

349 1909 616 1981 spatium,
651 1909 895 1980 eJusdem
934 1910 1162 1968 rationis
1191 1917 1248 1966 et
1275 1910 1521 1968 scientiae
1552 1911 1765 1968 videtur
1804 1909 2149 1966 considerare
2188 1924 2369 1980 quan-

351 1998 575 2054 titatem
612 2002 824 2066 motus3
855 2011 984 2070 ergo
1025 1997 1447 2055 mathematicus
1474 2014 1583 2055 non
1611 1999 1831 2055 omnino
1859 1998 2087 2054 dimittit
2114 1996 2369 2054 conside-

309 2150 316 2155 ,
347 2085 627 2142 rationem
654 2086 922 2142 materiae.
2317 2087 2319 2091 ’

426 2177 482 2228 6.
512 2174 668 2242 item,
695 2175 992 2245 astrologia
1017 2175 1270 2248 quaedam
1299 2190 1427 2246 pars
1450 2174 1855 2231 mathematicas
1882 2182 1965 2231 est
1994 2191 2008 2230 ε
2033 2178 2088 2229 et
2116 2172 2369 2229 similiter

347 2263 587 2319 scientia
625 2262 693 2319 de
722 2263 938 2336 sphaera
965 2270 1129 2332 mota,
1162 2271 1217 2322 et
1245 2264 1314 2321 de
1348 2264 1701 2338 ponderibus,
1734 2271 1789 2320 et
1824 2263 2053 2331 musica,
2084 2263 2141 2319 in
2171 2262 2369 2336 quibus

348 2349 606 2408 omnibus
645 2351 708 2407 fit
735 2351 1102 2408 consideratio
1138 2352 1205 2408 de
1237 2361 1406 2420 motu,
1446 2359 1501 2408 et
1532 2337 2050 2421 rebus'mobilibu83
2081 2367 2211 2424 ergo
2247 2355 2397 2406 ma-'

351 2439 652 2496 thematica
683 2456 788 2496 non
815 2440 1083 2498 abstrahit
1114 2441 1358 2498 totaliter
1386 2457 1419 2497 a
1447 2439 1678 2496 materia
1704 2447 1759 2494 et
1786 2447 1959 2496 motu.

425 2529 480 2582 7.
513 2530 666 2596 Item,
701 2529 968 2586 naturalis
1005 2529 1372 2586 consideratio
1412 2535 1529 2584 tota
1558 2534 1641 2583 est
1665 2527 1812 2583 circa
1844 2527 2129 2583 materiam
2160 2534 2213 2582 et
2244 2542 2366 2582 mo-

349 2624 473 2673 tum
521 2633 535 2671 t
587 2617 682 2673 sed
730 2616 987 2690 quaedam
1023 2617 1399 2674 conclusiones
1446 2617 1889 2673 demonstrantur
1929 2615 2289 2672 communiter
2337 2631 2369 2672 a

349 2705 743 2773 mathematico
773 2710 830 2760 et
856 2705 1113 2774 naturali,
1142 2712 1294 2778 puta,
1328 2706 1509 2762 utrum
1542 2709 1689 2760 terra
1719 2705 1792 2759 sit
1820 2704 2073 2772 rotunda,
2108 2714 2162 2758 et
2188 2711 2367 2759 utrum

349 2794 428 2850 sit
472 2795 527 2848 in
570 2794 748 2850 medio
779 2793 903 2850 coeli
937 2809 951 2848 ε
985 2809 1112 2866 ergo
1151 2809 1260 2850 non
1285 2801 1465 2866 potest
1493 2809 1615 2850 esse
1650 2793 1796 2866 quod
1829 2791 2211 2851 mathematica
2240 2792 2369 2850 abs-

351 2881 540 2938 trahat
568 2883 790 2938 omnino
820 2897 853 2938 a
885 2883 1136 2938 materia.
1426 2867 1433 2878 ”
1645 2877 1649 2881 ’

423 2971 482 3027 Si
524 2970 740 3028 dicatur
777 2971 926 3044 quod
963 2969 1232 3028 abstrahit
1263 2976 1476 3027 tantum
1522 2985 1552 3026 a
1581 2971 1814 3028 materia
1842 2968 2115 3039 sensibili;
2156 2975 2368 3026 contra.

347 3059 583 3117 Materia
619 3059 894 3116 sensibilis
933 3065 1018 3116 est
1057 3059 1288 3116 materia
1329 3059 1695 3131 particularis,
1729 3059 1859 3133 quia
1888 3075 2081 3115 sensus
2123 3059 2371 3130 particu-

351 3147 554 3204 larium
582 3155 684 3216 est,
732 3139 907 3222 aqua
941 3152 1128 3205 omnes
1156 3149 1404 3204 scientiae
1438 3146 1780 3214 abstrahunt,
1813 3161 1942 3218 ergo
1981 3145 2371 3202 mathematica

349 3238 719 3295 consideratio
751 3253 861 3294 non
885 3237 1048 3294 debet
1071 3237 1180 3292 dici
1208 3237 1384 3308 magis
1403 3235 1700 3304 abstracta,
1730 3251 1893 3308 quam
1926 3235 2110 3308 aliqua
2140 3234 2371 3292 aliarum

348 3327 730 3384 scientiarum.

424 3418 585 3484 Item,
622 3412 982 3486 Philosophus
1018 3413 1074 3470 in
1113 3413 1330 3488 Physic.
1356 3412 1493 3470 dicit
1540 3413 1644 3470 tria
1688 3427 1810 3470 esse
1848 3413 2089 3486 negotia.
2132 3413 2371 3469 Primum

348 3511 439 3564 est
464 3505 535 3561 de
569 3502 758 3560 mobili
783 3510 840 3560 et
867 3502 1210 3580 corruptibili
1252 3520 1268 3558 z
1305 3503 1607 3560 secundum
1637 3504 1705 3558 de
1743 3501 1929 3560 mobili
1956 3509 2011 3558 et
2038 3503 2373 3574 incorrupti-

348 3594 452 3650 bili
485 3609 502 3648 z
543 3593 766 3650 tertium
807 3591 877 3649 de
918 3591 1180 3648 immobili
1219 3599 1276 3654 et
1313 3590 1734 3668 incorruptibili.
1780 3593 2018 3648 Primum
2057 3599 2240 3647 autem
2288 3597 2373 3646 est

353 3681 628 3749 naturale,
667 3681 966 3738 secundum
1011 3681 1477 3748 mathematicum,
1526 3681 1749 3738 tertium
1791 3681 2055 3746 divinum,
2088 3688 2149 3734 ut
2189 3676 2373 3734 Ptole-

352 3785 538 3826 maeus
571 3769 790 3842 exponit
837 3771 891 3825 in
923 3769 1188 3842 principio
1231 3769 1567 3842 Almagesti;
1599 3785 1728 3841 ergo
1776 3767 2162 3825 mathematica
2192 3771 2275 3821 est
2304 3766 2373 3822 de

350 3856 674 3915 mobilibus.

431 3945 546 4003 Sed
572 3954 760 4004 contra
783 3951 886 4015 est,
917 3945 1062 4020 quod
1090 3944 1358 4019 Philosop.
1389 3944 1527 4002 dicit
1548 3945 1605 4001 in
1634 3959 1693 4002 vi
1719 3941 1955 4016 Metaph.
2012 3947 2017 3953 '
