2800 4492
743 339 944 396 xxm-
965 339 1032 392 m
1059 363 1062 368 -
1085 339 1356 390 nonnum
1394 341 1477 388 nn
1515 339 1849 387 mmmm-m
2024 377 2027 382 .
2242 319 2299 390 ΕΤ

284 460 538 530 possunt,
573 470 608 514 a
629 455 880 515 lectione
900 457 1280 521 excludantur.
1309 457 1432 517 Non
1456 456 1605 515 enim
1637 457 1872 514 libenter
1896 455 2151 529 leguntur
2172 469 2300 531 quae

285 559 394 602 non
436 544 840 618 intelliguntur.
877 545 956 603 -Et
991 547 1129 618 quia,
1167 547 1316 606 ratio,
1355 561 1425 604 ex
1454 545 1891 619 praecedentibus
1930 545 2300 614 connectitur,

287 633 556 708 praemisit
581 650 601 708 t,
628 653 654 688 α
684 635 857 692 lcirco
889 655 916 688 ιο
941 644 1182 708 quaeest.
1205 643 1336 692 nota
1354 635 1742 692 conclusionis.
1770 635 1979 692 Littera
2004 634 2167 708 plana
2188 639 2295 690 est.

357 741 386 773 α
435 721 606 779 Sane‘
627 728 842 780 tantum
879 737 911 779 a
942 723 1119 784 nobis.
1151 742 1200 788 υ,
1223 724 1326 780 Hic
1360 729 1589 783 excusat
1634 722 1816 796 operis
1843 721 2139 790 derectum,
2168 719 2301 794 quia

285 809 650 882 scilicetnon
694 811 858 869 debet
893 812 1098 884 requiri
1143 812 1214 870 ab
1252 827 1320 868 eo
1363 811 1423 870 in
1462 812 1567 870 hoc
1594 825 1757 882 opere
1796 810 1919 884 plus
1952 810 2302 868 certitudinis

285 914 454 971 quam
485 905 754 972 quantum
798 899 938 956 ratio
971 899 1206 980 humana
1234 899 1382 958 valet
1422 901 1492 957 ad
1521 894 1633 960 alta
1660 899 2299 968 deitatisconscendere,

279 987 434 1066 quod
481 988 680 1060 probat
709 1004 807 1061 per
843 987 1022 1045 locum
1051 1005 1084 1044 a
1117 988 1318 1049 minori
1345 990 1400 1045 in
1438 988 1561 1046 aliis
1602 989 1833 1054 artibus,
1859 989 1919 1068 in
1959 988 2159 1062 quibus
2192 987 2301 1044 iste

277 1073 560 1130 ‚terminus
580 1074 874 1148 unicuique
899 1075 1098 1132 artifici
1122 1077 1477 1142 constituitur
1501 1080 1562 1132 ut
1581 1081 1795 1136 tantum
1817 1074 2005 1142 faciat,
2032 1081 2301 1148 quantum

277 1163 529 1228 humana
556 1165 698 1220 ratio
725 1165 880 1220 sinit.
905 1165 1030 1234 Non
1069 1166 1217 1224 enim
1239 1180 1456 1239 semper
1484 1164 1729 1222 medicus
1770 1169 1947 1232 curat,
1992 1163 2091 1221 se‘d
2118 1162 2171 1220 si
2192 1172 2303 1221 non

283 1252 497 1309 omittit
534 1251 604 1308 de
641 1251 726 1308 his
754 1269 880 1326 quae
907 1253 1094 1312 facere.
1115 1253 1295 1322 debet,
1329 1255 1448 1310 sine
1485 1253 1648 1326 culpa
1674 1254 1803 1318 erit,
1832 1260 1889 1309 et
1922 1252 2174 1310 similiter
2216 1259 2303 1309 e'st
2340 1293 2345 1298 .

286 1343 340 1398 in
382 1341 510 1398 aliis
547 1340 762 1398 artibus
781 1358 805 1396 ,ε
841 1343 982 1398 unde
1005 1349 1072 1398 et
1107 1343 1162 1408 in
1205 1343 1311 1399 hoc
1349 1359 1516 1417 opere
1552 1343 1645 1400 ubi
1673 1349 1762 1402 est
1805 1342 2035 1401 materia
2064 1340 2303 1400 difficilis

280 1445 514 1510 ‚sensum
533 1430 792 1488 humanae
813 1441 1026 1500 naturae
1048 1433 1337 1499 excedens,
1363 1431 1541 1502 magis
1560 1431 1726 1488 debet
1750 1430 1964 1489 auctori
1980 1431 2140 1488 venia
2158 1431 2300 1501 duri,

286 1520 332 1575 si
371 1535 482 1576 non
522 1519 595 1577 ad
638 1520 936 1593 perfectam
976 1521 1362 1586 certitudinem
1395 1523 1761 1595 quaestionem
1797 1520 2057 1582 deducat.
2093 1519 2303 1576 Deinde

286 1624 412 1666 cum
436 1607 580 1665 dicit
611 1625 628 1663 ε
671 1629 698 1662 α
728 1608 896 1665 Vobis
921 1624 1104 1666 tamen
1138 1630 1190 1679 n,
1225 1609 1362 1668 dicit
1385 1612 1545 1682 cujus
1568 1608 1955 1668 auctoritatem
1984 1607 2301 1665 instruendo

285 1703 577 1768 sequatur,
603 1695 814 1752 scilicet
836 1700 1013 1769 Augu.
1043 1698 1162 1754 Non
1193 1704 1253 1754 ut
1269 1703 1569 1763 eatantum
1588 1697 1739 1754 dicut
1760 1708 1889 1770 quae
1911 1697 1967 1753 in
1992 1695 2087 1753 lib.
2118 1699 2303 1769 Augu'.

283 1785 688 1856 inveniuntur‚·
712 1785 809 1841 sed
847 1787 977 1858 quia
1019 1803 1084 1843 ea
1112 1797 1238 1859 quae
1279 1790 1461 1858 Augu.
1498 1787 1566 1843 de
1605 1786 1873 1845 Trinitate
1898 1787 2061 1852 dixit,
2092 1785 2307 1842 scilicet

287 1874 434 1947 quod
459 1874 520 1929 in
551 1873 818 1932 absolutis
855 1874 1058 1931 divinae
1091 1889 1336 1948 personae
1357 1877 1711 1942 conveniunt,
1738 1883 1793 1931 et
1828 1874 2160 1934 int-elotivis
2180 1873 2303 1930 dis-

288 1963 638 2034 tinguuntur,
690 1962 894 2035 accipit
931 1964 1089 2037 quasi
1131 1964 1340 2020 semina
1377 1971 1435 2020 et
1472 1965 1759 2037 principia.
1790 1963 1991 2040 quibus
2010 1961 2193 2022 :utitur
2232 1962 2303 2018 ad

290 2051 617 2125 quaestionis
635 2051 1012 2108 difficultatem
1033 2053 1394 2120 enodandam,
1418 2054 1573 2110 etsie
1599 2054 1719 2124 ipsa
1736 2053 1989 2111 veritatis
2009 2051 2303 2125 explicatio

291 2157 388 2212 per
425 2139 632 2198 multas
659 2141 900 2198 rationes
927 2150 1055 2211 sunt
1093 2141 1304 2200 fructus
1331 2158 1397 2198 ex
1432 2141 1729 2199 seminibus
1755 2145 1897 2214 Aug.
1928 2141 1981 2197 in
2016 2141 2139 2214 ipso
2172 2154 2305 2214 pro-

293 2230 577 2286 venientes
603 2246 618 2286 ι
645 2229 738 2303 qui
771 2239 958 2300 autem
983 2231 1092 2288 sint
1116 2232 1503 2291 convenientes
1526 2238 1581 2288 et
1605 2231 1799 2295 uberes
1823 2230 1969 2287 eiad
1992 2235 2157 2303 quem
2176 2227 2308 2284 scri·

296 2317 394 2389 bit,
421 2318 826 2392 inspiciendum
848 2320 1144 2378 committit
1169 2320 1238 2378 ad
1269 2320 1603 2395 propositam
1630 2319 1989 2394 quaestionem
2014 2315 2301 2379 accedens.

1067 2443 1465 2571 QUAESTIO
1510 2460 1545 2558 1'

831 2617 936 2680 'nn
985 2633 1330 2678 mvmomm
1385 2629 1754 2676 ooomrtoun

369 2729 470 2790 Hic
494 2731 693 2792 incidit
739 2731 1231 2806 duplexssquaestIo.
1258 2731 1465 2801 Prima,
1505 2731 1575 2790 de
1618 2728 1929 2788 divinorum
1967 2723 2301 2802 cognitione.

305 2809 548 2879 Secunda
571 2821 642 2878 de
665 2835 856 2880 eorum
881 2822 1390 2880 manifestatione..

371 2911 527 2968 Circa
555 2910 794 2984 primum
823 2915 1143 2984 quaeruntur
1167 2917 1426 2984 quatuor.

371 3001 572 3057 Primo.
622 2999 819 3058 Utrum
859 2995 944 3058 me
949 3017 1013 3058 ns
1049 2999 1289 3058 humana
1331 2997 1401 3057 ad
1444 2963 1811 3073 cognitionem
1856 2992 2109 3056 veritatis
2164 3009 2305 3056 nova

309 3085 669 3147 illustratione
693 3090 896 3148 divinae
925 3090 1062 3146 lucis
1085 3089 1350 3162 indigeat.

371 3177 642 3236 Secundo.
668 3180 862 3237 Utrum
885 3179 1059 3253 possit
1091 3178 1161 3237 ad
1190 3177 1290 3235 Dei
1315 3177 1565 3238 notitiam
1594 3175 1899 3252 pervenire.

375 3267 578 3324 Terti0.
603 3267 799 3326 Utrum
827 3271 970 3324 Deus
993 3268 1067 3326 sit
1097 3286 1158 3342 pr
1163 3269 1330 3324 imum
1361 3268 1507 3342 quod
1533 3284 1564 3326 a
1584 3276 1768 3325 mente
1794 3264 2164 3339 cognoscitur.

375 3357 602 3428 Quarto.
629 3357 824 3416 Utrum
855 3358 924 3415 ad
944 3358 1150 3416 divinae
1177 3357 1463 3415 Trinitatis
1500 3357 1867 3430 cognitionem
1893 3355 2049 3413 mens
2071 3355 2309 3426 bumana

314 3446 586 3519 pervenire
613 3463 710 3522 per
735 3447 1040 3506 naturalem
1065 3449 1332 3506 rationem
1361 3443 1619 3504 sufficiat.

1020 3579 1477 3674 ARTICULUS
1540 3607 1590 3668 1.

329 3699 533 3792 Utrum
581 3745 744 3792 mens
793 3719 1078 3802 humana,
1127 3727 1210 3790 ad
1251 3724 1647 3806 manitionem
1695 3722 1994 3798 veritatis,
2034 3717 2309 3799 indiyoat

743 3835 901 3882 nova
940 3817 1357 3892 illustratione
1387 3808 1621 3890 dioinae
1670 3813 1850 3887 lucis.
2302 3850 2305 3852 v

323 3936 464 3994 Ad
489 3936 730 4011 primum
757 3935 840 3994 sic
874 3934 1210 4008 proceditur.
1239 3935 1294 3993 t.
1294 3929 1571 3996 Videtur:
1591 3930 1738 4005 quod
1774 3939 1927 3986 mens
1972 3927 2211 3985 humana
2250 3926 2307 3983 in
