2800 4492
731 325 845 370 x11.
875 339 952 354 -
981 321 1407 376 oooomnn‘rosr
1460 324 1733 376 ουιιιιιιιι
2106 309 2235 370 ’337

227 443 344 516 ipse
383 445 564 499 motus
604 441 943 515 poenitentiae
987 447 1072 498 est
1109 441 1465 500 meritoriuS.
1492 441 1646 500 Unde
1678 441 1803 498 talis
1844 445 1952 499 ιἰοιι
1996 458 2080 498 me
2087 451 2236 498 retur

228 531 526 589 aureolam.

296 619 376 678 Ad
403 619 641 694 primum
673 635 803 692 ergo
838 619 1148 688 dicendum,
1177 618 1325 694 quod
1351 617 1693 678 conversioni
1730 619 1973 676 fidelium
2005 619 2236 676 debetur

227 711 465 774 aureola,
499 709 896 783 praesupposito
925 711 1121 765 merito
1147 709 1455 766 essentialis
1484 710 1691 782 praemii
1725 709 1778 764 in
1806 725 1872 766 eo
1900 709 1993 782 qui
2032 711 2235 782 praedi-

226 799 403 866 navim
435 797 676 872 alioquin
706 798 883 854 locum
921 797 1084 854 habet
1122 798 1266 870 quod
1297 799 1499 854 dicitur
1527 797 1718 854 Maub.
1755 813 1879 862 xvi,
1924 801 1992 855 26
2034 815 2049 852 τ
2097 799 2237 864 Quid

228 889 434 960 prodest
465 886 688 952 homini,
729 886 777 940 εἰ
805 887 1113 942 uniuersum
1151 887 1404 943 mundum
1432 887 1695 953 lucretur,
1734 887 1931 943 animae
1957 903 2081 943 vero
2122 903 2232 943 suoe

226 977 596 1034 detrimentum
623 975 913 1048 potiatur?

295 1066 377 1122 Ad
407 1064 707 1126 secundum
744 1063 1054 1129 dicendum,
1088 1063 1231 1137 quod
1273 1063 1490 1120 aureola
1530 1062 1863 1134 virginitatis
1892 1052 2119 1120 debetur
2144 1064 2235 1119 in-

225 1153 468 1226 tegritati
503 1153 702 1217 carme,
748 1168 872 1225 quae
917 1160 1101 1208 manet
1147 1159 1271 1225 post
1308 1152 1725 1224 poenitentiam3
1768 1159 1826 1206 et
1855 1151 1977 1207 ideo
2004 1151 2233 1208 debetur

224 1242 421 1315 virgini
466 1241 751 1312 poenitenti
798 1239 1046 1306 aureola;
1085 1241 1180 1296 sed
1221 1240 1443 1296 aureola
1494 1240 1761 1296 doctrinoe
1806 1239 2035 1296 debetur
2082 1243 2233 1298 actui

225 1331 482 1394 doctori&
514 1329 608 1402 qui
648 1331 868 1395 transit;
914 1337 970 1385 et
998 1326 1122 1384 ideo
1163 1334 1284 1400 post
1312 1329 1693 1402 poenitentiam
1736 1342 1841 1385 non
1871 1327 2099 1387 debetur
2129 1345 2233 1386 au·

225 1419 372 1478 reolo
401 1417 632 1484 doctori,
661 1417 764 1474 nisi
791 1423 948 1474 ectus
971 1417 1282 1484 reiteretur.

877 1593 1330 1656 ARTICULUS
1371 1594 1575 1658 XXV.

237 1727 452 1796 Utrum
490 1729 548 1793 si
563 1745 677 1808 per
716 1725 1053 1790 doctrinam
1089 1723 1356 1806 alicujus
1381 1727 1582 1806 aliqui
1620 1725 2019 1790 owetnakuncur
2045 1741 2085 1793 a
2106 1745 2230 1794 me·-

384 1820 528 1882 liori
563 1816 729 1891 bono,
765 1817 871 1880 ille
900 1819 1170 1879 teneatm
1197 1833 1371 1879 suam
1406 1816 1747 1880 doctrinam
1773 1809 2063 1881 revocare.

293 1956 449 2012 Circa
475 1952 774 2008 secundum
797 1952 876 2006 sic
898 1951 1230 2022 proceditur.
1249 1951 1302 2005 4.
1329 1949 1558 2005 Videtur
1575 1932 1719 2024 quod
1740 1951 1783 2005 si
1808 1968 1901 2023 per
1922 1953 2228 2011 doctrinam

226 2043 454 2115 alicujus
495 2042 664 2114 aliqui
713 2037 1060 2095 retrahantur
1102 2054 1136 2094 n
1184 2037 1392 2093 meliori
1441 2039 1603 2102 bono,
1655 2038 1742 2093 ille
1786 2045 2037 2096 teneatur
2072 2058 2227 2098 suam
2309 2109 2315 2114 ¹

225 2134 528 2188 doctrinam
555 2145 832 2185 revocare.
859 2126 1006 2184 Talis
1030 2129 1171 2182 enim
1201 2126 1392 2181 doctor
1423 2126 1475 2179 in
1506 2142 1606 2180 sua
1635 2127 1880 2182 doctrina
1908 2128 2038 2185 sarit
2066 2147 2231 2186 scan-

225 2222 408 2278 datum
461 2221 732 2286 activumg
785 2217 911 2289 quia
965 2207 1156 2270 doctor
1213 2213 1468 2270 informat
1510 2214 1861 2282 intellectum,
1923 2218 2231 2274 intellectus

225 2321 409 2368 autem
433 2308 694 2376 informat
723 2307 996 2368 affectum,
1029 2309 1086 2358 et
1115 2319 1208 2375 per
1251 2318 1591 2375 consequens
1624 2311 1829 2358 actum.
1858 2305 1961 2360 Sed
1992 2309 2231 2364 scanda-

183 2421 190 2427 ·
225 2400 338 2456 lum
367 2399 606 2455 activum
637 2402 853 2451 tenetur
876 2391 1108 2465 quilibet
1135 2406 1435 2447 removere.
1469 2390 1610 2461 Ergo
1639 2389 1765 2446 taiis
1792 2391 1983 2449 doctor
2013 2401 2230 2452 tenetur

130 2489 136 2494 ’
223 2505 379 2546 suam
405 2487 710 2543 doctrinam
735 2497 1013 2538 revocare.

295 2582 348 2634 2.
382 2578 675 2639 Primores,
705 2568 1008 2643 spiritualia
1038 2573 1163 2624 sunt
1195 2565 1585 2638 temporalibus
1612 2567 1844 2639 potiora.
1874 2569 2015 2626 Sed'
2002 2588 2054 2626 in
2087 2577 2231 2628 tem·

221 2664 520 2744 poi-atibus,
552 2669 610 2717 ut
637 2659 974 2730 Augustinus
999 2655 1152 2718 dicit,
1185 2670 1291 2711 non
1317 2655 1445 2712 dimi
1455 2657 1613 2711 ttitur
1638 2665 1939 2728 peccatum,
1977 2658 2077 2713 nisi
2110 2675 2241 2716 res·
2317 2687 2324 2693 -

224 2749 459 2811 tiiuatur
488 2746 752 2806 ablatum.
801 2733 940 2816 Ergo
986 2744 1158 2800 multo
1195 2745 1368 2814 magis
1409 2745 1641 2809 doctori,
1686 2745 1778 2817 qui
1810 2745 1941 2800 facit
1970 2733 2227 2804 damnum

224 2845 279 2902 in
309 2839 704 2915 spiritualibus,
735 2849 840 2892 non
870 2834 1164 2890 dimittitur
1193 2827 1501 2905 peccatum,
1544 2834 1625 2888 ni
1602 2834 1643 2890 i
1685 2837 1937 2891 restituat
1963 2835 2226 2906 ablatum,

225 2932 370 3008 quod
398 2931 455 2986 iit
481 2945 578 3004 per
601 2925 1001 2982 revocationem
1031 2923 1316 2979 doctrinae.
1622 2967 1625 2972 .

295 3021 399 3079 Sed
425 3025 613 3076 contra
633 3021 716 3070 est
741 3013 885 3086 quod
910 3011 1208 3084 Gregorius
1227 3011 1362 3067 dicit
1390 3025 1406 3065 ε
1442 3009 1651 3069 Veritus
1679 3027 1785 3068 nou
1808 3019 1883 3070 est
1912 3012 2228 3070 dimittenda

217 3116 445 3186 propter
472 3101 798 3160 scandalum.

297 3194 621 3268 Respondeo
647 3189 954 3255 dicendum,
989 3185 1132 3261 quod
1164 3185 1252 3245 hic
1271 3185 1713 3259 distinguendum
1740 3188 1973 3245 videtur.
2000 3190 2056 3249 Si
2085 3193 2231 3248 enim

223 3289 419 3346 doctor
449 3284 645 3340 doceat
672 3277 868 3334 salsam
891 3277 1218 3342 doctrinam,
1250 3283 1466 3332 tenetur
1504 3292 1625 3332 eam
1655 3272 1829 3333 modis
1862 3281 2114 3338 omnibus
2144 3301 2232 3352 re-

162 3400 170 3409 ·
224 3391 456 3444 voeare3
487 3381 544 3428 et
575 3369 810 3426 maxime
838 3366 884 3422 si
917 3381 984 3421 cx
1013 3379 1078 3421 ea
1107 3365 1390 3436 spirituale
1420 3364 1677 3420 damnum
1706 3376 1983 3438 sequatur.
2015 3370 2069 3427 Si
2102 3387 2231 3427 vero
2290 3369 2295 3374 ’

225 3467 422 3532 doceat
459 3477 646 3519 veram
684 3455 1023 3523 doctrinam;
1056 3459 1236 3527 potest
1274 3469 1340 3508 ex
1373 3469 1437 3510 ea
1466 3456 1619 3527 sequi
1650 3455 2037 3514 detrimentum
2064 3461 2232 3530 spiri-

228 3553 374 3610 tuele
403 3553 458 3608 in
493 3547 833 3607 auditoribus
869 3544 1180 3617 dupliciter.
1227 3540 1345 3598 Uno
1379 3544 1540 3598 modo
1572 3559 1640 3599 ex
1668 3544 1883 3600 deiectu
1924 3546 2095 3617 ipsius
2136 3543 2233 3618 qui

230 3643 446 3698 docet·
427 3674 448 3693 -.
488 3654 593 3694 uno
633 3637 792 3692 modo
833 3635 963 3707 quia
1008 3632 1313 3688 doctrinam
1342 3631 1596 3686 subtilem
1625 3638 1680 3687 et
1709 3634 1874 3688 altam
1908 3641 2233 3707 proponeret

230 3727 474 3794 rudibu3‚
502 3728 595 3800 qui
618 3742 722 3782 non
746 3731 926 3780 essent
953 3721 1098 3777 illius
1123 3720 1388 3776 doctrinae
1412 3734 1689 3792 capaces,
1720 3723 1812 3792 qui
1840 3735 1904 3775 ex
1932 3721 2033 3776 hoc
2057 3722 2235 3778 detri-

229 3827 473 3876 mentum
500 3814 691 3870 salutis
713 3814 1093 3869 incurrerent:
1122 3814 1312 3864 contra
1333 3808 1640 3878 exemplum
1667 3811 1810 3878 Apes
1787 3808 1928 3872 toli,
1957 3811 2049 3880 qui
2076 3809 2231 3876 dicit,

225 3907 250 3968 1
275 3909 344 3966 ad
369 3901 612 3964 Corinthi
641 3917 729 3969 ιιι,
762 3902 841 3956 4ι
879 3897 1169 3971 Tamquam
1195 3912 1303 3968 par
1307 3896 1441 3951 vulis
1470 3895 1527 3949 in
1554 3895 1665 3950 Chi
1669 3895 1769 3950 isto
1796 3897 1877 3952 loc
1899 3905 2084 3969 potum
2110 3899 2233 3955 dedi

737 4014 789 4064 S.
820 4014 977 4064 Τιιοιι.
1011 4015 1098 4067 Ao.
1133 4012 1484 4070 Oruscmnr-
1515 4009 1552 4058 ll
1594 4033 1657 4048 -
1680 4011 1759 4071 22.
