2800 4492
632 385 723 454 511.
752 424 832 439 —
857 409 928 454 m
967 409 1238 455 nonnum
1279 409 1358 454 ma
1397 408 1726 456 'remu-un
1934 376 1937 379 ’
2107 389 2185 450 o7

175 530 254 581 tur
293 524 421 583 haee
468 525 700 584 materia
735 527 970 600 signata,
1019 535 1075 584 et
1111 527 1194 584 sie
1241 527 1549 584 individuat
1594 526 1845 594 formam,
1878 531 1935 584 et
1986 525 2068 582 sie
2119 541 2187 582 ex

176 614 398 670 materia
424 623 688 672 causatur
711 615 1005 674 diversitas
1032 615 1330 673 secundum
1360 631 1649 673 numerum
1670 617 1725 672 in
1752 615 1943 672 eadem
1978 614 2182 688 specie.

175 703 319 759 Unde
347 710 499 776 patet
529 705 676 778 quod
702 705 932 762 materia
956 707 1256 762 secundum
1286 722 1344 762 se
1372 705 1718 763 considerata
1752 721 1859 761 non
1902 710 1987 761 est
2032 693 2187 776 prin-

177 791 372 863 cipium
399 793 740 850 diversitatis
769 795 1070 850 secundum
1099 795 1358 867 speciem,
1388 811 1489 852 neo
1513 795 1815 851 secundum
1842 807 2132 848 numerum
2168 807 2181 845 ε

179 881 264 936 sed
297 881 448 937 sicut
486 881 816 955 principium
859 882 1197 940 diversitatis
1236 884 1537 940 secundum
1583 899 1754 955 genus
1794 889 1955 954 prout
1999 881 2186 937 subest

180 971 444 1025 communi
472 970 696 1040 formae3
728 971 806 1029 ita
826 978 914 1042 ‚est
938 972 1270 1044 principium
1297 972 1636 1029 diversitatis
1661 971 1963 1026 seeundum
1988 985 2185 1025 nume—

179 1073 288 1112 rum
324 1065 492 1130 prout
528 1059 719 1116 subest
759 1059 1192 1117 dimensionibus
1225 1060 1593 1117 interminatis
1623 1076 1636 1114 :
1669 1066 1723 1115 et
1768 1059 1891 1114 ideo
1930 1073 2055 1114 cum
2097 1057 2184 1114 hae

181 1145 540 1202 dimensiones
585 1146 694 1203 sint
731 1148 800 1204 de
835 1165 1036 1220 genere
1079 1149 1465 1216 accidentium,
1491 1147 1843 1221 'quandoque
1890 1146 2185 1203 diversitas

180 1235 471 1291 secundum
521 1252 808 1292 numerum
853 1237 1134 1293 reducitur
1181 1237 1234 1292 in
1276 1237 1654 1295 diversitatem
1706 1235 2093 1299 accidentium,
2126 1237 2185 1288 et
2230 1225 2235 1228 ’

182 1322 270 1379 hoo
291 1325 506 1381 ratione
533 1325 935 1382 dimensionum
967 1325 1376 1398 praedictarum.
1410 1326 1533 1384 Alia
1558 1341 1687 1382 vero
1728 1325 2034 1382 accidentia
2074 1338 2180 1378 non

183 1419 294 1466 sunt
339 1413 673 1485 principium
705 1413 1176 1483 individuationis‚
1217 1415 1314 1470 sed
1373 1420 1502 1472 sunt
1562 1413 1888 1486 principium
1946 1426 2181 1483 cognos-

183 1500 325 1556 cendi
345 1501 756 1558 distinctionem
786 1502 1212 1558 individuorum.
1231 1502 1298 1556 Et
1323 1519 1421 1575 per
1450 1502 1595 1561 huno
1617 1501 1838 1557 modum
1860 1501 2027 1555 etiam
2058 1499 2181 1555 aliis

184 1589 546 1646 accidentibus
576 1589 938 1648 individuatio
963 1591 1304 1647 attribuitur.

243 1677 322 1732 Ad
345 1679 585 1750 primum
627 1679 794 1750 igitur
817 1679 1128 1747 dicendum,
1157 1679 1302 1752 quod
1351 1695 1475 1735 cum
1513 1678 1647 1736 dicit
1690 1677 2000 1750 Philosoph.
2033 1676 2178 1749 quod

185 1781 394 1822 numero
415 1775 548 1824 sunt
587 1783 772 1836 unum,
802 1782 1034 1841 quorum
1077 1776 1158 1824 est
1197 1769 1429 1824 materia
1474 1783 1599 1836 una,
1631 1761 2045 1839 intelligendum
2094 1772 2180 1821 est

185 1853 243 1909 de
264 1856 492 1914 materia
529 1857 746 1928 signata
775 1873 900 1930 quae
927 1857 1115 1914 subest
1142 1857 1593 1924 dimensionibus,
1618 1857 1755 1914 alias
1784 1860 2063 1928 oporteret
2092 1853 2182 1910 di-

185 1956 310 2010 cere,
343 1945 490 2016 quod
515 1937 698 2001 omnia
723 1935 1058 2017 generabilia
1082 1954 1137 2002 et
1161 1947 1541 2019 corruptibilia
1566 1953 1696 2002 sunt
1726 1961 1893 2002 unum
1923 1953 2173 2012 numere,

183 2045 295 2086 cum
321 2049 512 2089 eorum
539 2033 614 2090 sit
640 2035 872 2090 materia
901 2050 1025 2090 una.

243 2121 322 2176 Ad
346 2123 649 2178 seeundum
673 2123 1146 2196 dicendum,quod
1174 2125 1562 2191 dimensiones»,
1577 2140 1701 2180 cum
1731 2124 1840 2180 sint
1871 2122 2177 2182 accidentia

184 2225 268 2278 per
289 2225 365 2277 se,
392 2225 502 2267 non
531 2219 760 2283 possunt
789 2226 908 2268 esse
939 2211 1266 2285 principium
1303 2211 1531 2279 unitatis
1574 2213 1871 2270 individuae
1916 2213 2178 2284 substan-
2204 2245 2209 2252 -

186 2297 268 2352 tiae
298 2315 312 2352 z
337 2299 430 2354 sed
461 2300 692 2356 materia
721 2306 884 2372 prout
925 2299 1124 2358 talibus
1160 2301 1591 2358 dimensionibus
1618 2301 1826 2370 subest,
1854 2300 2181 2372 intelligitur

185 2399 293 2441 esse
315 2387 642 2460 principium
674 2387 800 2444 talis
829 2389 1057 2446 unitatis
1082 2397 1136 2446 et
1161 2389 1551 2446 multitudinis·

247 2474 324 2531 Ad
350 2477 576 2532 tertium
603 2477 916 2543 dicendum,
943 2479 1086 2552 quod
1133 2480 1200 2534 de
1237 2478 1451 2538 ratione
1480 2477 1749 2534 individui
1788 2486 1890 2543 est,
1922 2477 2067 2550 quod
2107 2479 2180 2534 sit

186 2561 236 2617 in
257 2578 314 2618 se
333 2564 650 2631 indivisum,
669 2569 726 2620 et
747 2565 816 2620 ab
831 2564 954 2621 aliis
976 2566 1214 2622 divisum
1235 2566 1428 2622 ultima
1452 2563 1976 2622 divisione.Nullum
1996 2571 2179 2620 autem
2259 2639 2265 2644 .

189 2652 419 2708 accidens
442 2653 611 2710 habet
638 2655 694 2708 in
721 2669 780 2710 se
808 2655 1084 2726 propriam
1109 2655 1380 2711 rationem
1408 2652 1713 2721 divisioniS‚
1730 2653 1833 2708 nisi
1864 2655 2176 2725 quantitas:

188 2740 318 2796 unde
339 2741 714 2812 dimensiones
735 2758 802 2799 ex
847 2744 1062 2815 seipsiS,
1093 2743 1296 2800 habent
1329 2742 1626 2816 quamdam
1665 2743 1933 2799 rationem
1973 2742 2181 2799 indivi-

189 2827 443 2886 duationis
476 2830 780 2886 secundum
819 2831 1244 2888 determinatum
1289 2833 1477 2900 situm,
1510 2840 1673 2905 prout
1716 2833 1857 2888 situs
1894 2839 1979 2888 est
2016 2833 2180 2888 diffe-

187 2917 345 2974 rentia
361 2919 711 2993 quantitatiS,
730 2920 890 2976 etsie
919 2919 1080 2977 habet
1107 2921 1380 2992 duplicem
1396 2919 1666 2976 rationem
1684 2919 2135 2977 individuationis
2160 2937 2174 2976 z

187 3021 336 3062 unam
366 3025 434 3065 ex
477 3009 748 3080 subjecto,
775 3008 920 3065 siout
955 3014 1014 3064 et
1052 3009 1337 3081 quodlibet
1379 3009 1527 3066 aliud
1570 3008 1827 3065 accidens
1858 3027 1869 3062 ε
1901 3009 2067 3064 aliam
2108 3025 2174 3064 ex

186 3094 364 3166 seipsa,
409 3097 468 3153 in
504 3103 776 3170 quantum
820 3096 986 3153 habet
1024 3097 1210 3165 situm,
1253 3098 1465 3154 ratione
1512 3097 1669 3168 cujus
1709 3097 1765 3152 in
1812 3094 2179 3152 abstrahendo

186 3197 216 3237 a
241 3187 458 3244 materia
486 3186 730 3243 sensibili
761 3187 1124 3258 imaginamur
1165 3187 1306 3243 hano
1349 3187 1566 3252 lineam,
1603 3191 1657 3241 et
1699 3186 1843 3242 hune
1889 3185 2175 3254 eirculum.

185 3269 246 3324 Et
270 3273 383 3330 ideo
409 3283 562 3332 recte
593 3277 838 3333 materiae
853 3276 1108 3334 convenit
1131 3275 1478 3332 individuare
1500 3290 1687 3332 omnes
1716 3273 1853 3330 alias
1880 3273 2081 3330 formas
2112 3291 2177 3328 ex

185 3358 295 3427 hoc,
320 3359 460 3435 quo‘d
501 3363 755 3421 subditur
795 3365 870 3419 illi
909 3365 1116 3430 formae,
1147 3380 1271 3437 quae
1311 3381 1378 3420 ex
1425 3364 1605 3436 seipsa
1652 3362 1816 3418 habet
1859 3363 2177 3418 individua-

186 3449 336 3508 tionis
356 3455 646 3522 rationem,
677 3455 752 3511 ita
779 3455 924 3527 quod
955 3455 1122 3511 etiam
1147 3455 1280 3528 ipsae
1305 3453 1671 3509 dimensiones
1716 3453 2027 3509 terminatae
2052 3467 2177 3525 quae

183 3536 460 3598 fundantur
498 3543 552 3600 in
583 3544 832 3616 subjecto
856 3545 972 3616 jam
1001 3543 1292 3615 completo,
1324 3542 1737 3600 individuantur
1774 3542 2177 3614 quodammodo

184 3641 243 3680 ex
265 3632 482 3688 materia
513 3631 858 3690 individuata
883 3647 980 3703 per
1002 3631 1369 3688 dimensiones
1393 3631 1775 3688 interminatas
1808 3630 2179 3703 praeintellec-

185 3722 262 3772 tas
291 3718 346 3773 in
375 3722 620 3778 materia.
2047 3782 2054 3788 ,

240 3806 326 3862 Ad
349 3817 601 3881 quartum
626 3811 937 3880 dicendum,
971 3812 1116 3884 quod
1147 3811 1238 3870 illa
1265 3827 1389 3884 quae
1422 3812 1679 3869 differunt
1710 3826 1933 3868 nurnero
1978 3809 2034 3863 in
2075 3821 2175 3878 ge-

179 3909 300 3950 nere
351 3898 691 3968 substantiae,
721 3917 853 3957 non·
883 3900 1060 3957 solum
1112 3901 1370 3958 differunt
1425 3901 1819 3966 accidentibus,
1864 3898 1959 3954 sed
2010 3896 2177 3978 etiam

179 3977 350 4044 torma
378 3990 431 4042 et
457 3987 730 4046 materia:
757 3988 850 4046 sed
879 3989 925 4046 si
969 3995 1247 4066 quaeratur
1287 4005 1459 4062 quare
1494 3989 1613 4047 haeo
1661 3987 1839 4044 forma
1884 3984 2071 4043 differt
2104 3982 2179 4039 ab
