2800 4492
607 274 730 336 378
1087 289 1142 338 s.
1186 289 1421 338 moiun
1460 287 1791 342 souma-us
1830 285 2140 334 causeum

611 407 809 466 artifex
825 406 988 465 homo
1008 423 1104 481 per
1129 400 1359 467 sormam
1387 408 1525 466 artis
1540 423 1649 466 non
1663 404 1915 482 producit
1938 402 2244 468 materiam,
2270 399 2368 457 sed
2386 395 2593 456 materia

613 497 1008 571 praesupposita
1029 498 1238 554 inducit
1263 499 1493 555 formam
1522 497 1657 555 artis
1678 514 1692 568 ;
1723 496 1897 552 forma
1920 493 2074 561 artis,
2101 507 2225 567 quae
2244 495 2329 546 est
2357 489 2413 545 in
2436 495 2595 544 mente

617 586 864 653 artificis,
889 601 994 642 non
1025 595 1108 644 est
1140 587 1441 644 similitudo
1465 585 1745 644 artificiati
1775 586 1879 642 nisi
1898 582 2079 658 quoad
2114 581 2348 638 formam
2375 585 2595 644 tantum;

613 675 754 764 unde
780 692 876 748 per
913 691 1035 734 eam
1070 692 1178 732 non
1219 676 1501 748 cognoscit
1528 676 1879 734 artificiatum
1916 675 1969 729 in
2002 670 2343 746 particulari,
2372 667 2472 724 nisi
2500 666 2599 722 ior-

613 779 758 820 mam
785 765 1063 824 artificiati
1088 781 1182 838 per
1202 781 1423 824 sensum
1452 766 1710 838 accipiat.
1740 763 1947 822 Artifex
1972 768 2155 820 autem
2183 758 2477 826 increatus„
2502 756 2600 812 sci-

617 853 740 910 licet
761 855 924 920 Deus,
945 871 1054 912 non
1073 855 1248 912 solum
1267 856 1525 927 producit
1549 854 1799 921 formam,
1820 853 1921 910 sed
1944 852 2110 916 etiam
2129 848 2441 906 materiam.
2464 845 2602 903 Unde

619 943 859 1000 rationes
885 943 1092 1000 ideales
1116 945 1170 1001 in
1197 953 1381 1001 mente
1406 944 1578 1017 ipsius
1610 943 1911 1000 existentes
1939 956 2047 997 non
2076 939 2249 995 solum
2282 944 2411 994 sunt
2438 934 2604 992 effica-

615 1048 706 1090 ces
735 1032 802 1088 ad
829 1032 1194 1105 cognitionem
1221 1033 1634 1100 universalium,
1661 1032 1754 1089 sed
1782 1031 1950 1088 etiam
1972 1030 2042 1086 ad
2070 1025 2369 1100 singularia
2390 1039 2605 1096 cognos-

615 1121 787 1178 cenda
831 1137 862 1178 a
906 1123 1038 1178 Deo.
1069 1122 1230 1187 Sicut,
1267 1128 1450 1179 autem
1495 1120 1602 1178 illae
1646 1119 1888 1178 rationes
1928 1118 2133 1175 ideales
2174 1115 2404 1172 effluunt
2441 1115 2493 1168 in
2530 1128 2607 1169 res

618 1210 993 1283 producendas
1017 1211 1072 1267 in
1101 1225 1222 1268 esse
1243 1223 1344 1268 suo
1367 1209 1625 1276 naturali,
1647 1208 1699 1266 in
1720 1222 1829 1282 quo
1852 1204 2258 1281 particulariter
2275 1201 2608 1276 unumquod-

617 1315 724 1371 que
777 1298 1028 1356 subsistit
1069 1299 1123 1354 in
1177 1299 1350 1356 forma
1391 1306 1451 1355 et
1501 1297 1733 1355 materia
1758 1314 1772 1365 ς
1822 1298 1899 1354 ita
1949 1293 2249 1368 procedunt
2302 1294 2360 1349 in
2416 1298 2610 1348 mentes

617 1385 910 1459 angelicae,
943 1394 1004 1444 ut
1045 1388 1155 1443 sint
1193 1387 1246 1444 in
1288 1387 1370 1443 eis
1412 1385 1739 1460 principium
1781 1383 2143 1456 cognoscendi
2194 1397 2286 1438 res
2327 1380 2611 1437 secundum

618 1491 772 1532 suum
806 1481 978 1532 totum
1007 1491 1127 1532 esse
1174 1476 1227 1530 in
1257 1491 1368 1548 quo
1399 1475 1740 1543 subsistunt3
1770 1480 1828 1530 et
1871 1472 1952 1528 sic
1999 1489 2093 1545 per
2134 1471 2349 1544 species
2395 1469 2614 1525 influxas

619 1565 722 1620 sibi
751 1564 820 1621 ab
843 1571 960 1622 arte
983 1564 1166 1621 divina
1189 1563 1400 1636 Angeli,
1427 1579 1535 1620 non
1560 1562 1736 1620 solum
1760 1561 2110 1631 universalia,
2133 1560 2231 1616 sed
2254 1560 2427 1616 etiam
2454 1557 2615 1631 parti-

617 1653 832 1710 cularia
851 1661 1206 1725 cognoscunt,
1236 1653 1378 1708 sicut
1409 1659 1463 1708 et
1493 1653 1659 1708 Deus.

689 1742 786 1797 Est
809 1749 989 1798 tamen
1015 1741 1403 1797 differentiain
1434 1741 1665 1797 duobus.
1694 1741 1893 1807 Primo,
1929 1739 2058 1814 quia
2087 1739 2227 1796 ideae
2259 1753 2389 1812 quae
2416 1745 2544 1794 sunt
2569 1737 2617 1792 in

621 1835 804 1884 mente
833 1829 1038 1896 divina,
1066 1837 1192 1886 sunt
1222 1829 1412 1886 formae
1444 1829 1661 1886 sactivae
1700 1845 1899 1896 rerum,
1928 1837 1982 1884 et
2022 1845 2131 1884 non
2154 1827 2332 1884 solum
2365 1827 2620 1899 principia

621 1918 978 1988 cognoscendi
1001 1934 1015 1985 ;
1043 1917 1141 1973 sed
1165 1919 1376 1989 species
1400 1933 1525 1990 quae
1550 1919 1884 1992 recipiuntur
1914 1917 1969 1972 in
1994 1924 2179 1973 mente
2202 1915 2475 1988 angelica,
2506 1921 2623 1970 sunt

623 2005 796 2062 solum
822 2005 1088 2078 principia
1111 2005 1491 2077 cognoscendi,
1524 2014 1581 2062 et
1609 2021 1715 2064 non
1752 2012 1881 2065 sunt
1908 2005 2149 2072 sactivae,
2176 2004 2274 2060 sed
2304 2003 2625 2077 exemplatas

625 2110 657 2152 a
686 2093 923 2151 factivis,
951 2094 1218 2162 Secundo,
1246 2095 1374 2168 quia
1403 2094 1713 2152 intellectus
1738 2102 1945 2168 quanto
1968 2100 2055 2151 est
2076 2095 2239 2151 altior
2266 2099 2326 2149 et
2346 2095 2629 2166 perspica-

623 2183 756 2258 cior,
791 2189 942 2241 tanto
971 2200 1038 2240 ex
1085 2199 1192 2240 uno
1239 2191 1420 2256 potest
1462 2183 1618 2256 plura
1646 2198 2017 2256 cognoscere:
2046 2190 2102 2240 et
2141 2183 2271 2256 quia
2319 2181 2631 2239 intellectus

623 2272 842 2329 divinus
855 2280 938 2330 est
967 2273 1286 2341 altissimus,
1312 2289 1407 2346 per
1429 2289 1591 2330 unam
1618 2273 1921 2347 simplicem
1944 2273 2238 2329 essentiam
2260 2287 2423 2329 suam
2450 2272 2633 2328 omnia

623 2363 921 2434 cognoscit,
951 2379 1052 2419 nec
1073 2368 1158 2419 est
1185 2361 1286 2418 sibi
1334 2361 1519 2435 aliqua
1556 2362 1841 2435 pluralitas
1880 2361 2179 2418 formarum
2209 2361 2495 2428 idealium,
2532 2361 2635 2415 nisi

622 2451 919 2508 secundum
937 2451 1184 2509 diversos
1206 2456 1487 2525 respectus
1514 2451 1714 2508 divinae
1742 2451 1996 2508 essentiae
2019 2451 2088 2508 ad
2114 2466 2203 2506 res
2225 2448 2504 2521 cognitas·
2532 2450 2639 2506 Sed

623 2540 678 2596 in
712 2540 991 2598 intellectu
1019 2546 1204 2598 creato
1253 2541 1644 2614 multiplicatur
1669 2533 1969 2598 secundum
2004 2555 2120 2596 rem
2148 2539 2295 2612 quod
2334 2545 2425 2595 est
2468 2555 2641 2594 unum
2740 2533 2742 2591 l

622 2630 919 2685 seeundum
949 2645 1064 2685 rem
1093 2629 1150 2685 in
1191 2637 1374 2686 mente
1403 2629 1609 2697 divina,
1645 2636 1703 2684 ut
1746 2645 1853 2686 non
1896 2629 2070 2701 possit
2114 2628 2298 2684 omnia
2340 2645 2443 2700 per
2466 2643 2645 2683 unum

625 2731 984 2788 cognoscere;
1016 2719 1094 2775 ita
1123 2723 1303 2775 tamen
1329 2720 1477 2792 quod
1506 2725 1715 2792 quanto
1738 2717 2049 2776 intellectus
2074 2727 2295 2774 creatus
2320 2724 2412 2772 est
2448 2717 2641 2783 altior,

629 2811 780 2862 tanto
807 2806 1090 2879 pauciores
1112 2806 1276 2863 habet
1305 2807 1507 2865 formas
1544 2808 1615 2864 ad
1653 2807 1808 2880 plura
1838 2807 2216 2880 cognoscenda
2244 2806 2507 2863 efficaces
2542 2825 2561 2862 ι
2594 2815 2649 2863 ει

627 2894 730 2951 hoc
755 2902 840 2951 est
864 2895 1008 2968 quod
1034 2895 1328 2968 Dionysius
1351 2897 1503 2965 dicit,
1530 2913 1616 2954 xn
1642 2911 1765 2969 cap.
1796 2897 1917 2954 eael.
1950 2897 2251 2962 Hierarcb.,
2286 2897 2441 2969 quod
2470 2912 2653 2969 supe-
2739 2929 2740 2977 l

625 2984 796 3040 riores
823 2983 1039 3040 ordines
1078 2983 1280 3042 habent
1317 2986 1605 3042 scientiam
1649 2989 1823 3058 magis
1852 2984 2213 3046 universalem
2243 2984 2651 3054 inferioribus;

626 3082 680 3130 et
708 3075 762 3130 in
789 3073 882 3130 lib.
909 3073 977 3129 de
1005 3073 1198 3130 Causis
1237 3073 1459 3139 dicitur,
1490 3076 1637 3149 quod
1673 3074 2049 3147 intelligentiae
2086 3074 2405 3147 superiores
2432 3075 2657 3132 habent

624 3161 827 3218 formas
869 3163 1043 3234 magis
1070 3163 1404 3220 universales
1436 3181 1450 3218 :
1483 3163 1587 3220 hoc
1615 3171 1795 3220 tamen
1825 3165 2133 3232 observato,
2166 3163 2313 3238 quod
2340 3165 2403 3220 in
2436 3164 2661 3221 infimis

623 3249 842 3322 Angelis
868 3259 992 3306 sunt
1022 3251 1210 3308 sormae
1239 3252 1418 3310 adhuc
1444 3253 1799 3320 universam,
1833 3253 1886 3308 in
1915 3258 2130 3310 tantum
2164 3253 2311 3326 quod
2336 3269 2444 3326 per
2478 3270 2665 3310 unam
2736 3291 2738 3308 ι

623 3334 850 3391 formam
875 3344 1100 3422 possunt
1123 3353 1452 3411 cognoscere
1474 3339 1653 3396 omnia
1670 3339 1951 3396 individua
1968 3340 2126 3395 unius
2147 3339 2375 3411 speciei,
2395 3341 2482 3396 ita
2504 3339 2669 3414 quod
2736 3315 2738 3363 ¹

621 3423 714 3480 illa
739 3423 948 3497 species
969 3425 1045 3482 sit
1071 3427 1287 3499 propria
1307 3426 1736 3502 uniuscujusque
1762 3427 2175 3502 particularium
2204 3429 2545 3486 secundum
2580 3430 2676 3486 di-

621 3528 807 3570 versos
830 3521 1108 3586 respectus
1127 3516 1246 3587 ejus
1265 3516 1334 3571 ad
1357 3517 1729 3588 particularia,
1752 3517 1897 3574 sicut
1920 3516 2156 3574 essentia
2176 3516 2371 3573 divina
2400 3518 2679 3575 efficitur

621 3603 838 3676 propria
869 3603 1169 3661 similitudo
1201 3604 1539 3676 singulorum
1580 3606 1881 3662 secundum
1904 3606 2151 3662 diversos
2178 3613 2525 3677 respectus.
2568 3609 2687 3666 Sed
2734 3677 2736 3680 Α

621 3690 929 3748 intellectus
976 3692 1263 3759 humanus,
1311 3693 1407 3766 qui
1454 3703 1537 3751 est
1579 3694 1805 3752 ultimus
1852 3697 1907 3750 in
1954 3694 2164 3764 ordine,
2190 3693 2691 3754 substantiarum
2734 3691 2736 3749 l

625 3777 1092 3848 intellectualium,
1123 3781 1288 3837 habet
1329 3783 1533 3840 formas
1571 3783 1626 3838 in
1670 3779 1885 3840 tantum
1926 3783 2285 3858 particulatas
2330 3786 2523 3856 quod
2580 3803 2695 3842 non

623 3871 802 3934 potest
843 3883 938 3938 per
979 3884 1146 3926 unam
1183 3873 1423 3944 speciem
1460 3873 1564 3928 nisi
1597 3889 1761 3929 unum
1804 3872 1937 3945 quid
1984 3888 2317 3946 cognoscere
2364 3891 2381 3932 z
2418 3883 2503 3932 et.
2560 3877 2699 3934 ideo

2702 4245 2733 4428 l
