2800 4492
719 322 808 367 11.
839 338 919 353 -
944 320 1014 368 m
1063 322 1334 368 Bon-rum
1375 322 1455 369 nn
1491 324 1821 371 mmmmm
2194 305 2282 374 4⁷2

262 438 371 497 hoc
405 438 568 495 homo
607 437 834 508 fallitur,
879 436 1026 512 quod
1073 445 1232 514 putat
1271 456 1392 499 esse
1422 440 1945 497 demonstrationem
1983 439 2129 513 quod
2169 454 2293 497 non-

266 534 371 585 est.
402 527 770 584 sufficientius
809 516 976 585 etiam
1016 546 1180 603 quam
1219 530 1396 602 ipsum
1426 530 1607 587 lumen
1636 528 1907 596 naturale,
1940 544 2048 601 quo
2084 544 2275 586 assen-

268 614 434 671 timus
461 613 763 687 principiiS,
803 630 928 671 cum
958 615 1140 671 lumen
1175 616 1306 673 illud
1337 617 1652 691 frequenter
1677 615 2007 689 impediatur
2044 631 2113 671 ex
2148 630 2277 673 cor-

266 706 416 778 poris
461 704 799 774 infirmitate,
849 710 912 759 ut
951 709 1104 777 patet
1140 704 1196 760 in
1236 706 1617 778 mentecaptiS.
1658 706 1863 761 Lumen
1905 710 2089 761 autem
2127 703 2275 771 fidei,

267 794 416 867 quod
453 799 538 849 est
565 794 722 867 quasi
759 792 1018 863 sigillatio
1049 796 1300 866 quaedam
1328 794 1521 868 primae
1549 794 1799 853 veritatis
1842 794 1897 849 in
1937 800 2137 864 mente,
2169 809 2278 849 non

265 888 448 956 potest
475 881 678 953 fallere,
721 882 865 938 sicut
893 884 1040 940 Deus
1081 900 1188 940 non
1227 890 1411 957 potest
1439 886 1711 957 decipere,
1744 883 1830 941 vel
1861 883 2099 951 mentiri,
2133 883 2277 939 unde

196 1016 203 1023 .
265 970 372 1027 hoc
407 970 590 1026 lumen
620 970 818 1027 sufficit
849 970 916 1026 ad
939 972 1319 1043 Judicandum.
1351 974 1455 1028 Hic
1490 978 1679 1033 tamen·
1704 972 1925 1030 habitus
1953 987 2062 1027 non
2089 976 2275 1029 movet

265 1073 364 1129 per
390 1057 538 1114 viam
579 1057 910 1127 intellectus,
954 1060 1050 1115 sed
1089 1060 1263 1131 magis
1291 1076 1388 1133 per
1426 1062 1573 1117 viam
1615 1060 1914 1117 voluntatis
1946 1076 1961 1115 ε
1996 1060 2141 1116 unde
2168 1067 2285 1117 non·

265 1146 403 1203 facit
442 1144 628 1203 videre
665 1146 758 1201 illa
799 1162 922 1220 quae
971 1147 1287 1216 creduntur,
1330 1166 1431 1205 nec
1472 1150 1618 1221 cogit
1658 1164 1959 1215 assensum,
2008 1148 2105 1205 sed
2142 1147 2277 1205 facit

265 1234 574 1293 voluntarie
603 1236 875 1291 assentiri.
908 1236 976 1292 Et
1013 1237 1092 1293 sic
1134 1243 1287 1310 patet
1327 1238 1474 1311 quod
1504 1238 1639 1295 fides
1666 1255 1733 1293 ex
1782 1238 1992 1293 duabus
2025 1236 2273 1310 partibus

267 1328 352 1379 est
393 1339 427 1379 a
470 1324 604 1393 De0,
645 1322 855 1379 scilicet
897 1340 963 1379 ex
1003 1331 1159 1397 parte
1189 1324 1465 1381 interioris
1508 1325 1725 1381 luminis
1756 1326 1919 1399 'quod
1966 1324 2177 1381 inducit
2204 1324 2273 1381 ad

268 1427 570 1478 assensum,
600 1416 655 1467 et
692 1428 759 1467 ex
784 1416 940 1484 parte
967 1427 1156 1468 eorum
1187 1429 1310 1486 quae
1346 1414 1585 1471 exterius
1624 1422 2013 1487 proponuntur,
2047 1429 2172 1486 quae
2208 1428 2275 1469 ex

268 1500 455 1556 divina
495 1498 826 1556 revelatione
867 1500 1082 1557 initium
1113 1509 1479 1575 sumpserunt,
1522 1502 1719 1559 ethaeo
1758 1519 1816 1558 se
1846 1502 2047 1559 habent
2075 1502 2143 1558 ad
2177 1494 2273 1557 00:

268 1587 566 1661 gnitionem
590 1587 735 1655 fidei,
768 1589 912 1645 sicut
941 1598 1164 1662 accepta
1197 1607 1291 1661 per
1317 1606 1535 1647 sensum
1564 1592 1630 1647 ad
1671 1592 2036 1663 cognitionem
2064 1588 2275 1662 princi-

266 1677 502 1751 piorum,
547 1668 676 1749 quia
715 1678 961 1751 utrisque
1001 1678 1063 1733 fit
1101 1678 1284 1751 aliqua
1315 1680 1643 1751 cognitionis
1680 1679 2087 1736 determinatio,
2118 1678 2273 1735 Unde

267 1768 413 1825 sicut
440 1767 678 1839 cognitio
724 1756 1115 1841 principiorum
1161 1770 1430 1841 accipitur
1477 1786 1508 1827 a
1552 1786 1733 1836 sensu,
1782 1777 1837 1825 et
1868 1776 2051 1825 tamen
2089 1767 2269 1824 lumen

267 1871 380 1930 quo
403 1855 669 1928 principia
705 1864 1104 1927 cognoscuntur
1129 1863 1212 1912 est
1249 1858 1496 1929 innatum
1528 1874 1541 1913 ε
1569 1858 1646 1915 ita
1677 1858 1811 1915 fides
1843 1864 1927 1915 est
1956 1874 2022 1913 ex
2059 1856 2269 1923 auditu,

268 1952 325 2001 et
355 1950 535 2001 tamen
565 1943 782 2001 habitus
812 1944 936 2011 fidei
967 1954 1048 2001 est
1069 1946 1298 2001 inl'usuS.

337 2032 424 2089 Ad
469 2034 722 2105 quintum
767 2033 1079 2101 dicendum,
1129 2034 1273 2107 quod
1303 2034 1489 2092 vivere
1534 2034 1835 2091 secundum
1879 2034 2146 2091 rationem
2188 2039 2273 2089 est

263 2116 472 2179 bonum
494 2121 696 2177 homini
724 2122 781 2177 in
809 2130 1074 2194 quantum
1092 2130 1184 2203 'est
1207 2122 1368 2179 homo
1402 2140 1417 2179 ε
1450 2123 1633 2179 vivere
1657 2130 1839 2180 autem
1875 2128 2072 2195 praeter
2100 2122 2274 2177 ratio-'-

266 2224 395 2266 nem
437 2217 618 2283 potest
654 2226 764 2267 uno
802 2210 960 2266 modo
1000 2226 1194 2269 sonare
1223 2212 1276 2267 in
1307 2212 1601 2279 defectum,
1647 2212 1789 2268 sicut
1821 2219 1905 2267 est
1948 2211 2001 2265 in
2034 2210 2141 2265 illis
2178 2209 2272 2281 qui

267 2299 463 2357 vivunt
489 2298 788 2353 secundum
825 2314 1062 2366 sensum,
1100 2304 1157 2355 et
1183 2298 1288 2355 hoc
1329 2308 1413 2355 est
1454 2298 1659 2355 homini
1688 2298 1913 2356 malum.
1958 2298 2078 2355 Alio
2110 2297 2272 2355 modo

269 2402 466 2443 sonare
503 2386 558 2441 in
595 2401 896 2453 excessum,
935 2394 996 2443 ut
1025 2402 1149 2443 cum
1177 2386 1337 2464 homo
1367 2387 1553 2445 divina
1583 2388 1761 2459 gratia
1790 2386 2081 2444 adducitur
2120 2386 2176 2441 in
2217 2385 2273 2440 id

269 2476 416 2549 quod
445 2482 527 2531 est
560 2492 726 2548 supra
755 2477 1019 2532 rationem
1054 2494 1068 2531 z
1107 2482 1164 2532 et
1201 2477 1280 2533 sic
1323 2486 1521 2549 praeter
1550 2477 1815 2533 rationem
1848 2474 2031 2533 vivere
2058 2490 2164 2529 non
2192 2479 2275 2529 est

267 2551 479 2620 homini
511 2564 732 2631 malum,
765 2564 861 2620 sed
898 2565 1100 2621 bonum
1129 2580 1292 2637 supra
1325 2564 1620 2621 hominem.
1656 2566 1724 2621 Et
1765 2563 1891 2620 talis
1918 2568 2001 2617 est
2036 2562 2276 2632 cognitio

268 2666 462 2707 eorum
485 2666 610 2724 quae
639 2658 766 2706 sunt
799 2650 945 2721 fidei,
991 2652 1240 2724 quamvis
1268 2660 1324 2708 et
1349 2652 1467 2724 ipsa
1492 2652 1627 2707 fides
1670 2646 1783 2706 non‘
1814 2649 2062 2705 omnibus
2098 2646 2275 2703 modis

268 2740 344 2797 sit
373 2744 572 2813 praeter
600 2738 869 2796 rationem
900 2757 913 2794 ε
939 2739 1043 2795 hoc
1065 2741 1210 2797 enim
1235 2741 1501 2798 naturalis
1530 2740 1669 2798 ratio
1698 2738 1882 2809 habet,
1908 2737 2053 2813 quod
2082 2752 2274 2795 assen-

265 2828 520 2888 tiendum
548 2836 634 2887 est
655 2827 742 2885 his
768 2843 894 2902 quae
918 2844 949 2886 a
975 2830 1087 2885 Deo
1113 2830 1388 2887 dicuntur.

975 2989 1429 3051 ARTICULUS
1490 2988 1571 3053 II.

481 3193 496 3203 .
587 3137 810 3206 Utrum
835 3138 983 3217 fides
1022 3141 1108 3203 sit
1135 3138 1565 3220 distinyuenda
1592 3156 1631 3202 a
1657 3138 1966 3219 reliyione.

340 3270 755 3331 Adsecundum
783 3272 864 3329 sic
890 3272 1224 3345 proceditur.
1257 3274 1308 3326 l.
1337 3271 1565 3328 Videtur
1593 3270 1737 3342 quod
1772 3269 1906 3325 fides
1948 3284 1979 3325 a
2013 3266 2275 3341 religione

268 3360 660 3431 distinguenda
703 3376 812 3416 non
847 3360 937 3428 sit,
966 3360 1094 3432 quia
1130 3366 1192 3415 ut
1219 3360 1353 3416 dicit
1381 3361 1559 3431 Augu.
1590 3359 1642 3413 in
1667 3358 1859 3423 Ench.,
1908 3357 2031 3423 fide,
2073 3372 2187 3429 spe,
2222 3362 2279 3412 et

268 3448 544 3507 charitate
569 3448 828 3505 colendus
857 3456 940 3505 est
980 3450 1126 3504 Deus
1157 3462 1170 3503 ι
1201 3448 1297 3504 sed
1327 3447 1507 3503 cultus
1536 3448 1633 3501 Dei
1673 3454 1755 3503 est
1794 3452 1949 3503 actus
1977 3444 2273 3516 religioniS,

265 3543 334 3594 ut
360 3552 460 3609 per
489 3536 859 3593 definitionem
887 3536 1025 3592 Tulii
1059 3542 1228 3609 patet,
1257 3538 1349 3610 qui
1375 3536 1511 3591 dicit
1542 3552 1554 3590 :
1590 3555 1617 3588 «
1644 3534 1855 3606 Religio
1884 3541 1969 3590 est
1994 3549 2117 3607 quae
2154 3532 2275 3590 cui-

269 3625 402 3681 dam
454 3623 722 3696 superiori
764 3631 992 3691 naturae‚
1039 3640 1202 3697 quam
1244 3624 1487 3681 divinam
1523 3629 1721 3693 vocant
1762 3622 1971 3683 cultum
2011 3634 2276 3679 caeremo-

270 3714 532 3785 uiamque
562 3713 742 3769 affert.
775 3732 802 3765 ›>
832 3714 973 3783 Ergo
1002 3713 1136 3768 fides
1161 3712 1229 3769 ad
1260 3712 1575 3784 religionem
1602 3712 1862 3785 pertinet.

343 3803 400 3857 2.
430 3800 590 3867 Item,
613 3798 747 3855 dicit
771 3790 950 3871 Augu.
977 3800 1044 3855 de
1063 3801 1204 3857 Vera
1225 3800 1340 3856 Rel.
1361 3800 1507 3872 quod
1532 3816 1660 3856 vera
1682 3799 1872 3869 religio
1895 3804 1979 3853 est
2006 3810 2113 3869 qua
2140 3809 2279 3851 unus

265 3895 425 3952 Deus
450 3891 674 3967 colitur,
711 3898 768 3965 et
805 3890 1190 3963 purgatissima
1231 3888 1454 3959 pietate,
1498 3891 1592 3970 vel
1613 3890 1849 3963 puritate
1886 3884 2231 3955 cognoscitur
2263 3898 2279 3939 z
