2800 4492
551 311 678 375 ‘108
1035 326 1088 373 s,
1133 325 1366 371 meua.
1406 323 1733 376 sommus
1773 323 2081 371 croscum

553 448 745 500 servat
784 440 1068 516 proprium
1117 440 1340 498 modum
1396 437 1683 498 rationalis
1722 440 1941 505 animae,
1982 443 2252 513 quantum
2300 440 2373 498 ad
2426 439 2561 500 duo.

547 531 739 587 Primo
763 535 1030 602 quantum
1055 529 1126 585 ad
1157 528 1280 602 hoc,
1307 528 1454 602 quod
1488 528 1632 586 sicut
1673 529 1856 586 anima
1892 527 2177 586 rationalis
2208 545 2242 586 a
2276 529 2563 586 sensibili·

557 619 661 675 bus
688 635 814 692 quae
846 625 974 675 sunt
1009 617 1185 689 magis
1215 622 1344 674 nota
1375 631 1487 690 quo
1520 616 1591 674 ad
1614 631 1713 674 nos
1745 617 1950 688 accipit
1982 618 2353 690 cognitionem
2386 618 2561 674 intel-

559 705 866 779 ligibilium,
892 721 1018 780 quae
1051 711 1180 762 sunt
1208 706 1383 778 magis
1418 704 1719 762 secundum
1747 713 2018 772 naturam,
2052 712 2113 762 ut
2154 712 2309 778 patet
2348 722 2372 764 1
2409 707 2562 780 Phy-

557 796 814 864 sicarum,
859 795 938 852 ita
981 794 1213 852 scientia
1256 792 1523 852 naturalis
1564 793 1809 864 procedit
1850 809 1917 849 ex
1958 793 2047 850 his
2080 810 2207 866 quae
2245 802 2376 852 sunt
2426 802 2562 854 nota

559 884 732 957 magis
759 899 867 958 quo
895 884 964 941 ad
985 898 1103 954 noe,
1124 890 1181 940 et
1207 883 1386 939 miuus
1413 888 1545 939 nota
1568 881 1870 939 secuudum
1898 888 2186 940 naturam:
2214 889 2271 940 et
2294 885 2563 942 demons-

547 973 723 1029 tratio
757 989 882 1047 quae
909 979 993 1030 est
1029 987 1126 1045 per
1157 972 1393 1043 signum,
1422 970 1507 1026 vel
1556 986 1651 1043 per
1688 971 1962 1037 effectum,
2010 971 2185 1043 magis
2228 971 2473 1029 usitatur
2502 974 2560 1029 in

549 1061 784 1119 scientia
801 1059 1060 1117 naturali.
1079 1058 1350 1125 Secundo,
1367 1058 1497 1131 quia
1520 1058 1685 1114 habet
1710 1057 1763 1113 id
1784 1057 1931 1130 quod
1960 1065 2046 1114 est
2070 1061 2349 1132 proprium
2378 1063 2561 1118 ratio·

542 1149 656 1216 nisi,
685 1149 831 1206 sicut
858 1156 940 1206 est
963 1148 1033 1204 de
1059 1161 1166 1202 uno
1193 1146 1250 1201 in
1283 1144 1432 1202 aliud
1460 1145 1786 1212 discurrere,
1816 1153 1874 1201 ει
1907 1144 2013 1202 hoc
2037 1146 2211 1218 magis
2238 1147 2292 1202 in
2320 1148 2561 1208 scientia

554 1237 792 1294 naturali
819 1242 1089 1302 servatur,
1117 1234 1209 1290 ubi
1237 1251 1305 1290 ex
1343 1235 1655 1306 cognitione
1702 1234 1861 1290 unius
1903 1233 1961 1289 in
1997 1235 2367 1306 cognitionem
2411 1239 2560 1295 alte-

555 1326 669 1382 rius
691 1325 997 1394 devenitur3
1029 1325 1173 1381 sicut
1193 1340 1260 1380 ex
1283 1323 1594 1395 cognitione
1620 1322 1846 1378 effectus
1874 1323 1931 1377 in
1954 1324 2321 1395 cognitionem
2345 1341 2553 1386 causae.

459 1467 465 1472 .
553 1413 624 1470 Et
651 1430 756 1471 non
798 1413 1112 1486 proceditur
1148 1412 1324 1469 solum
1364 1409 1435 1468 ab
1474 1424 1582 1476 uno
1625 1411 1681 1465 in
1724 1409 1875 1467 aliud
1919 1411 2220 1468 secundum
2258 1414 2552 1481 rationem,

539 1503 699 1576 ‘quod
727 1517 838 1558 non
860 1510 943 1559 est
967 1501 1115 1558 aliud
1142 1499 1443 1558 secundum
1472 1514 1607 1565 rem,
1629 1499 1773 1554 sicut
1800 1498 1848 1554 si
1876 1498 1949 1556 ab
1974 1500 2196 1556 animali
2235 1503 2557 1574 proceditur

553 1593 623 1649 ad
653 1592 946 1648 hominem.
976 1591 1036 1645 In
1082 1587 1326 1645 scientiis
1361 1588 1509 1642 enim
1546 1586 1949 1644 mathematicis
1992 1589 2307 1661 proceditur
2349 1609 2447 1663 per
2486 1609 2555 1650 ea

553 1688 769 1740 tantum
807 1693 932 1751 quae
959 1683 1087 1734 sunt
1128 1676 1197 1732 de
1239 1674 1477 1732 essentia
1530 1675 1629 1740 rei,
1656 1690 1782 1732 cum
1826 1676 2201 1734 demonstrent
2240 1678 2419 1738 solum
2456 1697 2555 1754 per

553 1783 777 1825 causam
817 1765 1100 1822 formalem
1127 1781 1142 1818 ε
1168 1770 1224 1820 ει
1272 1764 1394 1820 ideo
1441 1777 1550 1820 non
1590 1763 1996 1820 demonstratur
2028 1765 2090 1820 in
2125 1766 2206 1822 eis
2242 1767 2453 1842 aliquid
2482 1770 2555 1827 de

551 1871 660 1912 una
691 1871 750 1910 re
776 1869 872 1926 per
911 1851 1074 1909 aliam
1091 1866 1238 1918 -rem,
1265 1849 1360 1906 sed
1385 1866 1485 1923 per
1523 1851 1798 1923 propriam
1838 1851 2213 1909 definitionem
2256 1853 2402 1912 illius
2427 1857 2551 1914 rei.

539 1943 666 2000 -Etsi
695 1941 840 1998 enim
875 1941 1315 1998 demonstrentur
1350 1939 1553 2014 aliquas
1587 1939 2082 1998 demonstrationes
2119 1941 2190 1999 de
2236 1943 2445 2001 circulo
2482 1962 2553 2002 ex

553 2031 844 2104 triangulo,
871 2029 956 2086 vel
977 2045 1008 2086 e
1029 2040 1312 2097 converso,
1340 2028 1445 2085 hoc
1470 2044 1577 2085 non
1606 2036 1692 2085 est
1721 2027 1824 2084 nisi
1853 2028 1909 2085 in
1951 2036 2216 2102 quantum
2252 2032 2309 2088 in
2342 2033 2553 2091 circulo

544 2127 637 2177 εει
664 2119 910 2193 potentia
934 2117 1254 2190 triangulus,
1285 2123 1342 2174 et
1369 2134 1400 2173 e
1425 2131 1710 2174 converso.
1742 2117 1848 2174 Sed
1873 2118 1929 2173 in
1956 2118 2187 2177 scientia
2212 2121 2451 2179 naturali
2492 2124 2553 2180 in

553 2223 662 2282 qua
693 2208 752 2264 lit
779 2206 1173 2265 demonstratio
1201 2216 1299 2280 per
1326 2221 1523 2264 causas
1554 2204 1925 2273 extrinsecas,·
1942 2205 2203 2276 probatur
2238 2209 2452 2283 aliquid
2480 2211 2554 2270 de·

542 2313 660 2352 ⁴una
687 2313 748 2352 re
769 2303 872 2370 per'
891 2295 1056 2353 aliam
1082 2294 1300 2352 omnino
1319 2293 1683 2351 extrinsecam
1716 2309 1729 2349 t
1761 2294 1920 2351 etita
1950 2296 2143 2352 modus
2178 2298 2469 2357 rat-ionalis
2492 2301 2551 2356 in

549 2385 781 2442 scientia
816 2383 1068 2442 naturali.
1099 2383 1337 2440 maxime
1380 2381 1722 2449 observatur,
1755 2386 1810 2438 et
1842 2382 1965 2439 ideo
2006 2384 2237 2452 scientia
2280 2388 2549 2446 naturalis

547 2472 692 2532 inter
732 2473 869 2532 alias
903 2480 987 2531 est
1027 2471 1329 2530 intellectui
1365 2467 1600 2526 hominis
1643 2470 1816 2542 magis
1858 2471 2177 2530 conformis·
2208 2475 2549 2534 Attribuitur

543 2562 716 2635 igitur
741 2561 1140 2621 rationabiliter
1168 2559 1464 2633 procedere
1498 2558 1744 2617 scientiae
1766 2558 2003 2616 naturali
2030 2575 2137 2618 non
2185 2563 2319 2636 quia
2354 2564 2406 2620 ei
2442 2565 2546 2623 soli

545 2652 856 2718 conveniat,
887 2650 983 2706 sed
1007 2649 1137 2720 quia
1158 2649 1215 2703 'ei
1238 2647 1514 2719 praecipue
1541 2648 1822 2719 competit.
1886 2675 1891 2680 ·

617 2738 702 2794 Ad
727 2738 962 2808 primum
995 2735 1162 2806 igitur
1187 2733 1499 2802 dicendum,
1530 2737 1677 2806 quod
1712 2735 1856 2793 ratio
1884 2737 1977 2794 illa
2021 2739 2268 2810 procedit
2304 2741 2375 2798 de
2414 2759 2545 2814 pro-

545 2839 723 2890 cessu,
755 2820 848 2896 qui
876 2821 1078 2879 dicitur
1099 2821 1383 2884 rationalis
1399 2822 1697 2879 seeundum
1725 2823 1961 2896 primum
2006 2825 2223 2886 modum
2251 2845 2265 2882 :
2289 2828 2371 2886 sic
2396 2832 2543 2888 enim

545 2911 830 2969 rationalis
856 2910 1050 2968 modus
1073 2910 1324 2984 proprius
1351 2916 1435 2968 est
1464 2910 1746 2984 rationalis
1771 2899 2011 2971 secundo
2040 2917 2221 2972 modo.

533 3035 540 3040 -
615 3001 698 3058 Ad
727 3001 1025 3057 secundum
1057 2999 1368 3068 dicendum,
1402 3000 1549 3073 quod
1573 3000 1714 3057 ratio
1754 2999 1865 3058 illa·
1886 3003 2133 3075 procedit
2172 3005 2241 3060 de
2284 3021 2542 3078 processu

545 3085 636 3144 illo
665 3085 759 3161 qui
781 3087 982 3146 dicitur
1006 3087 1290 3144 rationalis
1312 3085 1554 3143 secundo
1580 3085 1764 3143 modo.-

536 3221 546 3230 .
614 3177 698 3234 Ad
726 3177 951 3234 tertium
965 3176 1274 3244 dicendum,
1297 3175 1523 3249 quod-in
1550 3175 1802 3231 omnibus
1820 3176 2067 3234 scientiis
2090 3186 2341 3237 servatur
2360 3197 2540 3254 quan-

545 3274 664 3322 tum
687 3267 754 3321 ad
779 3264 882 3322 hoc
911 3264 1103 3322 modus
1125 3263 1551 3337 rationis,-quod
1582 3264 1909 3336 procedatur
1932 3265 2002 3322 de
2026 3282 2134 3323 uno
2170 3268 2225 3324 in
2262 3269 2414 3327 aliud
2446 3288 2542 3328 so-

543 3353 781 3410 cundum
809 3354 1096 3428 rationem,
1148 3369 1256 3410 non
1300 3361 1485 3409 autem
1544 3352 1688 3425 quod
1736 3354 2066 3426 procedatur
2106 3355 2174 3413 de
2227 3373 2337 3414 una
2379 3375 2439 3416 re
2484 3361 2541 3418 in

543 3442 726 3509 aliani,
757 3442 852 3498 sed
871 3442 976 3499 hoc
994 3448 1079 3498 est
1108 3441 1384 3514 proprium
1416 3440 1682 3497 naturalis
1698 3441 1963 3510 scientiae,
1990 3449 2053 3499 ut
2074 3443 2284 3501 dictum
2310 3455 2415 3504 est.

610 3532 693 3587 Ad
722 3539 977 3604 quartum
1005 3530 1315 3594 dicendum,
1340 3527 1486 3600 quod
1525 3522 1880 3602 Philosophus
1906 3529 1983 3586 ibi
2018 3547 2121 3604 pro
2156 3534 2348 3590 eodem
2387 3536 2545 3607 ponit

534 3619 979 3676 ratiocinativum
1005 3623 1064 3676 et
1087 3607 1604 3690 opinativum,unde
1628 3625 1780 3689 patet
1808 3618 1953 3689 quod
1985 3621 2221 3692 pertinet
2248 3622 2317 3677 ad
2337 3637 2548 3680 secun-

537 3707 670 3764 dum
700 3709 920 3764 modum
944 3703 1723 3777 assignatum.Ratiociuativo
1751 3721 1901 3772 vero,
1932 3707 2015 3763 vel
2046 3709 2329 3782 opinativo
2371 3713 2548 3769 attri-

539 3795 658 3852 buit
689 3795 1040 3868 Philosophus
1063 3792 1264 3848 ibidem
1290 3791 1513 3862 agibilia
1540 3791 1796 3863 humana,
1829 3795 1897 3850 de
1943 3796 2141 3867 quibus
2178 3806 2261 3854 est
2305 3798 2545 3858 scientia

531 3885 759 3944 moralis
787 3886 1138 3943 rationesuae
1165 3880 1553 3952 contingsntiae
1585 3897 1599 3936 z
1633 3883 1775 3939 unde
1800 3889 1983 3957 potest
2022 3900 2088 3942 ex
2124 3885 2288 3944 dictis
2329 3887 2543 3962 colligi,
