2800 4492
507 286 588 368 92
985 321 1037 368 s.
1081 321 1315 366 'rnotffl
1355 318 1683 371 ,mmm-ris
1727 317 2037 364 censuum

581 442 736 508 Item,
765 437 1015 513 quaedam
1039 453 1126 494 res
1149 443 1275 492 sunt
1297 451 1421 509 quae
1439 435 1691 508 quamvis
1715 435 1825 490 sint
1854 434 1908 490 in
1934 433 2187 500 materia,
2211 441 2543 490 nontamen

511 531 780 602 recipiunt
811 529 866 582 in
904 527 988 583 sui
1021 525 1336 582 definitione
1375 524 1683 588 materiam,
1714 529 1771 580 et
1792 538 2021 579 curvum
2050 523 2105 578 in
2139 522 2244 579 hoc
2272 523 2463 580 differt
2509 539 2547 579 a

514 619 653 676 simo
693 635 706 673 ε
739 617 832 673 sed
866 613 1218 688 philosophiae
1246 619 1330 670 est
1367 613 1436 670 de
1465 612 1715 669 omnibus
1740 601 1957 668 entibus
1981 611 2365 681 considerare;
2394 627 2545 684 ergo

517 713 734 779 oportet
757 705 825 760 de
848 703 952 759 hoc
969 709 1094 758 ente
1119 716 1238 757 esse
1263 707 1475 773 partem
1498 699 1839 773 aliquam,flet
1860 699 1979 756 haec
2002 706 2085 756 est
2113 697 2539 766 mathematica,

515 812 640 853 cum
667 798 733 853 ad
759 795 964 852 nullam
988 793 1150 850 aliam
1176 792 1473 864 pertineat.

582 886 740 948 Item,
773 898 837 939 ea
867 897 991 956 quae
1026 885 1154 936 sunt
1193 879 1375 951 priora
1410 877 1711 934 secundum
1746 875 2099 943 intellectum,
2144 882 2371 948 possunt
2408 876 2543 932 sine

512 971 900 1048 posterioribus
939 967 1272 1026 considerari
1305 984 1318 1022 :
1352 968 1447 1026 sed
1486 965 1875 1022 mathematica
1915 971 2043 1022 sunt
2081 965 2263 1038 priora
2292 971 2541 1021 natura-

513 1061 653 1116 libus
690 1075 814 1133 quae
851 1066 977 1116 sunt
1014 1057 1068 1112 in
1098 1065 1248 1112 motu
1280 1061 1336 1111 et
1365 1053 1613 1120 materia,
1652 1053 1854 1108 habent
1886 1053 2030 1108 enim
2059 1067 2117 1107 se
2146 1069 2214 1108 ex
2246 1052 2541 1108 additione

515 1148 581 1204 ad
616 1147 1001 1204 mathematica
1028 1153 1088 1201 ut
1112 1145 1314 1200 dicitur
1339 1142 1394 1198 in
1416 1158 1483 1198 111
1504 1141 1638 1199 Coeli
1664 1149 1719 1196 et
1742 1140 1925 1196 Mundi
1944 1157 1959 1208 ;
1981 1155 2110 1212 ergo
2136 1139 2537 1196 mathematica

511 1235 874 1293 consideratio
899 1240 1078 1306 potest
1106 1247 1226 1288 esse
1250 1231 1366 1288 sine
1408 1235 1559 1286 motu
1585 1236 1640 1287 et
1672 1231 1921 1284 materia.

581 1323 923 1396 RespondeO.
955 1322 1036 1378 Ad
1066 1321 1396 1378 evidentiam
1427 1319 1589 1390 hujus
1614 1318 1935 1392 quaestionis
1962 1322 2177 1390 oportet
2200 1314 2344 1373 scire
2381 1332 2536 1389 quo-

513 1414 674 1470 modo
703 1413 1010 1469 intellectus
1036 1427 1131 1484 per
1161 1425 1317 1466 suam
1347 1408 1723 1480 operationem
1753 1406 2071 1463 abstrahere
2102 1411 2301 1478 potest.
2332 1406 2536 1462 Scien-

513 1503 642 1558 dum
681 1501 846 1574 igitur
884 1499 1185 1557 secundum
1231 1495 1539 1568 Philosoph.
1576 1511 1641 1552 ιιι
1682 1495 1751 1551 de
1778 1494 1991 1562 Anima,
2036 1494 2182 1566 quod
2212 1494 2413 1565 duplex
2444 1499 2537 1550 est

514 1591 758 1663 operatio
794 1588 1124 1645 intellectus,
1155 1589 1273 1642 Una
1303 1601 1427 1658 quae
1455 1585 1656 1644 dicitur
1686 1584 2045 1656 intelligentia
2086 1581 2531 1653 indivisibilium,

513 1693 622 1752 qua
659 1677 1005 1749 cognoscitur
1038 1675 1107 1731 de
1149 1689 1479 1746 unaquaque
1513 1689 1571 1727 re
1614 1673 1747 1745 quid
1790 1685 1893 1729 est.
1926 1673 2047 1728 Alia
2089 1689 2219 1728 vero
2265 1679 2369 1738 est,
2417 1689 2533 1745 qua

513 1767 791 1838 componit
832 1770 890 1818 et
931 1763 1147 1828 dividit,
1194 1761 1404 1816 scilicet
1433 1760 1865 1817 enuntiationem
1896 1761 2225 1833 negativam,
2259 1759 2343 1815 vel
2376 1761 2534 1816 affir-

514 1853 777 1908 mativam
804 1850 1108 1916 formando,
1149 1854 1205 1904 et
1233 1847 1319 1904 hae
1351 1847 1574 1920 quidem
1613 1848 1736 1904 duae
1765 1849 2128 1920 operationes,
2161 1847 2375 1903 duobus
2403 1865 2536 1921 quae

513 1947 640 1997 sunt
679 1941 733 1995 in
769 1938 930 1994 rebus
967 1935 1318 2009 respondent.
1351 1935 1531 1991 Prima
1562 1935 1782 2007 quidem
1825 1936 2069 2008 operatio
2100 1935 2324 2008 respicit
2352 1937 2533 2008 ipsam

513 2036 767 2084 naturam
796 2025 894 2092 rei,
946 2018 1245 2081 secundum
1275 2039 1441 2097 quam
1473 2022 1657 2098 aliqua
1699 2040 1787 2080 res
1817 2024 2093 2080 intellecta
2124 2023 2363 2096 aliquem
2398 2041 2535 2096 gra-

512 2117 646 2172 dum
685 2115 741 2170 in
769 2114 988 2171 entibus
1024 2112 1253 2178 obtinet,
1285 2113 1401 2168 sive
1439 2113 1512 2167 sit
1550 2128 1637 2168 res
1674 2112 1945 2186 completa
1976 2121 2038 2168 ut
2067 2118 2242 2168 totum
2281 2112 2528 2184 aliquod,

514 2205 630 2259 sive
669 2203 1016 2276 incompleta,
1051 2208 1113 2257 ut
1139 2217 1284 2273 pare,
1312 2199 1398 2256 vel
1431 2201 1705 2257 accidens.
1742 2202 1991 2257 Secunda
2020 2193 2267 2273 operatio
2304 2203 2534 2275 respicit

510 2293 691 2364 >ipsum
706 2307 826 2348 esse
850 2292 948 2357 rei,
977 2290 1122 2363 quod
1147 2290 1366 2362 quidem
1385 2289 1618 2346 resultat
1639 2306 1706 2344 ex
1729 2289 2114 2361 aggregatione
2134 2289 2531 2362 principiorum

515 2381 593 2436 rei
623 2381 677 2436 in
697 2379 1032 2453 compositis,
1067 2378 1150 2434 vel
1181 2379 1354 2450 ipsam
1385 2377 1688 2449 simplicem
1718 2385 1972 2434 naturam
2000 2379 2078 2434 rei
2104 2378 2528 2445 concomitatur,

517 2476 577 2525 ut
616 2461 672 2524 i'n
715 2468 1038 2526 substantiis
1083 2465 1441 2538 simplicibus.
1484 2465 1553 2520 Et
1582 2465 1711 2538 quia
1752 2466 1957 2520 veritas
1996 2464 2303 2522 intellectus
2330 2474 2416 2522 est
2464 2482 2532 2521 ex

514 2555 636 2624 hoc,
669 2557 813 2631 quod
843 2555 1210 2611 conformatur
1251 2555 1348 2619 rei,
1379 2560 1534 2624 patet
1563 2553 1708 2627 quod
1738 2554 2037 2610 secundum
2061 2554 2202 2610 hanc
2228 2555 2531 2610 secundam

517 2645 890 2716 operationem
914 2641 1224 2696 intellectus
1245 2641 1561 2696 abstrahere
1580 2657 1685 2696 non
1707 2648 1889 2714 potest
1915 2658 2040 2698 vere
2062 2642 2206 2714 quod
2226 2642 2531 2698 secundum

517 2747 632 2787 rem
673 2731 1024 2801 conjunctum
1050 2735 1153 2795 est,
1198 2729 1327 2800 quia
1359 2729 1413 2783 in
1444 2729 1808 2786 abstrahendo
1832 2731 2171 2802 significatur
2200 2747 2320 2786 esse
2362 2747 2533 2804 sepa-

518 2819 658 2874 ratio
701 2817 1000 2874 secundum
1040 2816 1219 2888 ipsum
1261 2832 1380 2872 esse
1430 2817 1527 2884 rei,
1578 2819 1720 2874 sicut
1766 2818 1812 2874 si
1844 2818 2099 2875 abstraho
2142 2819 2415 2875 hominem
2460 2821 2533 2876 ab

524 2905 773 2961 albedine
797 2905 1026 2960 dicendo
1049 2921 1060 2958 ε
1085 2905 1255 2961 Homo
1272 2921 1378 2960 non
1402 2911 1485 2960 est
1508 2905 1681 2973 albus,
1706 2906 1954 2978 significo
1977 2908 2382 2980 separationem
2406 2924 2533 2964 esse

522 2995 582 3049 in
613 3011 687 3049 re.
716 2994 872 3051 Unde
901 2995 946 3050 si
987 2994 1285 3050 secundum
1315 3011 1431 3051 rem
1460 2993 1620 3052 homo
1652 3001 1706 3050 et
1736 2995 1929 3050 albedo
1959 3011 2065 3051 non
2088 3004 2217 3052 sunt
2244 3007 2527 3069 separata,

526 3084 632 3140 erit
653 3084 961 3140 intellectus
982 3083 1171 3140 falsus.
1190 3085 1304 3138 Hac
1325 3084 1492 3155 igitur
1513 3084 1829 3157 operatione
1844 3083 2155 3140 intellectus
2172 3100 2299 3140 vere
2320 3086 2533 3142 abstra-

521 3171 653 3227 here
680 3187 786 3226 non
811 3178 989 3245 potest
1018 3172 1122 3228 nisi
1153 3189 1216 3227 ea
1243 3187 1368 3245 quae
1383 3178 1510 3227 sunt
1538 3172 1837 3228 secundum
1858 3188 1974 3228 rem
2000 3179 2273 3245 separata,
2304 3183 2363 3230 ut
2399 3190 2531 3230 cum

523 3260 756 3314 dicitur:
781 3259 950 3314 Homo
977 3276 1084 3314 nen
1113 3268 1196 3316 est
1221 3261 1426 3316 asinus.
1443 3261 1548 3316 Sed
1570 3261 1863 3318 secundum
1886 3262 2122 3334 ‘primam
2147 3261 2534 3334 operationem

521 3353 702 3420 potest
731 3362 984 3418 separare
1012 3363 1076 3403 ea
1101 3363 1226 3420 quae
1249 3349 1549 3404 secundum
1579 3365 1693 3404 rem
1718 3357 1973 3422 separata
2002 3366 2109 3406 non
2138 3356 2284 3418 sunt,
2306 3367 2407 3406 nec
2434 3358 2529 3407 ta-

525 3451 646 3490 men
677 3434 877 3500 omnia,
903 3434 998 3490 sed
1014 3435 1216 3507 aliqua.
1241 3437 1375 3491 Cum
1406 3436 1550 3492 enim
1571 3454 1676 3504 una
1695 3454 1959 3510 quaeques
1974 3454 2062 3494 res
2076 3439 2148 3494 sit
2165 3439 2532 3510 intelligibilis

520 3521 820 3580 secundum
849 3521 994 3594 quod
1023 3532 1105 3579 est
1134 3530 1278 3586 actu,
1313 3532 1372 3580 ut
1407 3524 1609 3580 dicitur
1632 3542 1673 3581 x
1698 3526 1956 3600 Metaph.,
1992 3535 2207 3600 oportet
2232 3530 2377 3600 quod
2410 3529 2535 3601 ipsa

521 3620 735 3680 natura,
787 3611 902 3666 sive
943 3611 1222 3682 quidditas
1270 3611 1344 3667 rei
1390 3612 1726 3684 intelligatur
1765 3614 1850 3670 vel
1890 3615 2192 3672 secundum
2242 3618 2388 3690 quod
2443 3626 2531 3674 est

521 3709 674 3758 actus
701 3699 944 3773 quidam,
978 3699 1119 3755 sic'ut
1157 3701 1358 3757 accidit
1391 3701 1459 3756 de
1486 3702 1617 3774 ipsis
1649 3703 1837 3760 formis
1864 3710 1919 3760 et
1947 3704 2271 3763 substantiis
2292 3707 2536 3779 ‚simpli-

522 3789 676 3845 cibus
708 3807 721 3843 :
753 3789 836 3844 vel
881 3789 1180 3844 secuudum
1222 3789 1274 3844 id
1323 3791 1468 3861 quod
1512 3801 1595 3847 est
1635 3799 1791 3846 actus
1833 3794 1969 3864 ejus,
2016 3794 2158 3849 sicut
2200 3794 2535 3852 substantiae

521 3878 839 3951 compositae
875 3895 974 3950 per
1009 3877 1210 3934 formas
1248 3893 1377 3934 suas
1412 3894 1424 3932 :
1455 3879 1541 3934 vel
1584 3880 1883 3936 secundum
1914 3882 1967 3938 id
2016 3881 2162 3956 quod
2203 3889 2287 3938 est
2328 3883 2379 3938 ei
2414 3883 2535 3940 loco
