2800 4492
527 281 642 347 144
1004 292 1061 354 Β..
1100 288 1335 335 ‘rnouAE
1375 283 1704 346 Aoumms
1727 284 2052 349 *crescon-tt

526 428 633 471 non
663 409 861 468 debeat
894 406 1117 465 credere
1154 418 1253 461 suo
1290 402 1510 460 subdito
1539 400 1742 469 dicenti
1766 416 1826 457 ee
1855 400 2012 459 alteri
2050 416 2171 459 esse
2198 400 2533 470 consessum,

528 508 591 571 ut
622 506 841 573 propter
864 498 968 553 hoc
994 496 1043 552 ei
1071 493 1471 551 Eucharistiam
1502 491 1613 546 det.
1641 480 1974 562 Frequenter
1998 490 2143 547 enim
2171 490 2289 548 sola
2315 492 2540 548 confes-

528 590 680 663 §ione
706 584 875 660 aliqui
901 590 1277 650 conteruntur,
1297 582 1390 654 qui
1417 580 1566 652 prius
1588 579 1808 635 contriti
1827 594 1933 635 non
1959 578 2199 635 fuerunt.
2221 580 2326 637 Sed
2347 596 2541 637 sacer-

530 678 631 738 dos
658 676 821 733 debet
860 668 1149 731 subditum
1170 686 1349 737 suum,
1376 676 1642 741 quantum
1672 672 1870 740 potest,
1899 667 1968 724 ad
2006 668 2207 725 bonum
2254 669 2538 725 inducere.

532 767 675 839 Ergo
706 760 919 821 videtur
948 759 1094 836 quod
1124 758 1344 817 omnino
1373 756 1444 813 ab
1465 771 1530 813 eo
1559 760 1810 829 expetere
1837 754 2035 813 debeat
2057 756 2207 830 quod
2230 756 2332 815 sibi
2362 758 2544 843 confi-

532 861 737 917 teatur.

532 995 541 1003 .
602 946 988 1007 2.P1aeterea‚
1034 935 1521 1001 Proverb.xxvn,
1569 936 1657 998 23,
1703 932 1905 990 dicitur
1956 902 2164 1007 pastori
2211 934 2473 993 Ecclesiae
2524 954 2539 993 ι

535 1032 835 1104 Diliqenter
860 1043 1075 1101 agnosce
1102 1026 1309 1081 vultum
1331 1022 1539 1096 pecoris
1569 1021 1670 1077 tui.
1701 1020 1806 1079 Sed
1845 1020 1947 1077 hoc
1977 1021 2122 1079 nulio
2155 1022 2314 1079 modo
2345 1025 2544 1081 melius

538 1125 719 1193 potest-
747 1133 911 1191 quam
952 1132 1047 1189 per
1084 1112 1504 1170 confessionem.
1532 1110 1672 1181 Ergo
1712 1108 1875 1167 debet
1922 1109 1992 1167 ab
2027 1126 2092 1169 eo
2133 1111 2351 1184 exigere
2393 1114 2542 1186 quod

536 1208 639 1271 sibi
665 1207 1007 1263 confiteatur.

608 1295 713 1355 Sed
753 1300 963 1360 contra,
1002 1294 1048 1349 si
1090 1292 1195 1349 sibl
1240 1262 1609 1357 confiteretur,
1655 1294 1840 1362 posset
1883 1288 2067 1347 dicere
2109 1305 2234 1362 quae
2271 1290 2460 1360 vellet,
2487 1301 2548 1349 et

538 1386 853 1447 crederetur
883 1382 953 1439 ei
970 1382 1113 1454 Ergo
1142 1380 1308 1438 etiam
1333 1378 1437 1435 hoc
1455 1378 1557 1435 sibi
1587 1377 1750 1435 debet
1771 1376 1942 1443 credi,
1969 1378 2116 1450 quod
2139 1379 2214 1435 eit
2240 1380 2544 1437 confessus·

610 1473 932 1549 Respondeo
968 1469 1281 1539 dicendum,
1322 1467 1468 1541 quod
1505 1468 1561 1522 in
1609 1466 1724 1522 foro
1757 1464 2008 1538 judiciali
2049 1468 2292 1523 creditur
2337 1467 2548 1525 homini

542 1570 732 1623 contra
772 1578 851 1631 se,
884 1561 979 1621 sed
1022 1574 1129 1618 non
1168 1572 1267 1631 pro
1308 1572 1400 1625 se;
1433 1557 1489 1613 in
1529 1555 1646 1612 soro
1688 1562 1870 1612 autem
1914 1554 2252 1627 poenitentiae
2301 1557 2550 1614 creditur

542 1652 744 1714 homini
770 1666 867 1724 pro
893 1665 951 1705 se
976 1653 1034 1705 et
1064 1640 1253 1703 contra
1283 1660 1361 1701 se.
1389 1644 1487 1700 Est
1528 1659 1656 1714 ergo
1684 1642 2146 1714 distinguendum,
2180 1644 2328 1717 quod
2361 1648 2551 1722 dupli-

543 1743 682 1799 citer
728 1739 789 1795 fit
833 1736 1280 1809 impedimentum
1332 1748 1442 1804 quo
1488 1731 1686 1804 aliquis
1719 1746 1751 1787 a
1788 1728 2140 1803 perceptione
2185 1733 2551 1794 Eucharistiae

544 1828 895 1903 impediatur.
928 1825 983 1881 Si
1009 1824 1151 1881 enirn
1176 1823 1249 1878 sit
1277 1820 1727 1891 impedimentum
1757 1820 1826 1879 ad
1867 1819 2046 1877 forum
2075 1821 2344 1892 judiciale
2369 1827 2552 1897 perti-

544 1933 698 1985 nens,
751 1921 880 1988 puta
922 1909 1589 1979 excommunicat103non
1637 1915 1852 1965 tenetur
1892 1909 2150 1967 sacerdos
2189 1926 2290 1968 sno
2326 1913 2552 1972 subdito

544 2003 787 2073 credere,
818 2016 983 2074 quern
1024 1996 1560 2057 excommunicatum
1607 1996 1780 2063 novit,
1817 1996 1919 2052 nisi
1957 1996 2059 2053 sibi
2093 1997 2162 2055 de
2207 1999 2554 2060 absolutione

454 2088 465 2093 “
545 2096 781 2158 constet.
808 2090 863 2147 Si
889 2094 1073 2158 autem
1102 2086 1177 2143 sit
1218 2084 1669 2157 impedimentum
1709 2083 1852 2157 quod
1885 2085 1954 2141 ad
1993 2085 2168 2143 sorum
2211 2090 2554 2159 poenitentiae

546 2182 836 2255 pertineat,
870 2176 1079 2235 scilicet
1114 2180 1424 2249 peccatum,
1466 2178 1682 2230 tenetur
1711 2172 1761 2227 ei
1785 2172 2040 2243 credere;
2071 2180 2126 2230 et
2164 2175 2365 2248 injuste
2413 2179 2552 2251 agit,

550 2269 596 2327 si
620 2268 853 2341 deneget
885 2265 1285 2335 Eucharistiam
1310 2263 1360 2320 ei
1399 2262 1495 2335 qui
1526 2260 1772 2333 perhibet
1815 2276 1872 2317 se
1900 2262 2082 2319 confes
2059 2278 2212 2321 sum
2233 2270 2290 2320 et
2327 2265 2557 2324 absolu-

549 2368 667 2417 tum
692 2356 762 2415 ab
784 2372 849 2413 eo
878 2356 972 2429 qui
998 2354 1279 2412 abeolvere
1303 2349 1482 2426 potuit
1509 2349 1593 2407 vel
1620 2348 1949 2409 auctoritate
1978 2351 2278 2427 apostolica
2305 2354 2393 2411 vel
2418 2371 2558 2414 auc-

549 2449 773 2507 toritate
796 2444 2550 2518 Episcopi..

618 2536 702 2593 Ad
730 2534 965 2608 primum
988 2548 1117 2603 ergo
1142 2524 1453 2599 dicendum,
1485 2527 1632 2601 quod
1668 2526 1802 2586 illud
1829 2496 2032 2596 bonum
2065 2529 2212 2603 quod
2255 2531 2310 2589 in
2333 2535 2560 2592 conses-

550 2625 704 2691 sione
728 2622 977 2691 homines
996 2625 1402 2715 consequuntur
1425 2620 1542 2688 jam
1565 2622 1890 2673 consecutus
1908 2623 1993 2675 est
2016 2618 2108 2675 ille
2129 2620 2226 2692 qui
2246 2622 2560 2681 confessum

554 2728 612 2768 se
636 2711 792 2777 dicit,
824 2709 869 2764 si
896 2720 1083 2764 verum
1108 2704 1287 2761 dicit·
1312 2704 1357 2759 si
1383 2709 1568 2760 autem
1591 2704 1787 2761 falsum
1810 2704 1964 2773 dicit,
1994 2706 2109 2777 pari
2134 2708 2346 2766 ratione
2371 2720 2561 2784 posset

552 2799 750 2854 falsum
778 2796 963 2851 dicere
984 2791 1310 2849 confitendo.
1336 2768 1452 2847 Nec
1456 2797 1660 2864 potest
1684 2791 1883 2866 aliquis
1910 2792 2140 2867 alicujus
2163 2796 2398 2855 hominis
2421 2816 2564 2859 auc-

554 2886 777 2947 toritate
812 2880 1062 2955 compelli
1092 2880 1161 2937 ed
1189 2879 1559 2936 confitendum
1593 2887 1880 2952 peccatum
1918 2882 2066 2954 quod
2094 2882 2254 2942 aiteri
2278 2888 2566 2947 confessus

554 2979 638 3033 est
668 2972 762 3047 qui
792 2970 1073 3030 absolvere
1108 2968 1289 3044 potuit
1328 2984 1342 3023 ι
1381 2967 1532 3041 quia,
1561 2968 1706 3025 sicut
1745 2970 1862 3041 jam
1903 2969 2112 3029 dictum
2155 2978 2259 3042 est,
2289 2975 2566 3036 confessio

556 3068 905 3138 peccatorum
932 3058 1208 3135 quoddam
1231 3054 1626 3117 sacramentale
1649 3062 1750 3124 est,
1778 3056 1964 3115 divino
1992 3058 2222 3133 imperio
2247 3062 2562 3137 subjacens,

556 3169 663 3211 non
691 3151 949 3225 humano·
1955 3180 1964 3186 ·

564 3231 569 3237 ’
626 3238 710 3296 Ad
736 3218 1039 3294 secundum
1064 3232 1374 3302 dicendum,
1400 3214 1549 3306 quod
1577 3226 1878 3306 spiritualis
1898 3240 2086 3307 pastor
2109 3218 2326 3301 vultum
2351 3245 2570 3313 pecoris

558 3324 642 3381 sui
673 3322 835 3379 debet
860 3322 1148 3393 diligenter
1176 3334 1491 3392 agnoscere,
1522 3320 1918 3378 considerando
1943 3324 2182 3382 exterius
2207 3326 2380 3384 vitam
2409 3331 2565 3403 ejus·
2552 3373 2567 3402 ,

560 3413 655 3469 sed
695 3427 790 3485 per
832 3410 1053 3466 modum
1082 3408 1436 3465 consessionis
1471 3424 1578 3465 non
1616 3415 1796 3481 potest
1837 3408 2152 3481 diligentius
2179 3418 2434 3487 scrutari,
2466 3420 2571 3480 sed

560 3505 776 3579 oportet
798 3497 945 3573 quod
972 3496 1162 3555 credat
1186 3512 1249 3553 ea
1278 3512 1402 3571 quae
1425 3497 1527 3553 sibi
1553 3513 1585 3554 a
1603 3512 1702 3554 suo
1730 3486 1948 3556 subdito
1976 3498 2254 3563 dicuutur.

1226 3693 1680 3772 QUAESTIO
1727 3694 1848 3763 VII

633 3855 840 3913 Deinde
882 3852 1265 3947 quaerebantur
1300 3850 1408 3963 duo
1450 3850 1520 3910 de
1559 3852 1659 3946 his
1684 3868 1810 3943 quae
1846 3856 2126 3957 pertinent
2162 3820 2231 3915 ad
2273 3802 2510 3915 ciericos
2557 3877 2573 3919 ε
