2800 4492
787 292 922 366 ·''x'11.
951 335 1031 348 —
1059 293 1513 370 ouonmnn‘ru'm-
1539 293 1834 371 oum‘rhffl
2191 284 2315 362 315‘

305 423 488 490 matur
521 430 856 506 impossibile
891 439 978 491 est
1006 435 1264 490 ‘eumdem
1304 431 1475 490 filium
1504 431 1677 501 nasci,
1708 431 1825 490 sive
1854 431 1927 488 sit
1960 427 2103 489 alius
2136 433 2314 504 pater,

305 522 422 578 sive
450 518 523 579 sit
561 521 670 579 alia
714 527 919 592 mater3
963 524 1108 580 sicut
1150 523 1318 580 etiam
1346 537 1453 579 non
1484 527 1569 578 est
1605 520 1752 578 idem
1788 534 2017 577 numero
2054 519 2313 592 sigillum,

307 611 423 669 sive
450 611 522 667 sit
547 610 654 668 alia
678 627 824 678 cera,
843 601 967 668 'sive
990 612 1061 667 sit
1083 611 1230 670 aliud
1255 627 1453 685 corpus
1476 609 1662 683 sigilli,
1689 622 1756 668 ex
1778 609 1936 684 cujus
1959 608 2318 683 impressione

306 715 431 756 cera
460 691 752 772 sigillatur.
779 701 848 757 Et
871 702 1124 775 quamvis
1145 699 1481 774 superfluum
1508 697 1851 756 alimenti-sit
1878 713 2084 764 semen,
2116 713 2317 754 secun·-

305 789 436 844 tlum
481 788 884 862 Philosophum,
926 790 1219 847 diversitas
1248 781 1433 847 tamen
1483 789 1865 847 alimentorum
1908 804 2014 845 non
2043 786 2319 844 sufficeret

307 877 374 933 ad
404 877 881 934 diversificandum
913 879 1051 934 filios
1092 879 1185 953 qui
1227 895 1295 960 eg
1327 878 1534 937 semine
1564 887 1863 935 nascuntur
1908 894 1922 932 ε
1954 874 2085 952 quia
2114 892 2179 932 ex
2210 875 2319 931 illis

306 965 444 1022 cibis
473 982 576 1022 nen
601 969 837 1024 sumitur
870 983 1053 1024 semen
1081 965 1190 1025 nisi
1213 973 1485 1042 quatenus
1516 961 1829 1042 aliqualiter
1865 965 1921 1023 in
1949 965 2316 1023 substantiam

251 1115 256 1118 ,
309 1062 594 1126 parentum
623 1063 1067 1126 convertuntur,⁴
1581 1123 1589 1134 ,

378 1142 577 1199 Dicunt
643 1145 868 1218 quidam
917 1153 1210 1218 sequentes
1264 1144 1615 1212 Anselmum,
1673 1144 1819 1218 quod
1884 1143 1929 1200 si
1995 1143 2156 1201 homo
2209 1157 2315 1199 non

307 1240 604 1308 peccasset,
641 1234 698 1292 in
739 1232 832 1309 illa
888 1235 1066 1306 prima
1119 1235 1440 1301 tentatione,
1489 1234 1677 1290 statim
1722 1234 2077 1290 confirmatus
2122 1232 2317 1288 fuisset

306 1328 361 1376 et
401 1321 518 1392 ipse
564 1330 618 1378 et
663 1337 852 1378 omnes
887 1321 981 1396 qui
1027 1322 1100 1379 ab
1138 1338 1202 1380 eo
1246 1322 1735 1398 nascerentur-,pita
1782 1323 1926 1396 quod
1978 1337 2169 1378 omnes
2220 1311 2319 1394 qui

306 1407 678 1479 nascerentur,
736 1411 967 1468 fuissent
1018 1412 1200 1468 electi.
1245 1413 1421 1478 Unde,
1469 1428 1592 1469 cum
1648 1427 1793 1468 nunc
1844 1411 2001 1467 multi
2047 1412 2142 1486 qui
2198 1411 2317 1476 sfal-

305 1507 522 1567 vantur,
554 1517 634 1566 ex⁵
672 1499 1052 1572 peccatoribus
1103 1508 1416 1571 nascantur,
1464 1503 1606 1558 sicut
1650 1501 1707 1557 in
1754 1500 2060 1573 objiciendo
2116 1505 2317 1571 tange·

305 1589 496 1658 batur3
532 1580 874 1662 consequens
923 1595 1009 1646 est
1054 1590 1425 1663 quod'essent
1470 1589 1561 1647 alii
1616 1598 1872 1663 parentes
1906 1589 2313 1659 salvandorum,

306 1681 362 1732 et
416 1693 512 1749 per
558 1693 894 1752 consequens
930 1678 1022 1734 alii
1069 1678 1186 1734 filii.
1217 1679 1322 1736 Sed
1371 1679 1491 1735 haec
1540 1678 1741 1751 positio
1793 1694 1899 1734 non
1950 1678 2168 1734 videtur
2197 1695 2316 1735 esse

305 1780 436 1839 vera
477 1783 492 1822 τ
536 1767 686 1841 quia,
735 1767 1034 1825 secundum
1071 1768 1458 1841 Augustinum,
1502 1784 1609 1825 xtv
1648 1767 1716 1824 de
1758 1768 1922 1824 civit.
1972 1767 2091 1835 Dei,
2137 1763 2317 1824 status

305 1856 552 1927 corporis
597 1855 651 1912 in
705 1855 922 1912 homine
961 1856 1498 1930 proportionabiliter
1545 1855 1841 1930 respondet
1882 1856 2050 1912 statui
2096 1857 2315 1913 animae.

305 1938 578 2012 Quamdi'u
617 1961 746 2016 ergo
783 1943 946 2001 homo
975 1945 1166 2002 habuit
1199 1961 1397 2019 corpus
1428 1945 1682 2014 animale,
1722 1952 1919 2018 potens
1958 1945 2093 2000 mori
2124 1953 2181 2002 et
2210 1960 2317 2001 non

306 2033 464 2099 meri,
505 2033 756 2105 indigens
789 2034 1092 2103 alimentis3
1133 2035 1344 2100 tamdiu
1375 2033 1567 2091 habuit
1603 2035 1841 2092 animam
1872 2038 2152 2106 potentem
2180 2049 2317 2106 pec?

306 2137 432 2177 care
459 2127 514 2178 et
547 2138 651 2188 non
680 2139 910 2196 peccare
941 2136 956 2177 t
995 2121 1186 2178 habuit
1217 2112 1399 2188 autem
1428 2138 1626 2196 corpus
1655 2122 1892 2179 animale
1922 2123 2185 2194 quamdiu
2211 2123 2317 2178 fuit

305 2203 364 2266 in
404 2199 551 2266 statu
588 2211 913 2282 generandi3
965 2211 1110 2284 quod
1158 2209 1325 2268 etiam
1368 2211 1582 2282 fuisset,
1627 2213 1674 2266 si
1723 2218 1845 2284 post
1888 2211 2036 2267 illam
2083 2213 2316 2283 primam

309 2299 667 2356 tentationem
706 2315 810 2355 non
858 2307 1170 2372 peccasset;
1216 2304 1273 2354 et
1313 2299 1438 2355 ideo
1472 2298 1729 2373 possibile
1766 2299 1978 2367 suisset,
2024 2299 2070 2355 si
2107 2301 2316 2372 primus

305 2387 466 2443 homo
507 2395 637 2444 tunc
677 2404 782 2444 non
811 2395 1110 2460 peccasset,
1158 2389 1302 2460 quod
1333 2389 1499 2442 etiam
1535 2388 1652 2459 ipse
1676 2387 1761 2442 vel
1802 2388 1921 2458 ejus
1956 2387 2128 2458 poteri
2160 2394 2317 2459 post·-

306 2476 528 2531 modum
556 2481 859 2547 peccarent,
897 2481 954 2530 ut
981 2477 1137 2546 Hugo
1160 2475 1228 2530 de
1257 2475 1457 2532 Sancto
1480 2475 1701 2532 Victore
1730 2475 1885 2530 dicit.
1925 2474 2079 2531 Unde
2110 2491 2181 2542 ex,
2213 2473 2317 2531 hoc
2365 2513 2383 2530 x

305 2579 411 2618 non
449 2563 700 2637 sequitur
735 2569 1019 2635 parentum
1048 2562 1357 2630 diversita5‚
1393 2563 1538 2636 quod
1570 2578 1715 2618 nunc
1752 2568 1878 2617 sunt
1917 2562 2085 2636 aliqui
2114 2561 2319 2636 pecca'·

189 2686 226 2702 .-
307 2657 472 2718 toreS,
509 2656 638 2707 tunc
665 2659 848 2708 autem
889 2668 995 2707 non
1019 2657 1230 2722 essent3
1257 2653 1354 2708 sed
1387 2659 1473 2708 est
1498 2650 1646 2708 aliud
1676 2651 1819 2708 unde
1850 2667 2071 2708 necesse
2100 2659 2184 2707 est
2214 2666 2317 2723 po-

309 2756 435 2795 nere
463 2740 838 2796 diversitatem
880 2745 1164 2813 parentum
1194 2757 1207 2796 :
1235 2741 1365 2814 quia
1394 2741 1447 2796 in
1474 2741 1649 2814 primo
1674 2747 1822 2797 statu
1855 2756 1993 2796 unus
2017 2744 2178 2797 hcmo
2208 2755 2317 2814 non

303 2827 584 2885 habuisset
610 2829 792 2902 plures
817 2845 1033 2900 uxores,
1056 2845 1160 2886 nec
1181 2830 1350 2886 etiam
1378 2828 1547 2904 aliqui
1570 2847 1637 2886 ex
1661 2829 2020 2887 fornicatione
2046 2829 2130 2885 vel
2153 2821 2315 2886 adul-

307 2919 446 2972 terio
474 2928 846 2986 nascerentur,
872 2920 1019 2991 quod
1043 2934 1186 2975 nunc
1210 2920 1478 2990 contingit
1503 2919 1669 2975 etiam
1699 2919 1754 2984 in
1779 2919 1863 2974 his
1892 2919 1984 2991 qui
2012 2917 2311 2990 salvantur..

307 3005 460 3061 Multi
501 3007 644 3061 enim
676 3007 769 3062 filii
797 3007 957 3062 unius
985 3009 1227 3079 parentis
1267 3024 1332 3062 ex
1370 3007 1619 3079 pluribus
1647 3008 1905 3063 uxoribus
1933 3009 2046 3062 nati
2094 3006 2314 3063 salvan-

309 3102 418 3160 tur,
451 3093 595 3174 sicut
621 3100 772 3167 patet
813 3094 882 3150 de
919 3095 1044 3150 filiis
1066 3095 1234 3152 Jacob
1279 3113 1292 3151 ε
1335 3095 1492 3152 multi
1521 3095 1690 3151 etiam
1733 3112 1799 3151 ex
1840 3094 2198 3151 fornicatione
2230 3094 2313 3150 vel

310 3181 578 3239 adulterio
619 3182 734 3238 nati
765 3197 779 3237 ε
830 3183 1070 3256 alioquin
1112 3185 1194 3241 eis
1233 3184 1437 3240 frustra
1464 3189 1806 3241 sacramenta
1844 3183 2039 3241 salutis
2083 3183 2315 3256 adhibef-

307 3280 517 3328 rentur.

376 3361 532 3417 Unde
573 3359 898 3434 relinquitur
939 3361 1084 3434 quod
1124 3360 1293 3434 aliqui
1341 3377 1483 3442 nunc
1524 3359 1823 3430 salvantur,
1856 3363 1970 3436 qui,
2016 3361 2062 3418 si
2105 3357 2314 3437 primus

308 3447 468 3506 homo
505 3465 612 3506 non
664 3455 970 3522 peccasset,
1014 3465 1120 3506 non
1168 3455 1540 3517 nascerentur,
1586 3457 1642 3507 et
1683 3468 1780 3523 per
1820 3467 2160 3525 consequens
2206 3467 2313 3506 non

311 3537 668 3594 salvarentur.
715 3539 830 3594 Nec
863 3544 1046 3594 tamen
1086 3539 1182 3594 Dei
1225 3540 1630 3612 praedestinatio
1659 3541 1965 3610 falleretur3
1999 3541 2129 3614 quia
2166 3540 2314 3595 Deus

314 3627 717 3697 praedestinavit
764 3627 1254 3688 homines'habens
1295 3629 1580 3686 scientiam
1642 3628 1812 3702 futuri
1858 3634 2104 3685 eventus.
2154 3627 2312 3698 Quod

313 3729 440 3768 vero
464 3714 758 3785 Gregorius
785 3717 939 3784 dicit,
969 3717 1113 3790 quod
1139 3717 1185 3773 si
1211 3719 1419 3791 primus
1446 3719 1607 3774 homo
1638 3733 1741 3774 non
1772 3723 2070 3789 peccasset,
2100 3733 2333 3798 nequa--

307 3817 477 3884 'quam
515 3816 582 3858 ex
625 3819 684 3859 se
729 3803 869 3862 filios
907 3805 1167 3878 gehennae
1205 3815 1511 3878 generaret,
1557 3804 1931 3861 indubitanter
1974 3821 2163 3862 verum
2201 3793 2307 3862 est'.

307 3894 430 3950 Non
463 3891 606 3948 enim
645 3891 698 3948 in
735 3893 875 3951 filios
917 3895 1320 3953 transfunderet
1347 3902 1633 3968 peccatum
1680 3893 1963 3967 originale,
2012 3889 2309 3953 secun-dum
