2800 4492
485 289 604 352 126
963 309 1015 353 s.
1058 305 1292 353 πωπω
1331 303 1661 358 Acamans
1700 299 2012 350 croscum

484 438 648 496 super
674 421 808 480 illud
836 423 970 480 Luc.
1003 439 1023 480 ι
1050 440 1064 477 :
1092 423 1322 497 Maqnua
1345 423 1472 489 erit,
1498 431 1551 480 et
1575 421 1725 495 tilius
1743 421 2009 478 Altissimi
2034 418 2334 485 vocabitur,
2366 417 2510 474 dicit

487 511 806 568 Ambrosius
852 528 865 567 :
904 511 1030 569 Non
1061 511 1176 568 ideo
1217 512 1324 568 erit
1366 527 1591 584 maynus
1634 511 1772 584 quod
1816 516 1941 566 ante
1976 517 2203 581 partum
2252 506 2517 580 Viryt‘m‘s

484 617 710 673 maynus
733 617 837 657 non
861 600 1062 673 suerit,
1052 617 1064 632 ·
1087 601 1175 657 sed
1196 601 1325 674 quia
1344 601 1639 674 potentiam
1660 615 1819 673 quam
1843 597 1939 655 Dei
1959 599 2141 654 Filius
2163 596 2511 654 naturaliter

487 688 657 754 habet,
700 689 848 744 homo
895 695 1013 744 erat
1053 705 1120 744 cx
1157 695 1388 762 tempore
1434 695 1763 762 accepturus.
1808 689 1951 759 Ergo
1998 686 2171 743 multo
2214 687 2395 758 magis
2436 701 2511 740 ex

487 763 732 848 tempore
772 777 952 849 potuit
980 777 1229 864 accipere
1256 771 1426 833 Filius
1456 777 1553 833 Dei
1590 777 1797 851 absque
1825 777 1908 832 sui
1952 776 2258 833 mutatione
2300 789 2507 830 novam

491 863 825 930 filiationem,
869 873 929 921 ut
971 866 1052 921 sic
1088 865 1138 920 ei
1173 865 1503 922 conveniant
1542 865 1666 922 duae
1710 864 2017 934 filiationeS‚
2049 879 2158 920 una
2192 871 2403 920 aeterna
2446 868 2511 918 et

490 951 598 1009 alia
629 953 965 1024 temporalis.

561 1040 668 1097 Sed
695 1047 904 1109 contra,
950 1057 982 1099 a
1010 1057 1120 1115 quo
1147 1040 1355 1116 aliquid
1391 1041 1556 1098 babet
1582 1041 1729 1116 quod
1752 1041 1825 1099 sit
1855 1041 1983 1108 tale,
2032 1040 2101 1098 ab
2136 1041 2255 1113 ejus
2286 1040 2505 1096 unitate

491 1127 657 1185 habet
695 1130 844 1202 quod
880 1132 953 1186 sit
996 1145 1162 1190 unum
1194 1131 1321 1187 tale.
1365 1129 1472 1187 Sed
1504 1130 1780 1202 filiatione·
1806 1131 2005 1204 aliquis
2048 1129 2211 1186 habet
2239 1127 2382 1202 quod
2428 1129 2505 1184 sit

494 1219 657 1275 filius·
701 1218 843 1290 Ergo
879 1233 988 1274 una
1031 1218 1292 1276 filiatione
1319 1226 1404 1276 est
1449 1235 1587 1276 unus
1630 1220 1792 1275 filius·
1837 1220 1943 1277 Sed
1971 1217 2219 1275 Christus
2246 1225 2331 1274 est
2357 1233 2505 1273 unns

481 1307 639 1362 filius
665 1311 721 1362 et
751 1321 860 1362 non
903 1304 1032 1361 duo.
1071 1307 1212 1379 Ergo
1249 1306 1304 1363 in
1328 1306 1546 1364 Christo
1568 1322 1692 1365 non
1732 1314 1860 1364 sunt
1892 1307 2017 1364 duae
2054 1305 2361 1374 filiationes,
2400 1305 2502 1365 sed

496 1411 603 1452 una
630 1401 866 1452 tantum.
2044 1389 2048 1394 ’

563 1483 883 1557 Respondeo
912 1483 1222 1550 dicendum,
1255 1485 1402 1558 quod
1441 1484 1733 1542 relationes
1762 1485 2019 1540 differunt
2055 1487 2111 1540 in
2139 1482 2243 1539 hoc
2279 1483 2349 1539 ab
2374 1498 2504 1539 om·

495 1570 656 1628 nibus
683 1571 805 1628 aliis
832 1588 1015 1628 rerum
1043 1572 1348 1644 generibuS‚
1391 1570 1523 1647 quia
1559 1589 1625 1629 ea
1652 1569 1779 1646 quoe'-
1804 1579 1932 1627 sunt
1960 1571 2192 1628 aliorum
2217 1587 2502 1642 generum,

495 1676 561 1714 ex
604 1661 722 1731 ipsa
765 1661 976 1716 ratione
1016 1659 1102 1716 sui
1137 1661 1352 1732 generis
1389 1660 1591 1718 habent
1627 1661 1771 1734 quod
1802 1661 1911 1717 sint
1954 1676 2042 1717 res
2082 1666 2311 1725 naturae,
2356 1659 2506 1717 sicut

497 1748 836 1819 quantitates
863 1765 930 1804 ex
958 1749 1170 1804 ratione
1201 1749 1556 1823 quantitatiS,·
1577 1758 1634 1806 et
1658 1748 1953 1823 qualitates
1982 1765 2049 1804 ex
2078 1750 2287 1805 ratione
2316 1749 2507 1821 quali-

499 1836 631 1892 tatis
659 1853 673 1890 z
709 1835 804 1892 sed
835 1823 1126 1892 relationes
1154 1855 1261 1894 non
1287 1837 1491 1893 habent
1527 1835 1672 1910 ‘quod
1697 1839 1807 1894 sint
1846 1853 1934 1894 res
1957 1836 2169 1895 naturae
2194 1853 2259 1893 ex
2289 1838 2507 1893 ratione

498 1931 779 1994 respectus
803 1924 873 1980 ad
899 1924 1152 1980 alterum.
1178 1924 1532 1981 Inveniuntur
1556 1925 1699 1980 enim
1722 1925 1944 1998 quidam
1971 1931 2249 1997 respectus
2274 1925 2365 1996 qui
2392 1941 2505 1980 non

499 2020 626 2069 sunt
649 2013 842 2081 reales,
869 2013 966 2070 sed
993 2013 1284 2070 rationales
1308 2020 1523 2070 tantum
1552 2031 1564 2068 :
1591 2013 1735 2070 sicut
1752 2013 1942 2069 scibile
1965 2013 2198 2070 refertur
2226 2013 2294 2069 ad
2318 2014 2509 2069 scien·-

502 2102 655 2170 tiam,
694 2119 800 2159 non
841 2103 1026 2176 aliqua
1065 2102 1196 2159 reali
1241 2102 1506 2160 relatione
1546 2101 1600 2158 in
1642 2101 1819 2160 scibili
1858 2103 2143 2168 existente,
2190 2102 2283 2158 sed
2322 2104 2509 2174 potius

497 2191 630 2263 quia
652 2191 881 2248 scientia
911 2191 1144 2247 refertur
1176 2192 1244 2248 ad
1281 2191 1477 2264 ipsum,
1506 2189 1805 2247 secundum
1836 2190 2223 2270 Philosophum·
2245 2193 2295 2246 in
2321 2193 2357 2247 ir
2384 2192 2508 2248 Me-

497 2277 651 2350 taph.
692 2281 844 2350 (text.
890 2295 1032 2334 com.
1066 2280 1169 2348 20).
1202 2279 1306 2336 Sed
1337 2279 1532 2334 relatio
1561 2279 1726 2335 habet
1762 2279 1909 2353 quod
1952 2280 2025 2334 sit
2064 2295 2153 2334 res
2180 2285 2393 2336 naturae
2432 2287 2506 2336 e'x

499 2381 598 2424 sua
628 2382 814 2438 causa,
851 2385 950 2441 per
979 2383 1142 2440 quam
1173 2384 1279 2425 una
1307 2367 1396 2424 res
1439 2367 1741 2424 naturalem
1764 2369 2011 2424 ordinem
2056 2367 2219 2424 babet
2261 2368 2327 2424 ad
2357 2368 2508 2424 alte-

497 2471 648 2526 ram3
685 2457 779 2530 qui
822 2457 1044 2530 quidem
1087 2457 1220 2513 ordo
1258 2457 1523 2513 naturalis
1552 2465 1608 2512 et
1642 2456 1805 2514 realis
1832 2463 1915 2512 est
1946 2457 2077 2528 ipsis
2113 2457 2229 2528 ipsa
2274 2457 2503 2527 relati03

500 2546 643 2602 unde
661 2546 914 2603 dextrum
942 2553 998 2601 et
1033 2545 1316 2602 sinistrum
1342 2546 1398 2601 in
1427 2545 1647 2602 animali
1676 2553 1803 2602 sunt
1834 2545 2124 2602 relationes
2148 2545 2340 2614 reales,
2371 2549 2507 2618 quia

497 2634 849 2704 consequitur
877 2633 1143 2706 quasdam
1174 2634 1453 2690 naturales
1492 2634 1756 2703 virtutes;
1789 2634 1845 2690 in
1882 2635 2134 2690 columna
2164 2642 2345 2690 autem
2374 2641 2509 2689 sunt

499 2728 778 2793 respectus
807 2719 1034 2775 rationis
1063 2729 1276 2776 tantum
1305 2722 1601 2778 secundum
1634 2723 1877 2782 ordinem
1914 2721 2165 2778 animalis
2206 2722 2273 2778 ad
2305 2723 2503 2794 ipsam.

500 2803 580 2863 Ex
605 2808 798 2863 eodem
830 2813 1012 2862 autem
1047 2807 1210 2864 habet
1249 2808 1455 2880 aliquid
1498 2810 1644 2884 quod
1687 2811 1761 2867 sit
1788 2827 1884 2867 ens
1912 2817 1966 2865 et
1993 2810 2139 2884 quod
2183 2812 2257 2866 sit
2298 2827 2504 2879 unum;

504 2902 562 2952 et
592 2896 715 2953 ideo
743 2895 1010 2968 contingit
1037 2898 1179 2968 quod
1219 2903 1303 2953 est
1335 2913 1445 2954 una
1475 2898 1666 2955 relatio
1697 2899 1858 2956 realis
1887 2906 2097 2956 tantum
2127 2907 2346 2972 propter
2376 2899 2509 2954 uni-

502 2991 671 3042 tatem
690 3001 890 3050 causae‚
917 2989 1059 3042 sicut
1086 2992 1233 3058 patet
1259 2987 1326 3042 de
1346 2987 1701 3060 aequalitate3
1726 2995 1945 3060 propter
1968 3003 2133 3044 unam
2154 2989 2297 3043 enim
2323 3002 2509 3061 quan-

503 3075 716 3132 titatem
755 3082 837 3131 cst
869 3076 924 3130 in
966 3090 1073 3131 uno
1099 3077 1328 3147 corpore
1369 3091 1474 3131 una
1502 3076 1791 3148 aequalitas
1833 3075 2065 3141 tantum,
2113 3077 2363 3148 quamvis
2390 3078 2507 3134 sint

498 3169 778 3234 respectus
804 3163 1004 3236 plume,
1036 3165 1334 3220 secundum
1365 3179 1505 3237 quos
1540 3164 1771 3221 diversis
1808 3164 2124 3237 corporibus
2153 3167 2353 3220 dicitur
2381 3170 2508 3222 esso

496 3250 728 3322 aequale.
758 3251 815 3306 Si
853 3257 1038 3307 autem
1065 3253 1364 3308 secundum
1393 3267 1579 3308 omnes
1609 3251 1729 3309 illos
1758 3261 2039 3326 respectus
2070 3253 2505 3330 multiplicarenf

499 3345 588 3394 tur
633 3336 852 3394 realiter
898 3338 1188 3396 relationes
1235 3342 1288 3396 in
1319 3356 1426 3396 uno
1466 3356 1712 3414 corporo,
1758 3344 2079 3415 sequeretur
2120 3344 2265 3415 quod
2311 3344 2361 3397 in
2394 3358 2505 3398 uno

497 3433 679 3482 essent
702 3427 1009 3482 accidentia
1034 3428 1245 3484 infinita
1276 3429 1363 3486 vel
1392 3428 1835 3486 indeterminata.
1866 3431 1933 3486 Et
1962 3429 2215 3485 similiter
2245 3428 2505 3500 magister

497 3524 581 3572 est
611 3531 717 3570 una
763 3513 1028 3571 relatione
1076 3517 1336 3588 magister
1375 3516 1618 3572 omnium'
1656 3533 1793 3589 quos
1836 3518 1981 3573 idem
2027 3518 2208 3580 docet,
2251 3519 2505 3590 quamvis

497 3605 607 3660 sint
635 3601 789 3688 mqlti
815 3609 1113 3675 respectus.
1140 3604 1230 3660 Sic
1253 3604 1420 3660 etiam
1444 3621 1579 3660 unus
1602 3605 1763 3661 homo
1788 3608 2086 3661 sec-undum
2115 3621 2276 3662 unam
2300 3607 2503 3660 realem

499 3691 817 3747 filiationem
841 3697 925 3746 est
957 3691 1099 3748 tilius
1134 3691 1306 3764 patris
1333 3692 1417 3748 sui
1442 3701 1495 3749 et
1534 3695 1727 3750 matris
1754 3709 1887 3760 suae,
1920 3696 2049 3766 quia
2080 3710 2187 3751 una
2214 3695 2504 3751 nativitate

500 3795 663 3835 unam
687 3787 938 3838 naturam
969 3781 1038 3837 ab
1068 3786 1299 3855 utroque
1323 3783 1585 3855 accepit.

565 3868 858 3946 Sequendo
883 3886 1013 3942 ergo
1041 3869 1184 3929 hanc
1214 3871 1501 3941 rationem,
1537 3871 1750 3931 videtur
1774 3871 2085 3942 dicendum,
2116 3873 2264 3949 'quod
2292 3871 2399 3930 alia
2426 3881 2503 3934 stt
