2800 4492
375 438 378 442 A
457 415 460 420 .
477 361 608 436 244
967 377 1019 422 e.
1065 377 1296 421 'moiun
1337 376 1664 427 nnuma-rte
1707 359 2015 421 censuum

489 494 766 552 conclusio
795 493 1114 550 attribuitur
1144 492 1515 566 principaliter
1546 493 1737 567 primis
1766 491 2064 566 principii-⁶„
2086 491 2251 548 sicut
2278 493 2509 548 effectus

490 587 674 640 causat
699 581 890 656 primae
921 599 935 636 z
967 590 1023 639 et
1051 582 1244 639 eadem
1273 582 1503 649 ratione,
1539 581 1669 656 quia
1712 582 1885 638 virtus
1913 580 2267 638 conscientiae
2297 581 2508 654 princi·

493 672 692 745 paliter
718 671 988 744 dependet
1015 687 1084 726 ex
1112 670 1394 743 principiis
1430 669 1571 742 jin-ie
1606 669 1890 735 naturalis,
1923 670 2065 726 sicut
2106 685 2173 724 ex
2218 671 2412 742 primis
2453 680 2507 725 et

493 778 589 834 per
636 776 694 816 se
740 761 903 826 notis,
954 759 1325 833 principaliter
1353 759 1703 815 'conscientia
1732 759 1933 816 dicitur
1972 758 2057 816 lex
2102 759 2387 825 naturalis),
2420 758 2507 814 vel

385 900 394 910 ,
497 850 666 906 ctiam
696 848 942 905 naturale
959 848 1374 921 judicatorium.

565 937 717 999 Unde
747 943 896 1014 patet
920 937 1120 994 solutio
1141 937 1209 994 ad
1235 935 1555 1026 secu-ndum·

1113 1073 1572 1176 amouens
1604 1115 1876 1208 xxvn.

490 1249 727 1316 ·Ucrum
751 1249 1109 1312 conscientia
1132 1267 1374 1331 erronea
1397 1249 1547 1327 liyet
1567 1215 1990 1338 adpeeeatum.
2016 1281 2093 1294 -
2114 1247 2267 1327 (1-2,
2288 1251 2503 1328 quast.

739 1339 836 1424 19,
863 1344 986 1426 art.
1017 1340 1080 1416 5,
1106 1339 1176 1414 6;
1203 1343 1260 1402 et
1286 1339 1360 1425 22
1381 1338 1542 1428 dist3·
1560 1337 1669 1411 39,
1690 1342 1899 1426 quqst.
1933 1339 1995 1412 3,
2020 1341 2145 1426 art.
2172 1337 2263 1415 2).

566 1473 722 1529 Circa
769 1465 1066 1528 secundum
1115 1471 1196 1526 sic
1234 1469 1567 1541 proceditur.
1600 1471 1651 1523 ¹l.
1702 1468 1930 1525 Videtur
1975 1468 2120 1542 quod
2164 1454 2529 1534 conscientia,

499 1556 728 1618 erronea
757 1575 862 1617 non
888 1560 1019 1632 liget
1049 1559 1116 1616 ad
1145 1567 1451 1632 peccatum
1474 1559 1545 1614 Ut
1566 1557 1724 1612 enim·
1740 1558 2075 1628 Augustinus
2098 1557 2253 1625 dicit,
2277 1562 2344 1616 22
2371 1559 2513 1612 con-

499 1657 583 1706 tra
613 1651 892 1712 Faustum,
924 1665 1084 1704 omne
1110 1654 1392 1718 peccatum
1419 1653 1507 1709 est,
1538 1652 1729 1702 contra
1758 1645 1932 1716 legem
1954 1649 2239 1711 aeternam,
2273 1645 2399 1718 q'uae
2424 1655 2513 1702 cst

499 1735 586 1790 lex
615 1735 733 1790 Dei.
763 1735 867 1790 Sed
899 1734 1227 1807 quandoque
1255 1733 1591 1789 conscientia
1620 1733 1811 1788 errans
1840 1730 2191 1804 prohibet-id
2220 1733 2366 1803 quod
2401 1748 2511 1787 neu

500 1829 586 1878 est
625 1829 814 1878 contra
864 1822 1037 1892 legem
1081 1821 1211 1889 Dei;
1249 1820 1390 1874 sicut
1434 1827 1585 1893 patet
1616 1821 1671 1876 i'n
1712 1819 2005 1887 boereticiS,
2037 1818 2130 1892 qui
2172 1820 2512 1876 conscientia

501 1925 728 1966 erronea
749 1909 1086 1982 prohibente,
1111 1909 1300 1964 nolunt
1319 1910 1526 1980 jurare,
1555 1925 1661 1980 nec⁶
1675 1909 1969 1964 conradere
1985 1923 2181 1964 carnes
2198 1916 2295 1966 aut
2320 1908 2515 1965 bibere

503 1997 710 2054 vinum.
752 1999 874 2054 Non
915 2013 1044 2068 ergo
1083 2004 1167 2053 est
1210 1997 1288 2052 eie
1329 2005 1638 2069 peccatum,
1674 1996 1720 2052 si
1749 2001 1940 2052 contra
1978 1997 2370 2054 conscientiam
2406 1997 2514 2054 hoc
2558 2025 2563 2034 ·

503 2087 709 2142 faciant
745 2105 758 2142 :
791 2093 846 2142 et
873 2087 949 2143 ita
977 2086 1310 2143 conscientia
1341 2101 1567 2142 erronea
1599 2101 1707 2140 non
1734 2084 1938 2157 obligat
1968 2085 2036 2140 ad
2067 2092 2375 2157 peccatum.

575 2180 629 2233 2.
655 2177 945 2242 Praeterea,
968 2174 1304 2230 conscientia
1329 2179 1559 2230 'erronea
1578 2173 1908 2246 quandoque
1929 2173 2103 2228 dictat
2131 2172 2333 2230 homini
2360 2177 2515 2249 quod

501 2264 668 2321 faciat
699 2264 750 2319 id
777 2264 922 2336 quod
949 2268 1032 2344 est
1059 2271 1250 2320 contra
1280 2263 1452 2334 legem
1484 2261 1617 2317 Dei:
1641 2264 1785 2318 sicut
1806 2261 2069 2334 haeretico
2092 2277 2193 2318 sua
2222 2264 2517 2324 conscien-

503 2353 583 2409 tia
618 2368 844 2408 erronea
881 2352 1056 2407 dictat
1097 2352 1243 2424 quod
1292 2350 1554 2422 praedicet
1594 2355 1785 2406 contra
1816 2350 1985 2406 ‘fidem
2026 2349 2374 2408 catholicam.
2404 2354 2518 2410 Sed

503 2440 754 2497 faciendo
781 2447 972 2496 contra
1004 2440 1178 2512 legem
1221 2440 1338 2504 Dei,
1383 2447 1577 2511 peccat
1609 2438 1930 2495 mortaliter.
1970 2439 2025 2494 Si
2056 2455 2185 2510 ergo
2228 2441 2393 2496 etiam
2426 2441 2517 2498 sa-

503 2531 697 2586 ciendo
720 2531 912 2586 contra
939 2529 1332 2584 conscientiam
1362 2532 1647 2585 erroneam
1665 2534 1937 2600 'peccaret
1957 2529 2279 2596 mortaliter,
2308 2546 2517 2602 seque-

504 2627 653 2674 retur
699 2617 846 2691 quod
892 2616 1182 2688 utrobique
1228 2622 1372 2672 esset
1420 2621 1726 2688 peccatum,
1760 2617 1895 2672 'sive
1924 2617 2276 2690 ·praedicaret
2320 2627 2519 2678 contra

507 2706 681 2776 legem
706 2705 825 2774 Dei,
857 2704 974 2760 sive
1011 2720 1118 2760 non
1151 2721 1164 2759 ε
1207 2710 1262 2760 ει
1292 2705 1373 2760 ita.
1403 2711 1549 2762 esset
1589 2705 1918 2778 perplexu53
1949 2705 2095 2778 quod
2136 2705 2355 2763 videtur
2392 2725 2517 2766 esso

505 2793 938 2854 inconveniens:
971 2793 1101 2866 quia
1147 2800 1471 2865 sequeretur
1512 2795 1805 2867 quodnon
1847 2799 2065 2867 pateret
2094 2795 2144 2850 ei
2176 2795 2265 2851 via
2294 2796 2513 2866 salutis,

505 2888 860 2938 cum.tamen
907 2880 1158 2937 omnibus
1202 2887 1392 2954 pateat
1436 2899 1531 2954 per
1556 2882 1935 2954 poenitentiam
1980 2883 2038 2939 in
2074 2883 2179 2940 hac
2222 2884 2354 2941 vita.
2391 2887 2517 2944 Non

507 2985 636 3043 ergo
662 2969 996 3032 conscientia
1020 2985 1252 3027 erronea
1279 2969 1432 3042 ligat.

507 3082 534 3111 .·
579 3059 684 3116 Sed
710 3067 900 3117 contra
933 3069 1019 3116 est
1047 3059 1190 3133 quod
1230 3059 1300 3116 ad
1330 3061 1642 3132 Rom.'x1v‚
1676 3075 1839 3132 super
1868 3060 1999 3116 illud
2031 3078 2043 3116 :
2074 3061 2236 3117 Omne
2277 3061 2414 3133 quod
2440 3070 2520 3125 est

499 3164 574 3204 fex
597 3147 720 3220 fide,
744 3156 1013 3222 peccat-um
1037 3155 1134 3214 est,
1170 3149 1306 3205 dicit
1333 3145 1561 3217 Glossa,'
1580 3148 1726 3222 quod
1750 3148 1841 3220 qui
1866 3149 2001 3221 facit
2026 3156 2215 3206 contra
2243 3151 2521 3208 conscien-

510 3237 664 3300 tiam,
690 3238 918 3308 aedificat
945 3238 1014 3292 ad
1039 3238 1348 3309 qehetmam.
1416 3262 1423 3278 ι

579 3326 899 3396 Respondeo
927 3326 1217 3382 dicendum
1257 3325 1403 3399 quod
1434 3340 1556 3381 curn
1592 3333 1748 3382 actus
1790 3326 2020 3401 recipiat
2048 3328 2287 3399 speciem
2316 3329 2387 3386 ab
2415 3328 2520 3385 ob-

503 3416 673 3487 jecto,
707 3428 811 3470 non
835 3413 1031 3487 recipit
1059 3413 1296 3484 speciem
1329 3414 1398 3471 ab
1426 3429 1492 3469 eo
1525 3415 1823 3471 secundum
1858 3417 2145 3472 materiam
2174 3417 2395 3490 objecti,
2420 3419 2521 3475 sed

509 3502 812 3559 secundum
842 3501 1109 3558 rationem
1131 3501 1362 3572 objecti:
1384 3502 1528 3558 sicut
1557 3503 1695 3559 visio
1726 3503 1921 3578 lapidis
1940 3519 2050 3561 non
2067 3506 2260 3580 recipit
2279 3506 2521 3579 speciem

511 3607 544 3648 a
574 3591 773 3664 lapide,
805 3590 901 3646 sed
949 3606 981 3646 a
1026 3588 1289 3657 colorato,
1317 3591 1464 3662 quod
1494 3580 1577 3647 εὲι
1607 3609 1704 3664 ρει·
1732 3609 1790 3648 se
1820 3592 2095 3665 objectum
2125 3595 2295 3651 visus,
2326 3594 2523 3651 Omnis

512 3691 698 3738 autem
745 3685 902 3738 actus
954 3679 1225 3735 humanus
1280 3679 1446 3734 habet
1505 3683 1773 3738 rationem
1796 3687 1800 3692 “
1820 3684 2032 3756 peccati
2088 3683 2173 3740 vel
2228 3684 2409 3740 meriti
2463 3685 2522 3740 in

511 3777 779 3843 quantum
818 3775 901 3825 est
944 3768 1306 3825 voluntarius.
1339 3767 1627 3840 objectum
1653 3779 1847 3828 'autem
1878 3771 2179 3829 voluntatis
2219 3772 2524 3828 secundum

509 3859 784 3928 propriam
807 3857 1076 3915 rationem
1099 3861 1182 3912 est
1207 3856 1407 3912 bonum
1438 3859 1835 3930 apprehensum
1864 3877 1877 3912 ε
1906 3867 1961 3914 ει
1987 3860 2110 3917 ideo
2136 3866 2293 3916 actus
2322 3859 2529 3915 huma-

511 3957 613 3999 nus
634 3945 919 4016 judicatur
960 3947 1236 4006 virtuosus
1264 3944 1349 4002 vel
1381 3945 1612 4004 vitiosus
1638 3945 1937 4004 secundum
1981 3947 2182 4006 bonum
2211 3947 2529 4021 apprehen·
