2800 4492
519 329 636 396 172
995 343 1049 388 s.
1095 338 1328 386 THOMAE
1369 333 1697 386 sommus
1738 323 2044 379 oruscum

519 481 685 536 supra
711 461 855 518 vires
887 473 1014 516 suas
1042 455 1145 514 nisi
1171 471 1267 528 per
1296 453 1439 508 hunc
1462 450 1683 508 modum
1710 463 1818 520 quo
1857 447 1928 502 sit
1956 445 2061 503 sibi
2087 443 2367 517 possibile.
2395 445 2537 500 Cre-

521 554 649 609 dere
676 556 858 608 autem
883 552 968 604 est
995 561 1154 618 super
1187 543 1487 615 potentiam
1516 539 1749 596 hominis
1778 535 2103 600 naturalem,
2131 533 2273 588 unde
2300 550 2368 588 ex
2388 533 2537 588 dono

519 642 618 700 Dei
657 637 923 712 provenit,
970 633 1268 691 secundum
1304 630 1436 685 illud
1470 626 1715 701 Apostoli
1746 625 1813 682 ad
1858 623 2054 696 EpheS.
2100 638 2161 686 ιι,
2205 626 2237 676 8
2273 638 2285 676 τ
2335 621 2539 676 Gratia

521 727 716 786 salvati
745 726 866 784 estis
891 741 988 797 pei·
1015 722 1190 794 fidem,
1221 727 1271 776 et
1299 719 1391 774 hoe
1415 732 1521 773 uon
1549 732 1614 774 em
1635 713 1797 780 vobis,
1822 713 1925 770 Dei
1952 712 2093 768 enim
2114 710 2311 766 donum
2336 717 2447 777 est;
2480 717 2538 765 et

523 818 593 875 ad
619 815 986 887 Philippenses
1008 827 1046 880 1,
1075 814 1162 872 29,
1193 808 1324 863 dicit
1353 825 1364 861 z
1391 804 1545 864 Vobis
1569 803 1750 859 clatum
1776 808 1974 858 estnon
1997 800 2163 856 solum
2187 799 2329 854 utin
2356 797 2535 870 ipsum

525 903 775 968 credatis,
805 901 894 958 sed
938 907 998 958 ut
1023 915 1124 972 pro
1152 897 1264 969 ipso
1307 892 1618 967 patiamini.
1661 892 1832 947 Homo
1878 905 2007 960 ergo
2056 893 2273 943 tenetur
2309 885 2539 948 credere

525 993 824 1052 secundum
851 990 952 1047 hoe
972 987 1115 1062 quod
1145 986 1437 1056 adjuvatur
1467 998 1500 1038 a
1524 983 1637 1036 Deo
1664 978 1862 1053 aliquis
1886 978 1955 1034 ad
1975 976 2329 1032 credendum.
2360 975 2537 1046 Adju-

526 1088 687 1140 vatur
725 1090 907 1138 autem
937 1095 969 1136 a
1011 1078 1122 1132 Deo
1154 1066 1350 1147 aliquis
1381 1073 1450 1129 ad
1480 1069 1813 1128 credendum
1852 1066 2161 1141 tripliciter.
2195 1066 2379 1121 Primo
2410 1064 2539 1136 qui-

527 1173 652 1227 dem
681 1187 775 1244 per
805 1168 1120 1238 interiorem
1162 1161 1525 1225 vocationem,
1564 1159 1631 1214 de
1660 1172 1767 1230 qua
1802 1156 2000 1210 dicitur
2031 1154 2255 1209 Joannis
2298 1171 2380 1221 vi,
2413 1157 2483 1210 45
2524 1173 2536 1211 ι

532 1261 713 1318 Omnis
759 1259 850 1333 qui
898 1255 1107 1312 audivit
1146 1271 1181 1310 a
1221 1253 1386 1308 Patre
1418 1255 1465 1304 et
1512 1247 1723 1311 didicit,
1767 1244 1909 1300 venit
1952 1243 2023 1299 ad
2062 1260 2139 1298 me
2154 1260 2173 1310 ‚·
2221 1249 2277 1296 et
2321 1245 2393 1301 ad
2426 1246 2542 1302 Ro..

529 1367 678 1410 man.
710 1364 834 1416 vm,
882 1349 947 1402 30
982 1363 993 1399 :
1027 1345 1164 1412 Quos
1201 1337 1628 1414 praedestinavit,
1670 1337 1758 1391 hos
1804 1342 1852 1391 et
1896 1333 2120 1388 vocavit.
2152 1333 2407 1389 Secundo
2447 1351 2542 1403 per

531 1439 836 1496 doctrinam
867 1443 922 1492 et
953 1431 1397 1507 praedicationem
1427 1419 1770 1491 exteriorem,
1803 1420 2102 1478 secundum
2131 1421 2263 1476 illud
2293 1423 2541 1494 Apostoli

533 1529 602 1584 ad
648 1529 806 1584 Rom.
841 1521 899 1592 x,
957 1524 1024 1581 ⁴7
1072 1539 1083 1576 :
1129 1520 1292 1576 Fides
1340 1534 1403 1572 ex
1444 1515 1657 1580 auditu,
1704 1511 1922 1568 auditus
1957 1517 2137 1566 autem
2177 1525 2281 1582 per
2324 1511 2544 1567 verbum

535 1617 757 1676 Christi.
785 1615 970 1672 Tertio
988 1628 1086 1686 per
1103 1610 1373 1666 exteriora
1398 1605 1663 1662 miracula
1669 1621 1693 1672 ς,
1716 1601 1857 1658 unde
1878 1601 2076 1656 dicitur
2098 1601 2120 1654 1
2145 1599 2393 1676 Corinth.
2417 1617 2541 1669 xiv,

537 1707 684 1782 quod
727 1699 882 1776 signa
921 1702 1049 1758 data
1093 1706 1219 1757 sunt
1248 1695 1576 1761 infidelibuS,
1624 1699 1683 1748 ut
1710 1690 1921 1747 scilicet
1950 1705 2045 1762 per
2076 1705 2139 1750 ea
2178 1698 2547 1760 provocentur

537 1795 604 1853 ad
633 1794 814 1848 fidem.
845 1791 902 1846 Si
931 1795 1114 1844 autem
1143 1786 1390 1843 Christus
1416 1781 1650 1838 visibilia
1677 1778 1939 1835 miracula
1968 1793 2075 1832 non
2099 1777 2339 1848 fecisset,
2368 1778 2549 1834 adhuc

537 1879 891 1954 remanebant
920 1877 1013 1933 alii
1056 1875 1202 1931 modi
1249 1870 1559 1930 attrahendi
1604 1871 1673 1925 ad
1703 1868 1885 1934 fidem,
1931 1867 2128 1940 quibus
2156 1866 2407 1922 homines
2448 1884 2550 1925 ac·-

539 1972 819 2048 quiescere
861 1969 1196 2027 tenerentur.
1239 1960 1585 2019 Tenebantur
1615 1958 1759 2013 enim
1806 1956 2053 2012 homines
2080 1955 2305 2012 credere
2336 1957 2549 2014 auctori

539 2061 676 2132 legis
718 2067 772 2115 et
799 2058 1208 2128 Prophetarum.
1252 2049 1598 2108 Tenebantur
1642 2046 1807 2102 etiam
1834 2045 2078 2100 interiori
2122 2045 2399 2101 vocationi
2442 2061 2549 2102 non

540 2149 816 2211 resistere,
845 2145 988 2200 sicut
1016 2142 1185 2212 Isaias
1209 2141 1348 2212 (cap.
1375 2154 1427 2206 L,
1474 2136 1523 2206 5)
1556 2135 1623 2190 de
1650 2150 1707 2189 se
1736 2134 1871 2189 dicit
1904 2150 1917 2188 ε
1957 2131 2217 2189 Dominus
2243 2133 2389 2194 Deus
2420 2151 2551 2204 ape-

543 2236 661 2296 ruit
687 2235 819 2292 mihi
845 2249 1032 2290 aurem
1043 2249 1062 2306 ς
1106 2247 1192 2302 eqo
1231 2236 1409 2285 autem
1454 2241 1559 2281 uon
1588 2222 1909 2288 contradico,
1940 2228 2241 2278 retrorsum
2267 2239 2379 2278 ‘non
2408 2223 2547 2290 abii3

542 2327 684 2384 sicut
729 2325 794 2380 de
839 2321 1164 2396 quibusdam
1193 2317 1394 2374 dicitur
1436 2317 1559 2370 Act.
1604 2312 1800 2380 v11,'5i
1856 2326 1869 2365 ε
1928 2307 2027 2368 Vos
2062 2301 2270 2382 'semper
2317 2310 2550 2383 Spiritui

542 2421 724 2472 sancto
747 2410 1044 2472 restilistis.

615 2505 696 2561 Ad
725 2504 961 2578 primum
989 2513 1116 2570 ergo
1148 2494 1457 2560 dicendum,
1486 2491 1633 2565 quod
1667 2490 1810 2545 inter
1838 2487 1931 2545 illa
1954 2502 2120 2558 opera
2150 2479 2275 2561 quae
2305 2489 2551 2546 Christus
2636 2499 2644 2508 ·

547 2594 602 2652 in
631 2590 937 2648 hominibus
974 2587 1123 2652 fecit,
1155 2581 1503 2640 annumerari
1532 2581 1698 2636 etiam
1726 2578 1887 2634 debet
1926 2577 2141 2633 vocatio
2169 2578 2415 2646 interior,
2446 2596 2551 2653 qua

548 2681 813 2756 quosdam
841 2675 1098 2742 attraxit3
1129 2673 1272 2728 sicut
1295 2669 1593 2742 Gregorius
1618 2667 1751 2723 dicit
1786 2667 1838 2721 in
1870 2665 2107 2739 quadam
2134 2665 2377 2738 homIIia,
2410 2669 2555 2741 quod

547 2769 796 2826 Christus
820 2782 917 2839 per
941 2759 1370 2818 misericordiam
1395 2756 1769 2830 magdalenam
1797 2755 1963 2810 traxit
1988 2755 2235 2820 interius,
2266 2756 2363 2828 qui
2390 2758 2555 2813 etiam

549 2873 644 2930 per
674 2854 1017 2910 clementiam
1043 2848 1282 2921 suscepit
1315 2847 1468 2903 foris.
1500 2842 1858 2902 Annumerari
1887 2843 2052 2898 etiam
2083 2842 2243 2899 debet
2273 2845 2394 2915 ejus
2426 2846 2557 2902 doc-

552 2945 714 3013 trina,
747 2959 872 2999 cum
909 2941 1074 2997 etiam
1105 2939 1220 3012 ipse
1261 2930 1411 2992 dieat
1442 2952 1457 2991 z
1504 2934 1693 2992 Sinon
1726 2932 1999 2997 venissem,
2030 2937 2079 2988 et
2115 2931 2317 2990 loeutus
2348 2934 2425 2990 eis
2454 2951 2557 2992 uon

550 3032 790 3110 fuissem,
813 3037 1082 3105 peccatum
1106 3043 1212 3082 non
1237 3025 1506 3081 habereut.

623 3123 706 3180 Ad
749 3119 1046 3208 seeunglum
1093 3115 1402 3184 dicendum,
1446 3111 1588 3186 quod
1637 3111 1885 3168 Christus
1914 3117 2128 3183 poterat
2172 3126 2231 3166 se
2268 3114 2562 3172 ostendere

555 3227 673 3268 esse
699 3211 1064 3281 legislatorem
1086 3221 1192 3262 non
1217 3204 1391 3260 solum
1417 3201 1667 3258 faciendo
1692 3200 1928 3256 visibilia
1954 3199 2233 3266 miracula,
2267 3201 2367 3256 sed
2392 3203 2563 3262 etiam
2642 3215 2651 3222 ·

553 3317 652 3376 per
681 3299 1063 3356 auctoritatem
1086 3293 1398 3366 scripturae,
1428 3298 1483 3347 et
1514 3306 1609 3363 per
1632 3290 1947 3345 interiorem
1978 3277 2317 3346 instinctum.

626 3387 710 3447 Ad
753 3386 974 3442 tertium
1011 3382 1319 3448 dicendum,
1367 3379 1513 3453 quod
1557 3378 1781 3434 interior
1822 3377 2130 3445 instinctuS,
2160 3393 2270 3450 quo
2310 3378 2565 3438 Christus

555 3482 770 3554 poterat
807 3491 864 3530 se
911 3471 1260 3532 manifestare
1297 3469 1413 3524 sine
1457 3466 1735 3539 miraculis
1770 3466 2149 3540 exterioribus,
2194 3460 2436 3539 pertinet
2498 3472 2563 3528 ad

555 3568 818 3626 virtutem
833 3563 1022 3636 primae
1040 3559 1306 3626 veritatiS,
1331 3572 1455 3631 quae
1473 3557 1699 3612 interius
1713 3554 1987 3611 hominem
2008 3555 2279 3612 illuminat
2300 3563 2356 3611 et
2378 3558 2562 3616 docet.

627 3657 710 3713 Ad
753 3659 1008 3729 quartum
1048 3647 1360 3716 dicendum,
1402 3646 1547 3718 quod
1595 3643 1856 3702 miracula
1895 3644 2128 3700 visibilia
2176 3645 2313 3701 fiunt
2358 3647 2566 3714 virtute

558 3747 742 3803 divina
763 3743 830 3800 ad
846 3739 1312 3798 confirmationem
1330 3735 1549 3792 virtutis
1566 3734 1690 3788 fidei
1708 3751 1721 3800 ;
1741 3722 1884 3788 unde
1905 3733 2106 3788 dicitur
2124 3733 2289 3789 Marci
2308 3733 2432 3803 ult„
2458 3753 2562 3806 xx,

559 3837 626 3890 de
669 3830 960 3905 Apostolis‚
993 3828 1136 3902 quod
1161 3825 1592 3898 praedicaverunt
1634 3821 1846 3894 ubique,
1878 3820 2105 3880 Domino
2151 3829 2488 3895 cooperante,
2519 3833 2566 3882 et

557 3938 848 3981 sermonem
868 3919 1214 3994 confirmante
1235 3911 1563 3987 sequentibus
1580 3910 1764 3983 siquis.
1789 3911 1909 3969 Non
1934 3916 2119 3970 autem
2144 3910 2279 3971 fiunt
2299 3912 2566 3972 miracula
