2800 4492
218 327 299 337 -ο
315 330 322 332 ν

791 381 901 457 xn.
933 397 1020 414 -·-
1041 383 1468 436 Quonmnn‘ruu
1511 381 1806 436 eumn-tm
1984 407 1987 410 -
2178 361 2301 429 303

277 496 468 572 primo
509 501 596 555 est
641 498 847 557 caritas
883 499 1168 574 incipiens,
1196 507 1252 558 et
1279 509 1473 576 postea
1512 500 1819 576 proficiens,
1853 506 1911 558 et
1938 497 2131 558 ultimo
2164 514 2300 574 per-

281 585 438 658 fecta
469 605 484 644 :
510 586 659 644 unde
683 589 888 646 caritas
911 588 965 646 in
991 591 1262 664 spirituali
1291 592 1404 648 vita
1435 596 1519 646 est
1547 591 1873 665 principium
1896 597 1952 646 et
1974 589 2119 646 finis.
2148 581 2155 584 ’

363 676 448 733 Ad
477 693 682 734 nonum
707 677 1018 745 dicendum,
1050 679 1199 754 quod·
1228 678 1577 737 observantia
1600 679 1948 736 consiliorum
1986 684 2071 735 est
2098 676 2297 734 diffici-

288 762 400 820 lior
427 782 594 839 quam
623 767 935 824 observatio
961 775 1355 842 praeceptorum
1396 775 1663 842 quantum
1689 768 1759 827 ad
1784 768 2082 824 exteriores
2110 777 2295 834 actus;

291 862 479 911 tamen
522 855 833 913 observatio
877 865 1272 929 praeceptorum
1315 859 1555 930 perfecta
1593 868 1857 931 quantum
1899 857 1968 914 ad
2012 855 2298 912 interiores

293 951 454 998 actus
475 951 560 998 est
591 943 750 1015 longe
773 945 1066 1001 difficilior.
1097 945 1384 1001 Difficilius
1414 947 1555 1002 enim
1582 953 1665 1002 est
1690 946 1959 1019 deponere
1992 961 2158 1001 ammi
2196 959 2300 1000 cu-

293 1033 556 1104 piditates
598 1049 763 1106 quam
809 1049 1204 1108 possessionem
1245 1043 1302 1091 et
1337 1042 1521 1092 tamen
1568 1034 1843 1091 difficilius
1883 1039 1966 1090 est
2008 1034 2297 1090 observare

293 1120 593 1176 exteriores
623 1128 781 1183 actus
808 1133 1202 1196 praeceptorurn
1241 1124 1359 1180 sine
1399 1123 1642 1181 consiliis
1688 1139 1851 1196 quam
1881 1138 2005 1179 cum
2032 1122 2293 1188 consiliiS,

291 1211 437 1266 sicut
466 1226 531 1264 ex
559 1212 858 1282 praemissis
876 1218 1049 1284 patet.

366 1299 450 1355 Ad
479 1299 752 1354 decimum
781 1300 1091 1368 dicendum,
1119 1302 1262 1374 quod
1295 1302 1619 1375 incipientes
1641 1301 1848 1357 suntin
1870 1298 2060 1367 ordine
2088 1299 2298 1356 instru-
2386 1358 2393 1364 ,

293 1393 606 1443 mentorum
637 1388 707 1444 ab
737 1388 858 1444 aliis
879 1395 964 1444 :et
990 1389 1112 1445 ideo
1140 1398 1418 1464 praecepto
1443 1398 1728 1445 moventur
1751 1389 1819 1445 ad
1848 1387 2055 1461 ‘aliquid
2086 1388 2297 1444 facien-

293 1476 426 1532 dum
471 1485 586 1532 tam
626 1477 680 1532 in
727 1477 839 1534 vita
883 1478 1130 1535 saeculari
1176 1495 1339 1551 quam
1378 1482 1435 1535 in
1481 1478 1767 1550 religione3
1800 1478 1895 1534 sed
1926 1477 2146 1550 quando
2179 1479 2292 1549 jam

293 1565 672 1636 perficiuntur,
703 1576 997 1639 operantur
1031 1567 1100 1624 ab
1125 1568 1369 1623 interiori
1399 1567 1605 1635 babitu,
1633 1568 1788 1640 quasi
1818 1583 1886 1622 ex
1908 1581 1969 1621 se
2009 1565 2158 1638 ipsis,
2190 1581 2295 1620 non

293 1651 470 1708 solum
490 1653 740 1719 consilia,
770 1655 864 1710 sed
889 1655 1056 1712 etiam
1087 1663 1376 1727 praecepta.

363 1739 448 1796 Ad
493 1741 843 1798 undecimum
881 1743 1190 1809 dicendum,
1222 1743 1388 1816 quod,
1425 1742 1568 1799 sicut
1606 1741 1813 1798 dictum
1864 1747 1967 1807 est,
1995 1737 2197 1796 caritas
2243 1745 2298 1795 et

297 1837 378 1884 est
408 1823 740 1903 principium
773 1832 1072 1904 spiritualis
1097 1833 1244 1898 viiae,
1273 1839 1326 1888 et
1367 1832 1517 1898 finis;
1545 1839 1600 1887 et
1630 1830 1752 1886 ideo
1794 1835 1850 1885 et
1892 1831 2007 1902 ipsa
2038 1828 2296 1902 praecedit

295 1917 572 1986 inchoata,
596 1926 877 1994 tamquam
901 1921 968 1976 de
987 1937 1106 1978 esse
1133 1922 1372 1976 existens
1387 1920 1694 1993 spiritualis
1724 1921 1869 1986 vitre,
1885 1927 1938 1974 ει
1968 1919 2083 1991 ipsa
2108 1916 2299 1989 sequi·

299 2014 385 2064 tur
434 2016 718 2083 tamquam
771 1995 1057 2082 pertinens.
1089 2009 1158 2066 ad
1194 2008 1494 2082 perfectum
1533 2025 1653 2065 esse
1693 2007 1993 2082 spiritualis
2036 2008 2191 2075 vitae;
2242 2014 2297 2060 et

297 2103 481 2152 tamen
506 2083 590 2154 ea‘
611 2113 736 2171 quae
761 2106 888 2154 sunt
930 2097 997 2156 de
1027 2099 1163 2154 bene
1191 2114 1329 2166 esse,
1358 2098 1679 2155 ordinantur
1719 2099 1787 2153 ad
1828 2096 2297 2152 conservationem

294 2201 484 2242 eorum
514 2203 642 2259 quae
668 2197 794 2244 sunt
822 2187 890 2243 de
917 2203 1036 2244 esse
1061 2187 1162 2244 rei.

363 2276 447 2332 Ad
479 2275 865 2332 duodecimum
893 2283 977 2333 est
1000 2277 1309 2344 dicendum,
1343 2276 1488 2350 quod
1524 2276 1689 2332 etiam
1722 2275 1774 2329 in
1810 2273 2111 2346 disciplinis
2147 2273 2298 2346 prius

292 2364 658 2421 addiscuntur
686 2382 750 2422 ea
776 2383 871 2439 per
900 2383 1024 2438 quae
1053 2366 1156 2423 alia
1183 2365 1477 2440 perfectius
1504 2364 1897 2435 intelliguntur,
1926 2363 2177 2435 quamvis
2207 2361 2297 2416 illa

291 2451 512 2508 facilius
535 2453 608 2510 sit
647 2454 949 2526 intelligere
987 2455 1072 2511 vel
1103 2454 1300 2510 habere
1329 2455 1629 2510 secundum
1671 2452 2011 2508 communem
2054 2448 2293 2508 modum.
2339 2441 2346 2446 ’

291 2543 436 2598 sicut
467 2541 800 2615 facilius'est
837 2544 977 2599 scire
1023 2545 1392 2614 argumentari
1442 2557 1506 2598 eo
1552 2541 1711 2596 modo
1749 2555 1858 2611 quo
1893 2538 2059 2593 etiam
2109 2537 2297 2592 idiotae

291 2639 526 2688 utuntur
557 2631 844 2688 dialectica
875 2632 1130 2706 quadam,
1160 2647 1325 2704 quam
1367 2631 1509 2687 scire
1538 2629 1751 2701 regulas
1783 2628 2003 2699 logicae3
2030 2632 2084 2682 et
2116 2632 2295 2682 tamen

291 2721 468 2792 primo
495 2718 854 2777 addiscuntur
894 2721 1095 2792 regulae
1124 2721 1314 2792 logicae
1351 2721 1420 2776 ad
1452 2719 1553 2775 hoc
1584 2718 1733 2791 quod
1769 2716 1966 2788 aliquis
2006 2713 2298 2788 perfectius

293 2799 668 2879 argumentari
699 2808 877 2865 valeat
912 2826 1078 2883 quam
1117 2809 1478 2866 communiter
1516 2807 1701 2864 idiotae
1730 2810 2198 2877 argumentantur.
2229 2801 2297 2856 Et

292 2898 550 2953 similiter
588 2897 801 2954 facilius
848 2905 931 2954 est
958 2899 1248 2956 observare
1278 2903 1552 2971 praecepta
1580 2896 1877 2953 secundum
1922 2893 2296 2966 imperfectum

292 2987 520 3042 modum
545 3003 709 3059 quam
752 2987 1043 3044 observare
1082 2987 1306 3044 consilia
1319 3003 1339 3056 ‚⁶
1365 2995 1421 3043 et
1452 2996 1635 3043 tamen
1676 2985 1785 3057 qui·
1809 2985 2038 3040 tendunt
2068 2980 2135 3036 ad
2170 2995 2301 3052 per-

292 3073 498 3133 fectam
549 3083 946 3150 praeceptorum
1003 3077 1459 3144 observationem,
1497 3082 1711 3149 oportet
1756 3071 1900 3144 quod
1954 3069 2216 3141 incipiant
2268 3083 2298 3123 a

291 3165 542 3221 consiliis
568 3166 710 3220 sicut
738 3181 770 3222 a
799 3165 1126 3238 quibusdam
1150 3165 1547 3222 instrumentis.

363 3255 447 3310 Ad
479 3253 990 3310 decimumtertium,
1023 3261 1105 3309 est
1130 3253 1441 3322 dicendum,
1470 3252 1613 3324 quod
1654 3250 1745 3306 illa
1783 3263 1907 3322 quae
1939 3247 2012 3316 ibi
2038 3245 2299 3303 Dominus

294 3341 638 3415 superaddit,
679 3358 784 3399 non
829 3351 955 3399 sunt
991 3342 1240 3411 consilia,
1275 3343 1372 3397 sed
1418 3347 1726 3412 praecepta3
1758 3345 1817 3395 ut
1863 3343 2014 3410 patet
2057 3353 2123 3392 ex
2166 3333 2300 3407 ipsis
2350 3407 2356 3414 ·

295 3430 480 3486 verbis
522 3431 738 3502 Domini
768 3447 892 3503 quae
933 3430 1004 3486 ibi
1041 3440 1334 3504 ponuntur,
1360 3438 1478 3486 tum
1506 3431 1673 3486 etiam
1713 3445 1779 3484 ex
1818 3426 2153 3500 expositione
2186 3427 2301 3479 Au·

297 3520 503 3592 gustini
528 3521 585 3576 in
608 3520 745 3576 libro
773 3520 842 3576 de
870 3535 1118 3576 sermone
1148 3519 1362 3574 Domini
1393 3519 1446 3574 in
1478 3526 1681 3575 monte.

365 3609 450 3666 Ad
480 3609 1007 3682 decimumquartum
1037 3609 1507 3680 dicendum‚quod
1533 3607 1879 3664 observantia
1902 3607 2299 3678 praeceptorum

300 3684 600 3754 secunduiu
636 3699 1014 3771 imperfectum
1043 3699 1265 3766 modum
1295 3704 1377 3752 est
1418 3697 1701 3753 minimum
1740 3695 1796 3752 in
1839 3694 1949 3750 vita
1996 3687 2298 3765 spirituali;

300 3785 393 3842 sed
419 3793 503 3842 est
527 3787 842 3853 maximum,
873 3789 917 3843 si
947 3788 1304 3843 observentur
1328 3786 1595 3863 perfecte.

369 3874 452 3930 Ad
477 3875 1005 3948 decimumquintum
1037 3876 1324 3931 dicendum
1355 3881 1458 3936 est,
1490 3872 1633 3946 quod
1662 3868 1986 3945 perfectiora
2019 3865 2297 3938 Evangelii

303 3975 410 4022 non
435 3963 620 4022 solum
663 3969 792 4022 sunt
816 3964 1062 4033 consilia,
1089 3964 1187 4022 sed
1213 3965 1382 4022 etiam
1404 3970 1700 4044 praecepta,
1732 3967 1793 4017 ut
1828 3973 1898 4018 ex
1937 3957 2100 4017 dictis
2128 3960 2298 4034 patet.
2358 3953 2361 3956 ’
