2800 4492
708 344 797 387 xi.
830 360 910 374 —
935 342 1002 389 m
1043 343 1310 389 commu
1352 347 1429 389 ms
1472 348 1799 393 mmmmm
2177 334 2257 391 33

256 453 597 511 formidanda
624 469 728 510 non
755 461 900 522 sunt,
917 455 1012 511 sed
1041 454 1112 511 ab
1135 455 1214 511 eis
1241 464 1499 529 tanquam
1528 459 1597 513 ab
1620 458 1839 530 injustis
1863 459 2263 531 possessoribus

256 544 313 596 in
342 550 588 599 nostrum
614 558 774 605 usum
803 544 1149 611 assumenda,
1187 564 1212 595 ι)
1245 552 1300 599 et
1327 545 1409 601 sic
1437 545 1581 601 idem
1612 546 1759 618 quod
1784 548 1957 617 prius.

327 632 481 700 Item,
510 648 672 704 super
711 632 840 687 illud
871 632 1084 688 Daniel.
1114 648 1134 689 1
1167 649 1180 687 ι
1211 632 1503 703 Proposuit
1543 642 1719 691 autem
1758 636 1975 700 Daniel,
2011 644 2118 694 etc.
2149 637 2258 709 310.

259 739 286 772 α
312 720 368 776 Si
399 719 521 793 quis
543 721 828 791 imperitus
857 720 1260 778 mathematicae
1285 723 1422 777 artis
1444 732 1637 779 contra
1667 724 2081 782 mathematicos
2116 727 2258 781 scri-

254 806 370 875 bat,
403 795 500 864 aut
527 825 719 881 expers
754 808 1110 881 philosophias
1150 816 1337 865 contra
1365 810 1713 884 philosophos
1750 822 1896 885 agat,
1942 814 2259 887 quisetiam

254 897 536 963 ridenduS,
561 898 646 955 vel
686 898 913 955 ridendo
937 913 1044 953 non
1083 898 1304 955 rideat?
1333 918 1360 951 »
1389 900 1751 973 Sed·oportet
1792 902 2046 959 doctores
2086 918 2261 959 sacrae

252 986 552 1059 Scripturae
577 986 904 1060 quandoque
933 994 1124 1045 contra
1161 987 1509 1061 philosophos
1538 1004 1732 1061 agere3
1766 1006 1897 1063 ergo
1924 998 2141 1065 oportet
2166 1008 2260 1049 eos

251 1075 594 1149 philosophia
619 1076 722 1131 uti.
1049 1128 1053 1133 .
1387 1088 1391 1093 ·

323 1164 644 1237 Respondeo
676 1164 988 1231 dicendum,
1016 1166 1160 1238 quod
1191 1166 1334 1223 dona
1372 1167 1675 1237 gratiarum
1716 1165 1819 1224 hoc
1854 1168 2016 1225 modo
2048 1158 2277 1226 naturae'

252 1250 548 1323 adduntur,
581 1252 725 1323 quod
765 1268 884 1307 eam
927 1266 1035 1309 non
1065 1252 1280 1319 tollunt,
1307 1254 1404 1309 sed
1450 1255 1627 1325 magis
1662 1254 1982 1326 perficiunt;
2016 1258 2159 1311 unde
2201 1264 2255 1312 et

253 1339 434 1395 lumen
463 1340 589 1395 fidei
612 1341 756 1413 quod
785 1341 943 1397 nobis
971 1342 1144 1413 gratis
1173 1340 1497 1407 infunditur,
1530 1356 1635 1397 non
1661 1341 1899 1397 destruit
1940 1343 2122 1399 lumen
2153 1361 2259 1401 na-

251 1428 446 1483 turalis
494 1429 820 1499 cognitionis
871 1428 1025 1485 nobis
1075 1430 1398 1486 naturaliter
1446 1429 1699 1485 inditum.
1756 1430 2017 1499 Quamvis
2072 1438 2255 1487 autem

250 1516 693 1573 naturalelumen
714 1518 910 1573 mentis
929 1516 1182 1574 humanae
1204 1520 1276 1573 sit
1304 1518 1635 1575 insufficiens
1664 1518 1731 1573 ad
1758 1519 2257 1577 manifestationem

249 1622 440 1662 eorum
461 1622 588 1679 qnae
613 1623 709 1679 per
739 1606 900 1663 fidem
937 1606 1376 1673 manifestantur,
1414 1614 1593 1661 tamen
1622 1605 1957 1678 impossibile
1994 1614 2079 1663 est
2109 1611 2253 1679 quod

173 1744 190 1759 ,
249 1710 316 1751 ea
345 1710 470 1767 quae
509 1712 604 1768 per
644 1694 806 1750 fidem
855 1694 1010 1750 nobis
1058 1695 1350 1753 traduntur
1389 1695 1671 1761 divinitus,
1702 1692 1813 1750 sint
1859 1695 2135 1752 contraria
2170 1696 2255 1753 his

248 1800 376 1857 quae
405 1800 500 1855 per
533 1791 786 1839 naturam
811 1782 972 1841 nobis
999 1791 1125 1839 sunt
1153 1783 1373 1859 indita:
1399 1790 1676 1855 oporteret
1700 1783 1849 1839 enim
1874 1784 2104 1850 alterum
2131 1802 2251 1842 esse

245 1872 447 1929 falsum
477 1880 573 1928 :et
599 1887 726 1929 cum
757 1879 1046 1945 utrumque
1069 1872 1141 1928 sit
1171 1872 1326 1927 nobis
1355 1888 1386 1927 a
1420 1873 1562 1937 Deo,
1585 1872 1731 1927 Deus
1758 1882 1901 1929 esset
1932 1873 2087 1929 nobis
2116 1891 2251 1931 auc-

247 1967 336 2015 tor
358 1960 634 2027 falsitatis»,
665 1962 809 2032 quod
853 1966 936 2015 est
980 1958 1314 2032 impossibile
1347 1978 1360 2013 z
1394 1960 1489 2015 sed
1536 1960 1709 2031 magis
1751 1976 1875 2016 cum
1916 1962 2249 2033 imperfectis

245 2045 556 2103 inveniatur
577 2048 757 2119 aliqua
777 2047 1011 2103 imitatio
1035 2048 1420 2120 perfectorum,
1440 2048 1690 2119 quamvis
1718 2048 2065 2119 imperfecta;
2089 2050 2141 2104 in
2163 2048 2247 2103 his

244 2152 373 2208 quae
402 2154 496 2207 per
525 2136 827 2192 naturalem
859 2137 1126 2193 rationem
1160 2144 1580 2208 cognoscuntur,
1613 2142 1741 2191 sunt
1770 2137 2021 2208 quaedam
2048 2137 2247 2193 simili-

242 2225 508 2281 litudines
533 2242 720 2281 eorum
750 2239 873 2297 quae
921 2240 1012 2296 per
1061 2224 1220 2279 fidem
1261 2225 1466 2281 tradita
1507 2233 1654 2280 sunt.
1683 2226 1835 2289 Sicut
1866 2234 2048 2281 autem
2087 2242 2276 2291 sacra,

242 2314 498 2369 doctrina
525 2314 782 2369 fundatur
805 2328 966 2385 super
1005 2313 1186 2369 lumen
1215 2313 1363 2383 fidei,
1391 2314 1469 2370 ita
1502 2314 1837 2387 philosophia
1876 2330 2037 2387 super
2066 2314 2244 2371 lumen

241 2402 494 2457 naturale
522 2402 748 2459 rationis
774 2420 787 2457 z
816 2402 958 2457 unde
985 2402 1317 2474 impossibile
1357 2409 1441 2457 est
1472 2402 1617 2474 quod
1648 2418 1710 2459 ea
1740 2418 1865 2474 quae
1901 2409 2029 2458 sunt
2064 2402 2246 2474 philo-

240 2490 470 2563 sophiae,
501 2492 611 2547 sint
645 2492 919 2547 contraria
963 2493 1041 2546 eis
1079 2506 1204 2562 quae
1247 2496 1374 2545 sunt
1416 2490 1561 2554 fidei,
1590 2489 1686 2544 sed
1730 2489 1991 2544 deficiunt
2035 2490 2105 2545 ab
2140 2492 2273 2571 eis„⁴

241 2581 536 2639 Gontinent
561 2584 740 2637 tame'n
765 2580 1030 2653 quasdam
1068 2578 1455 2634 similitudines
1480 2592 1685 2640 eorum,
1714 2583 1770 2632 et
1798 2578 2049 2649 quaedam
2076 2578 2144 2633 ad
2176 2594 2241 2643 ea

241 2668 596 2744 praeambula,
619 2670 761 2725 sicut
781 2676 976 2724 natura
993 2666 1326 2739 praeambula
1349 2672 1435 2721 est
1459 2665 1524 2722 ad
1552 2665 1809 2736 gratiam.
1830 2665 2037 2737 Siquid
2057 2674 2243 2723 autem
2268 2694 2272 2699 ·

240 2760 297 2815 in
331 2759 494 2815 dictis
519 2757 956 2831 philosophorum
997 2757 1305 2819 inveniatur:
1334 2755 1669 2811 contrarium
1697 2754 1845 2819 fidei,
1885 2753 1988 2811 hoc
2016 2772 2121 2811 non
2158 2763 2273 2821 est⁴
2372 2822 2389 2843 l

239 2847 616 2920 philosophiae,
647 2847 742 2903 sed
775 2844 950 2917 magis
991 2844 1345 2919 philosophiae
1387 2843 1591 2899 abusus
1631 2858 1695 2898 ex
1738 2842 1955 2898 defectu
1994 2844 2241 2901 rationis.

235 2936 307 2991 Et
338 2935 462 2991 ideo
485 2910 820 3007 &possibile
849 2940 932 2990 est
969 2948 1036 2989 ex
1062 2932 1342 3006 principiis
1376 2929 1729 3003 philosophias
1752 2928 2059 3002 hujusmodi
2089 2946 2244 2987 erro-

235 3040 357 3081 rem
397 3023 644 3081 refellere
679 3022 763 3078 vel
811 3010 1144 3077 ostendendo
1187 3010 1406 3075 omnino
1446 3034 1566 3075 esse
1608 3017 1964 3089 impossibile,·
2008 3018 2093 3074 vel
2136 3036 2243 3075 non

234 3129 362 3169 esse
388 3112 774 3169 necessarium.
815 3111 966 3167 Sicut
994 3111 1140 3171 enim
1168 3124 1232 3165 ea
1257 3124 1381 3181 quae
1413 3108 1535 3163 fidei
1566 3115 1701 3179 sunt,
1731 3122 1834 3161 non
1878 3115 2103 3177 possunt
2144 3110 2245 3163 de-

232 3200 598 3258 monstrative
640 3198 876 3271 probari,
917 3197 992 3253 ita
1030 3197 1285 3269 quaedam
1311 3196 1589 3251 contraria
1615 3194 1701 3249 his
1743 3210 1847 3248 non
1890 3202 2115 3267 possunt
2144 3197 2247 3252 de-

233 3282 598 3345 monstrative
640 3288 851 3341 ostendi
897 3302 1016 3341 esse
1059 3285 1211 3349 falsa,
1245 3286 1340 3339 sed
1379 3290 1561 3356 potest
1608 3284 1823 3338 ostendi
1866 3301 1969 3339 non
2019 3302 2137 3339 esse
2179 3303 2246 3343 ea

230 3377 569 3435 necessaria.
589 3376 678 3431 Sic
707 3376 892 3445 igitur,
915 3375 968 3428 in
994 3389 1150 3429 sacra
1179 3373 1448 3436 doctrina,
1476 3371 1808 3443 philosophia
1829 3387 2113 3442 possumus
2142 3375 2244 3429 tri-

227 3468 454 3541 pliciter
494 3466 594 3520 uti.
639 3465 818 3519 Primo
861 3464 927 3517 ad
966 3461 1449 3517 demonstrandum
1493 3477 1557 3515 ea
1587 3477 1709 3531 quae
1748 3470 1875 3516 sunt
1917 3462 2245 3532 praeambula

229 3556 382 3617 fidoi,
411 3569 538 3625 quae
569 3548 872 3609 necessaria
904 3560 1028 3606 sunt
1059 3551 1112 3605 in
1144 3550 1267 3605 fidei
1295 3549 1547 3613 scientia,
1582 3556 1641 3603 ut
1666 3566 1729 3603 ea
1760 3564 1884 3621 quae
1912 3550 2249 3605 naturalibus

224 3630 540 3708 rationibus
565 3641 632 3699 de
671 3642 782 3695 Deo
815 3640 1130 3712 probantur,
1161 3647 1220 3693 ut
1251 3639 1419 3691 Deum
1446 3654 1583 3699 esui,
1615 3638 1672 3691 D.
1696 3654 1782 3691 usn
1815 3653 1941 3692 esse
1972 3654 2160 3701 unuin,
2194 3648 2269 3709 vta

221 3730 544 3803 hujusmodi
577 3728 760 3785 valde
803 3730 938 3789 Deo,
982 3728 1062 3781 vel
1094 3727 1162 3782 de
1204 3728 1491 3787 creaturis.
1542 3728 1593 3779 in
1638 3726 1971 3797 philosophia
2024 3727 2250 3797 probata

216 3836 358 3895 quae
389 3821 522 3873 fides
549 3819 826 3892 supponit.
857 3818 1104 3873 Secundo
1143 3817 1210 3871 ad
1243 3816 1635 3881 notificandum
1672 3832 1763 3887 per
1802 3815 2013 3885 aliquas
2052 3812 2267 3867 siniili-.

213 3912 452 3970 tudines
492 3924 558 3965 ea
599 3922 726 3981 quae
772 3913 898 3963 sunt
943 3906 1088 3971 fidei,
1137 3906 1279 3961 sicut
1311 3906 1600 3975 Augustini.
1634 3903 1691 3958 in
1732 3902 1825 3959 lib.
1868 3903 1935 3959 de
1980 3900 2250 3959 Tun-itate

743 4024 796 4072 S.
829 4024 981 4075 Tuon.
1019 4026 1102 4080 Ao.
1138 4023 1399 4074 Oruscuu.
1433 4040 1473 4058 ·-
1522 4017 1578 4069 11.
1624 4040 1679 4056 -
1705 4014 1735 4067 3
