2800 4492
445 303 531 366 ‚76
926 315 979 360 s.
1024 313 1256 358 mouns
1299 310 1625 363 souma-ris
1666 309 1981 355 croscum

523 435 608 492 Ad
645 428 883 509 primurn
925 432 981 488 in
1027 431 1362 488 contrarium
1390 427 1706 497 dicendum,
1737 426 1883 500 quod
1920 425 2161 485 varietas
2204 427 2491 484 acciden-

456 525 591 582 tium
631 527 852 596 propter
879 520 1246 577 dimensiones
1286 517 1670 574 interminatas
1704 531 1812 572 non
1841 514 1975 571 facit
2004 514 2386 573 diversitatem
2416 515 2491 571 in

455 625 681 668 numero
709 609 852 665 sicut
875 623 1062 674 causa,
1087 606 1184 663 sed
1206 605 1410 663 dicitur
1437 604 1619 661 facere
1642 603 1787 660 sicut
1812 602 2030 674 signum
2058 602 2487 670 demonstrans,

457 706 512 755 et
557 701 640 756 sic
668 698 903 756 maxime
941 695 1234 754 diversitas
1273 694 1380 752 loci
1422 692 1575 763 facit,
1602 691 1659 748 in
1686 696 1954 765 quantum
1982 696 2068 748 est
2106 690 2493 764 propinquius

457 789 693 861 signum.

527 877 610 934 Ad
649 875 946 933 secundum
987 871 1298 940 dicendum,
1347 871 1497 945 quod
1543 868 1836 926 diversitas
1880 867 2126 926 locorum
2165 869 2488 926 secundum

459 965 713 1040 speciem,
763 973 848 1022 est
893 965 1108 1036 signum
1149 958 1487 1018 diversitatis
1528 973 1819 1031 corporum
1862 959 2165 1015 secundum
2206 959 2481 1030 speciem,

459 1056 554 1111 sed
580 1070 686 1111 non
711 1067 897 1111 causa.

531 1143 613 1202 Ad
647 1143 868 1199 tertium
897 1139 1206 1205 dicendum,
1242 1136 1390 1209 quod
1424 1151 1550 1192 cum
1586 1134 1783 1194 divisio
1825 1135 2087 1208 temporis
2118 1142 2377 1193 causetur
2405 1155 2487 1194 ex

462 1229 728 1288 divisione
757 1239 957 1296 motus,
985 1227 1277 1284 diversitas
1301 1225 1469 1282 etiam
1500 1223 1763 1297 temporis
1790 1232 2007 1288 nonest
2037 1239 2203 1281 causa
2231 1225 2489 1282 diversi-

465 1320 596 1376 tatis
625 1327 824 1387 motus,
853 1319 946 1376 sed
972 1318 1188 1389 signum
1219 1329 1234 1370 z
1265 1320 1324 1370 et
1351 1312 1605 1370 similiter
1634 1320 1719 1370 est
1742 1311 1811 1369 de
1839 1312 1959 1370 loco
1982 1313 2038 1370 in
2060 1315 2487 1387 comparatione

465 1407 534 1464 ad
557 1421 775 1480 corpus„

1125 1680 1131 1688 ,
1247 1595 1560 1664 Luc'mo
1607 1594 1691 1664 11.

544 1801 571 1836 α
612 1782 727 1852 Age
767 1777 954 1850 igitur,
993 1773 1381 1846 ingrediamur,
1414 1778 1470 1828 et
1500 1770 1924 1844 unumquodque
1947 1776 2010 1827 ut
2045 1771 2277 1844 intelligi
2304 1779 2486 1849 atque

471 1869 594 1943 capi
621 1873 821 1941 potest,
849 1865 1227 1921 discutiamus,
1255 1863 1394 1918 Nam
1411 1860 1553 1918 sicut
1569 1861 1773 1934 optime
1788 1860 1996 1917 dictum
2019 1861 2255 1930 videtur,
2272 1865 2485 1921 eruditi

471 1964 555 2016 est
595 1955 831 2013 hominis
870 1952 1313 2026 unumquodque,
1341 1955 1402 2006 ut
1430 1950 1607 2023 ipsum
1636 1955 1738 2020 est,
1770 1949 1847 2005 ita
1881 1950 1949 2004 de
1992 1964 2055 2005 eo
2086 1949 2246 2006 fidem
2278 1965 2487 2024 capere

471 2054 706 2104 tentare.
730 2045 872 2101 Nam
891 2058 1016 2098 curn
1037 2046 1148 2097 tres
1171 2041 1282 2096 sint
1309 2039 1663 2112 speculativae
1678 2043 1883 2111 parteS,
1903 2035 2187 2106 naturaliS,
2215 2039 2271 2096 in
2299 2046 2481 2110 motu,

471 2135 828 2193 inabstracta.
853 2130 1174 2189 considerat
1196 2129 1340 2185 enim
1373 2141 1665 2200 corporum
1689 2126 1891 2183 formas
1924 2142 2049 2183 cum
2074 2129 2322 2198 materia,
2351 2147 2488 2202 quae

475 2241 508 2282 a
553 2223 870 2296 corporibus
907 2224 1032 2278 actu
1075 2217 1316 2290 separari
1361 2231 1469 2272 non
1510 2220 1755 2288 possunt,
1802 2214 1927 2288 quae
1966 2231 2193 2289 corpora
2224 2218 2277 2272 in
2324 2225 2485 2276 motu

474 2319 620 2382 sunt,
655 2316 714 2367 ut
754 2325 879 2366 cum
917 2314 1063 2365 terra
1102 2307 1376 2372 deorsum,
1411 2313 1466 2360 et
1502 2303 1643 2376 ignis
1684 2319 1901 2360 sursum
1943 2303 2114 2361 fertur
2146 2321 2159 2362 ε
2203 2305 2487 2380 habetque

473 2409 682 2460 motum
712 2401 890 2458 forma
930 2395 1174 2455 materiae
1201 2395 1512 2468 conjuncta.
1542 2393 1929 2450 Mathematica
1956 2394 2072 2450 siue
2105 2402 2255 2452 motu
2290 2396 2487 2454 inabs-

475 2497 674 2550 tracta.
718 2489 849 2548 Haec
877 2487 1023 2545 enim
1067 2486 1270 2543 formas
1309 2498 1601 2556 corporum
1639 2481 1953 2554 speculatur
1980 2483 2097 2539 sine
2124 2485 2373 2554 materia,
2413 2501 2487 2543 ac

478 2597 571 2654 per
593 2581 699 2637 hoc
721 2580 839 2636 sine
864 2585 1035 2644 motu,
1069 2591 1194 2648 quae
1221 2574 1412 2630 sormae
1434 2553 1573 2628 ‘cum
1598 2571 1653 2627 in
1676 2571 1909 2628 materia
1937 2571 2065 2639 sint,
2095 2572 2166 2630 ab
2203 2574 2288 2630 his
2314 2591 2489 2647 sepa-

476 2670 587 2725 rari
634 2685 741 2724 non
766 2671 1011 2740 possunt.
1039 2663 1332 2733 Theologia
1367 2661 1487 2716 sine
1516 2667 1668 2716 motu
1698 2660 1973 2717 abstracta
2002 2667 2169 2734 atque
2198 2663 2487 2736 insepara-

477 2757 622 2813 biliS.
649 2757 790 2812 Nam
820 2753 916 2809 Dei
943 2751 1249 2808 substantia
1267 2756 1323 2805 et
1343 2750 1592 2814 materia,
1617 2757 1672 2806 et
1694 2757 1843 2806 motu
1863 2756 2033 2806 caret.
2062 2751 2121 2806 In
2143 2753 2487 2810 naturalibus
2530 2761 2539 2764 “

478 2846 647 2917 igitur
687 2840 1103 2906 rationabiliter,
1145 2837 1638 2910 in01nathematicis
1678 2837 2167 2911 disciplinabiliter,
2200 2842 2254 2896 in
2282 2841 2487 2900 divitiis

480 2930 923 2989 intellectualiter
947 2927 1154 2986 versari
1184 2925 1475 3000 oportebit,
1511 2941 1688 3000 neque
1717 2926 1911 2983 deduci
1942 2927 2011 2984 ad
2040 2927 2483 3001 imaginationeS,

480 3021 577 3079 sed
608 3021 788 3094 potius
817 3020 990 3093 ipsam
1027 3017 1292 3091 inspicere
1320 3016 1575 3072 formam.
1607 3033 1634 3067 »

551 3178 809 3252 Proponit
843 3191 1010 3250 supra
1046 3175 1265 3231 Boetius
1305 3174 1635 3230 sententiam
1662 3173 1949 3232 catholicae
1990 3175 2139 3244 fidei,
2179 3178 2247 3234 de
2276 3181 2489 3237 unitate

482 3267 788 3331 TrinitatiS,
821 3272 886 3338 ‘et
927 3265 1193 3321 rationem
1231 3263 1520 3320 sententiae
1561 3271 1881 3334 prosecutus
1918 3270 2023 3321 est.
2067 3266 2226 3324 Nunc
2252 3268 2491 3326 intendit

481 3355 778 3432 procedere
807 3351 1306 3425 iad-inquisitionem
1330 3351 1717 3424 praedictorum
1751 3367 1763 3406 ε
1791 3358 1846 3408 et
1870 3351 2002 3425 quia
2028 3355 2329 3412 secundum
2358 3372 2492 3413 sen-

485 3445 715 3502 tentiam
744 3442 943 3500 Philus·
970 3457 1013 3498 u
1037 3441 1219 3508 Meta„
1249 3446 1375 3497 ante
1402 3439 1689 3496 scientiam
1718 3446 1934 3512 oportet
1963 3441 2239 3515 inquirere
2268 3446 2491 3502 modum

485 3533 691 3591 sciendi
704 3549 724 3600 ‚-
751 3531 874 3588 ideo
899 3544 1025 3603 pars
1042 3529 1160 3586 haec
1183 3529 1449 3585 dividitur
1471 3529 1526 3584 in
1551 3527 1709 3584 duaS.
1735 3530 1796 3584 In
1813 3529 1990 3602 prima
2010 3531 2249 3590 ostendit
2269 3535 2494 3592 Boetius

486 3623 708 3681 modum
745 3619 1026 3694 proprium
1065 3617 1372 3691 hujusmodi
1415 3617 1803 3689 inquisitionis,
1836 3633 1961 3690 quae
1989 3625 2074 3673 est
2114 3619 2182 3676 de
2210 3621 2373 3677 rebus
2400 3623 2493 3678 di-

476 3713 651 3769 vinis.
684 3713 742 3767 In
768 3709 1008 3768 secunda
1032 3723 1160 3764 vero
1197 3706 1497 3763 secundum
1522 3704 1741 3761 modum
1765 3707 2219 3779 praeassignatiim
2246 3710 2495 3782 procedit

489 3800 560 3858 ad
605 3801 942 3873 propositum
983 3796 1387 3870 inquirendum,
1422 3793 1495 3849 ibi
1528 3811 1541 3850 ε
1588 3813 1614 3847 α
1664 3794 1799 3864 Quae
1837 3810 1969 3851 vero
2012 3795 2206 3854 forma.
2256 3816 2283 3850 »
2315 3799 2497 3856 Prima

489 3887 753 3948 dividitur
794 3889 852 3948 in
893 3887 1049 3944 duas.
1095 3883 1274 3946 Primo
1316 3883 1471 3961 ponit
1510 3884 1895 3946 necessitatem
1920 3884 2242 3946 ostendendi
2271 3886 2496 3950 modum
