2800 4492
739 315 854 380 xm
882 349 962 365 -
1000 333 1426 384 Quonmnnwu
1466 333 1619 378 Ριιιιι
1630 335 1742 404 unci
2115 325 2232 386 129

221 455 398 522 illato,
420 461 476 511 et
503 397 722 528 quando
751 448 998 518 cederet;
1032 449 1175 505 unde
1199 465 1264 506 eo
1303 447 1523 506 volente
1556 455 1756 515 natura
1801 453 2009 511 restitit
2034 457 2231 532 nocivo

222 545 378 606 illato
416 557 590 624 usque
629 539 698 597 ad
739 529 904 598 finem
950 538 1072 611 plus
1101 553 1266 610 quam
1313 537 1370 594 in
1414 531 1536 594 aliis
1580 529 1890 624 hominibus
1932 528 2122 615 possit,
2142 543 2229 602 ita

223 633 368 706 quod
400 632 454 688 in
459 619 590 687 fine
613 635 734 702 post
762 617 990 682 multam
1019 621 1307 697 sanguinis
1328 626 1646 682 effusionem
1676 619 1839 703 quasi
1859 619 2070 702 integer
2094 633 2230 690 viri-

221 721 324 780 bus
365 718 625 798 clamavit
655 731 789 773 voce
819 730 1034 787 magna,
1062 722 1118 770 et
1145 715 1336 770 statim
1377 730 1445 770 eo
1488 714 1704 772 volente
1728 723 1924 775 natura
1963 721 2145 789 cessit,
2176 729 2231 777 et

223 789 453 864 tradidit
480 807 756 878 spiritum,
773 811 830 860 ut
854 819 914 860 se
942 802 1233 859 Dominum
1265 806 1478 860 naturae
1506 808 1561 858 et
1590 804 1720 862 vitae
1744 811 1800 860 et
1824 807 2019 863 mortis
2041 815 2229 888 osten-

223 897 396 953 deret.
428 894 581 953 Unde
610 892 714 950 hoc
737 891 1014 950 admirans
1037 889 1296 948 Centurio
1320 891 1479 958 dixit,
1512 891 1678 948 Marc.
1711 909 1808 962 xv,
1840 895 1955 952 59:
1994 896 2125 954 Vere
2145 878 2238 955 hin

223 987 372 1042 home
399 983 579 1040 Filius
603 975 706 1038 Dei
733 977 872 1036 erat.
904 979 995 1036 Sic
1019 993 1169 1050 ergo,
1173 985 1256 1034 et
1281 977 1456 1037 Judaei
1486 979 1761 1038 Christum
1785 975 2103 1040 occiderunt
2126 1002 2229 1042 no-

221 1078 536 1130 cumentum
575 1060 916 1126 mortiferum
961 1067 1291 1136 inferentes3
1321 1064 1376 1124 e't
1420 1074 1601 1124 tamen
1642 1069 1759 1140 ipse
1801 1072 2059 1130 animam
2073 1089 2229 1130 suam

127 1148 129 1150 ’
223 1160 424 1244 posuit,
443 1165 498 1214 et
529 1151 756 1215 tradidit
778 1152 1063 1230 spiritum,·
1079 1151 1210 1242 quia
1232 1110 1453 1247 quando
1475 1155 1665 1226 voluit,
1680 1163 1879 1216 natura
1903 1171 2228 1245 nocumento

221 1249 377 1307 illato
402 1245 645 1304 totaliter
673 1243 862 1302 cessit.

291 1329 408 1394 Nec
433 1343 614 1392 tamen
633 1328 946 1406 culpandus
970 1329 1054 1390 est
1082 1333 1240 1406 quasi
1269 1333 1353 1389 sui
1389 1331 1693 1403 homicida3
1720 1331 1803 1392 es't
1848 1337 1989 1394 enim
2031 1332 2231 1414 corpus

222 1431 446 1511 propter
469 1423 726 1488 animam,
760 1427 816 1477 et
839 1436 947 1480 non
976 1436 1006 1476 e
1035 1436 1319 1478 converso.
1351 1421 1507 1478 Unde
1540 1421 1741 1493 injuria
1768 1423 1829 1480 fit
1854 1426 2071 1494 animae,
2104 1445 2229 1486 cum

222 1522 446 1588 propter
473 1517 863 1568 nocumentum
882 1506 1103 1581 'corpori
1133 1479 1348 1566 illatum
1375 1507 1447 1564 de
1467 1509 1700 1582 corpore
1717 1511 2009 1585 'expellitur
2036 1526 2229 1576 contra

221 1601 528 1660 naturalem
554 1598 858 1672 appetitum
899 1597 1117 1663 animae,
1144 1596 1240 1652 sed
1286 1595 1429 1653 forte
1475 1612 1582 1653 non
1621 1595 1843 1672 propter
1870 1595 2227 1674 depravatam

219 1685 564 1748 ‘voluntatem
591 1703 650 1745 se
673 1685 1072 1745 interficientisss
1098 1685 1203 1742 Sed
1232 1685 1279 1762 si
1321 1684 1505 1743 anima
1543 1685 1598 1742 in
1638 1689 1722 1744 sui
1749 1695 2020 1761 potestate
2056 1693 2228 1752 habe-

218 1787 308 1839 ret
349 1776 606 1836 recedere
639 1791 672 1833 a
714 1789 942 1848 corpore
979 1771 1199 1846 quando
1239 1772 1421 1841 vellet,
1463 1780 1517 1830 et
1566 1775 1765 1832 iterum
1810 1777 2086 1848 advenire,
2120 1769 2237 1839 non'

213 1867 448 1944 ‘majoris
487 1869 632 1922 esset
669 1863 846 1936 culpae
881 1863 928 1918 si
969 1877 1168 1934 corpus
1207 1861 1506 1932 desereret,
1533 1879 1700 1937 quam
1748 1863 1894 1938 quod
1949 1866 2227 1928 habitator

218 1955 527 2014 deseruerit
555 1954 806 2021 domum;
825 1949 999 2024 culpae
1021 1953 1314 2007 tamen'est
1343 1950 1491 2022 quod
1520 1951 1646 2010 iude
1663 1953 1969 2028 'expellatur
1997 1957 2224 2019 invitus.

289 2044 368 2102 Et
388 2057 485 2117 per
502 2041 611 2100 hoc'
632 2037 786 2116 patet
813 2039 1092 2114 responsio
1121 2038 1191 2096 ad
1215 2037 1460 2112 objecta„

855 2258 859 2262 ·
931 2232 1328 2313 QUAESTIO
1373 2233 1520 2312 ΙΙΙ.
1612 2242 1616 2246 ’

291 2393 503 2452 Deinde
525 2391 910 2468 quaerebantur
936 2391 1044 2447 duo
1073 2391 1142 2446 de
1169 2388 1379 2462 Angelo
1412 2407 1425 2445 z
1452 2391 1517 2445 40
1542 2394 1727 2449 utrum
1751 2396 1991 2467 Angelus
2019 2399 2226 2472 depen-

217 2486 352 2542 deat
381 2499 414 2540 a
446 2483 565 2540 loco
591 2479 860 2554 corporali
890 2478 1190 2536 secuudum
1234 2493 1390 2535 suam
1429 2479 1741 2549 essentiam,
1775 2497 1844 2538 an
1888 2483 1961 2538 sit
2007 2487 2063 2542 in
2105 2488 2225 2548 loco

217 2571 494 2646 corporali
535 2569 855 2628 secundum
882 2566 1270 2666 operationem
1316 2571 1574 2622 tantum:
1620 2571 1683 2626 2⁰
1722 2568 1803 2625 de
1831 2573 1980 2631 motu
2006 2576 2217 2666 Angeli,

219 2669 410 2721 utrum
430 2661 604 2734 possit
627 2657 830 2718 moveri
855 2657 926 2714 de
953 2664 1198 2715 extremo
1223 2655 1277 2712 in
1302 2662 1608 2714 extremum
1630 2655 1749 2714 sine
1774 2659 1975 2722 medio.

922 2835 1088 2897 AR'l
1088 2833 1378 2896 IGULUS
1421 2834 1531 2900 IV.

310 2951 537 3039 Utrum
557 2968 836 3052 Anyelus
870 2967 958 3032 sit
982 2967 1050 3032 in
1078 2966 1207 3030 loco
1225 2984 1336 3046 per
1360 2969 1769 3048 operationem
1784 2973 2043 3040 tantum.
2067 3009 2149 3028 .-

635 3060 894 3142 (lpart.
879 3101 922 3134 .,
952 3059 1164 3138 quast.
1195 3056 1297 3134 52,
1310 3060 1455 3121 ·uaot
1476 3058 1550 3134 1·,
1580 3059 1621 3118 2
1647 3064 1705 3124 et
1731 3061 1825 3142 3.)

215 3203 224 3208 “
294 3195 380 3254 Ad
411 3194 644 3268 primum
670 3192 751 3250 sic
779 3189 1112 3265 proceditur.
1127 3189 1198 3244 4.
1229 3187 1459 3262 Videtur
1487 3190 1635 3262 quod
1671 3193 1911 3272 Angelus
1943 3211 2051 3253 non
2072 3195 2185 3257 'sit’
2170 3219 2226 3268 ln

215 3269 344 3344 loco
371 3282 672 3342 secuudum
707 3279 1081 3354 operationem
1110 3283 1346 3336 tantum.
1386 3279 1543 3334 Prius
1587 3287 1673 3336 est
1710 3282 1855 3340 enim
1900 3285 2021 3342 esse
2060 3304 2227 3362 quam

216 3373 470 3447 operari3
482 3379 630 3444 ergo
665 3370 818 3442 prius
862 3373 947 3430 est
981 3381 1102 3424 esse
1144 3367 1199 3422 in
1242 3365 1361 3422 loco
1394 3381 1561 3438 quam
1599 3371 1815 3442 operari
1851 3372 1907 3429 in
1948 3372 2089 3433 loco.
2120 3378 2227 3436 Sed

213 3461 497 3537 posterius
514 3469 621 3516 non
644 3464 728 3516 est
755 3471 923 3514 causa
947 3453 1174 3529 prioris;
1191 3466 1321 3528 ergo
1341 3454 1557 3530 operari
1586 3454 1641 3512 iu
1672 3455 1790 3517 loco
1814 3475 1923 3522 non
1951 3470 2037 3520 est
2062 3467 2229 3526 cansa

215 3559 396 3624 'quare
420 3547 659 3620 Angelus
687 3547 758 3604 sit
784 3545 839 3601 in
866 3531 1027 3602 loco,¹

292 3641 348 3696 2.
373 3639 664 3703 Praeterea,
701 3636 813 3693 duo
835 3632 1027 3705 Angeli
1060 3637 1288 3705 possunt
1329 3632 1545 3704 operari
1588 3633 1643 3691 in
1686 3651 1795 3694 uno
1832 3637 1970 3695 loco.
2001 3641 2055 3698 Si
2101 3658 2230 3716 ergo

211 3724 464 3798 Angelus
500 3729 644 3780 esset
691 3723 746 3781 in
791 3721 910 3780 loco
951 3719 1128 3776 solum
1170 3735 1267 3793 per
1307 3721 1719 3798 operationem,
1733 3735 2053 3799 sequeretur
2084 3732 2229 3803 quod

211 3815 408 3916 plures
431 3810 624 3884 Angeli
654 3817 838 3915 esseut
867 3808 1027 3916 simul
1065 3808 1124 3866 in
1153 3822 1261 3865 uno
1296 3807 1449 3880 loco;
1478 3810 1624 3885 quod
1661 3818 1947 3912 reputatur
1974 3810 2230 3908 impossiss.

210 3904 394 3964 hile·

409 4001 418 4005 ’
475 4002 486 4008 ’
563 4009 577 4018 “
655 3999 665 4006 ’
694 4000 808 4065 S.
823 4017 979 4068 Tuon.
1013 4017 1102 4071 Ao.
1117 3997 1444 4066 ornacum.
1420 4039 1485 4056 -·
1516 4013 1594 4064 li.
1611 4015 1728 4067 -9
