2800 4492
748 337 847 391 π,
871 357 956 375 -
979 344 1052 389 m
1089 340 1361 391 mamm
1401 338 1501 391 nes
1520 337 1851 395 ’samm-'m
2216 328 2309 393 ‘27
2391 347 2393 349 ’

293 457 647 533 persuasoria
673 450 894 535 sumpta
921 476 996 522 ex
1033 448 1320 535 aliquibus¹
1349 461 1797 521 similitudinibus
1826 465 1899 523 'ad
1937 476 2159 541 ea-quae
2178 463 2307 524 ‘sunt

295 546 428 603 fidei
457 547 701 617 inducta,
734 556 1096 607 non-evacuat
1124 551 1251 607 fidel
1288 552 1561 609 rationem
1589 569 1603 610 ι
1644 552 1782 627 quia
1802 550 1911 611 non
1935 554 2070 612 facit
2096 572 2163 613 ea
2190 572 2311 619 esse

297 638 640 709 apparentia,
671 653 798 695 cum
823 653 930 695 non
961 638 1053 697 fiat
1078 639 1339 697 resolutio
1367 642 1637 715 usquead
1664 644 1837 715 prima
1866 644 2153 717 principia,
2186 644 2311 718 quae

295 725 582 784 intellectu
613 727 891 784 videntur.
915 730 1032 785 Nec
1067 730 1268 786 iterum
1309 732 1569 787 meritum
1601 731 1726 787 fidei
1752 738 2007 801 evacuat,
2032 734 2161 806 quia
2202 749 2309 790 non

293 815 448 887 cogit
477 807 814 874 intellectum
851 817 922 874 ad
949 810 1420 890 consentiendum,
1454 820 1597 877 unde
1634 835 1895 879 assensus
1924 827 2171 879 remanet
2208 838 2309 879 vo-

295 902 588 963 luntarius.

293 1026 300 1031 ·
369 994 456 1051 Ad
479 1000 696 1052 sextum
721 996 1032 1065 dicendum,
1060 998 1206 1072 quod
1236 998 1397 1055 Deus
1411 998 1711 1057 honoratur
1737 1000 1975 1070 silentiu,
2008 1014 2119 1059 non
2154 950 2309 1075 quod

295 1084 411 1140 de
396 1098 517 1157 ipso
530 1084 673 1141 nihil
711 1085 979 1153 dicamuS‚
1012 1087 1102 1143 vel
1139 1088 1501 1163 inquiramuS,
1529 1088 1627 1144 sed
1652 1089 1785 1161 quia
1826 1088 2187 1161 intelligimus
2212 1106 2310 1147 nos

295 1172 372 1230 ab
395 1174 514 1246 ejus
554 1174 1038 1252 comprehensione
1075 1175 1360 1244 defecisse,
1387 1176 1533 1254 unde
1573 1176 1967 1245 Ecclesiastici,
1996 1179 2311 1251 quadrage-

297 1262 439 1322 simo
464 1264 626 1320 tertio
648 1278 770 1337 cap.
802 1281 816 1319 ε
851 1264 1220 1337 Gloriticantes
1248 1266 1535 1322 Dominum
1564 1255 2038 1339 quantumcumque
2053 1266 2307 1340 potueri-

297 1351 393 1418 tis,
423 1352 776 1425 supervalebit
798 1352 987 1420 adhuc,
1018 1359 1068 1409 et
1100 1354 1439 1411 admirabilis
1480 1355 1878 1427 magnificentia
1914 1356 2047 1427 effus.
2073 1354 2310 1414 Benedi-

295 1447 468 1497 ωηερε
486 1442 791 1509 Dominum,
814 1444 1043 1503 exaltate
1081 1444 1233 1501 illum
1268 1449 1527 1519 quantum
1548 1444 1813 1517 potestis:
1840 1445 2019 1517 major
2051 1450 2127 1501 est
2168 1444 2310 1502 enim

296 1531 446 1587 omni
469 1531 642 1593 laude.
2284 1572 2289 1575 -

368 1620 452 1676 Ad
486 1621 782 1692 septimum
811 1604 1123 1690 dicendum,
1152 1606 1299 1696 quod
1323 1637 1451 1679 cum
1468 1622 1625 1679 Deus
1661 1620 1718 1677 in
1761 1621 2035 1679 infinitum
2072 1636 2107 1680 a
2149 1637 2311 1680 crea-

297 1716 425 1767 tura
451 1709 636 1777 distet,
665 1694 814 1766 nulla
841 1717 1095 1767 creatura
1119 1720 1368 1769 movetur
1391 1712 1448 1768 in
1481 1711 1675 1777 Deum,
1708 1716 1770 1767 ut
1810 1710 1917 1784 ipsi
1964 1711 2305 1785 adaequetur,

293 1797 384 1857 vel
410 1798 722 1870 recipiendo
748 1799 818 1857 ab
857 1800 994 1872 ipso,
1025 1800 1110 1857 vel
1157 1799 1536 1873 cognoscendo
1579 1800 1783 1872 ipsum.
1810 1800 1927 1857 Hoc
1964 1801 2133 1873 igitur
2159 1801 2308 1875 quod

292 1892 554 1944 creatura
591 1887 646 1944 in
683 1886 955 1945 infinitum
977 1888 1170 1959 distat,
1200 1906 1308 1947 non
1349 1896 1435 1947 est
1478 1890 1744 1946 terminus
1787 1897 1969 1947 motus
2000 1898 2305 1961 creaturae·;

296 1976 396 2033 sed
426 1976 686 2052 quaelibet
709 1985 963 2035 creatura
992 1986 1243 2036 movetur
1275 1980 1344 2037 ad
1381 1980 1487 2037 hoc
1514 1979 1662 2052 quod
1685 1979 1802 2036 Deo
1828 1978 2162 2036 assimiletur
2188 1979 2308 2053 plus

295 2072 354 2124 et
379 2067 501 2134 plus
523 2065 793 2140 quantum
815 2074 996 2142 potest
1023 2084 1038 2124 :
1071 2075 1128 2125 et
1155 2070 1236 2127 sic
1259 2069 1426 2127 etiam
1454 2069 1694 2126 humana
1723 2084 1877 2125 mens
1900 2068 2066 2125 debet
2090 2084 2308 2141 semper

299 2154 508 2212 moveri
537 2155 1073 2229 ad-cognoscendum
1100 2157 1169 2214 de
1196 2158 1310 2217 Deo
1339 2160 1461 2231 plus
1484 2164 1541 2215 et
1576 2158 1700 2232 plus
1737 2157 2036 2215 secundum
2083 2157 2306 2215 modum

295 2260 478 2301 suum.
495 2244 650 2303 Unde
677 2246 812 2303 dicit
837 2246 1108 2304 Hilariusz
1135 2267 1162 2300 ι(
1179 2246 1282 2318 Qui
1309 2247 1639 2320 pie-infinita
1659 2246 2028 2322 persequitur,
2042 2255 2099 2307 et
2120 2248 2167 2305 si
2198 2262 2306 2305 non

295 2335 583 2408 contingat
610 2333 924 2409 aliquando,
953 2342 1137 2394 tamen
1166 2335 1415 2411 proficiet
1442 2336 1785 2411 prodeundo.
1818 2355 1863 2391 »-

1000 2514 1481 2594 Ammonos
1520 2514 1626 2575 11.-
1664 2499 1669 2504 ’

287 2718 292 2725 ,
387 2646 506 2721 Uta-
505 2662 607 2711 um
629 2645 701 2711 de
722 2645 951 2713 divinis
969 2663 1103 2730 qua
1123 2628 1270 2727 fidei
1289 2647 1567 2725 subsunt,
1589 2647 1789 2729 possit
1810 2662 1929 2713 esse
1948 2648 2225 2720 scientia.
2268 2636 2273 2643 ’

367 2780 453 2838 Ad
489 2781 788 2837 secundum
832 2780 913 2837 sic
951 2781 1287 2855 proceditur.
1317 2783 1371 2839 4.
1397 2774 1630 2839 Videtur
1659 2781 1805 2855 quod
1843 2782 1912 2838 de
1954 2781 2155 2838 divinis
2179 2796 2307 2856 quae

293 2868 426 2928 fidei
466 2868 716 2938 subsunt,
765 2869 997 2927 scientia
1043 2886 1163 2927 esse
1205 2886 1314 2927 non
1355 2872 1551 2944 possit.
1598 2870 1879 2943 Sapientia
1922 2870 2065 2927 enim
2113 2878 2307 2929 contra

295 2958 586 3016 scientiam
629 2956 895 3017 dividitur
943 2974 960 3016 ι
1002 2959 1100 3016 sed
1153 2958 1425 3032 sapientia
1474 2964 1559 3016 est
1622 2960 1989 3030 divinorum3
1984 2974 2124 3018 non
2174 2976 2307 3033 ergo

281 3048 550 3106 *scientim
1664 3077 1669 3083 ·

367 3142 422 3198 2.
445 3140 601 3205 Item,
628 3138 772 3195 sicut
799 3138 1002 3195 dicitur
1038 3154 1059 3197 1
1095 3138 1489 3207 Posteriorum,
1517 3136 1574 3195 in
1604 3138 1849 3214 qualibet
1880 3138 2111 3195 scientia
2137 3144 2306 3213 opor-

283 3234 380 3285 ‘tet
404 3228 473 3284 de
503 3226 748 3299 subjecto
769 3242 1075 3302 supponere
1103 3228 1235 3303 quid
1257 3234 1386 3283 est.
1412 3228 1513 3283 sed
1536 3227 1605 3283 de
1638 3228 1751 3284 Deo
1780 3227 1932 3284 nullo
1964 3228 2131 3285 modo·
2175 3244 2309 3303 pos-

293 3324 487 3375 sumus
513 3317 666 3373 scire
684 3316 817 3398 quid
841 3324 944 3385 est,
970 3326 1032 3374 ιιι
1055 3314 1194 3373 dicit
1214 3316 1618 3387 Damascenus;
1646 3331 1776 3389 ergo
1804 3317 1873 3374 de
1914 3317 2028 3375 Deo
2074 3318 2305 3377 scientia

272 3406 486 3465 ‘haberi
507 3421 614 3463 non
638 3410 840 3480 potest.
1217 3428 1224 3434 ·
1554 3424 1565 3433 ’
1883 3432 1889 3439 ·

270 3496 278 3505 ’
367 3499 420 3551 3.
453 3496 610 3563 Item,
643 3494 934 3569 cujuslibet
970 3494 1216 3553 scientiae
1243 3502 1328 3553 est
1355 3503 1543 3571 partes
1564 3502 1621 3553 el:
1651 3497 1931 3571 passiones
1960 3497 2044 3552 sui
2074 3498 2306 3571 subjecti
2406 3544 2413 3553 .
2446 3541 2455 3552 .

273 3584 672 3643 'consider-are:
689 3584 786 3641 sed
809 3586 989 3653 Deu3‚
995 3602 1120 3642 cum
1147 3586 1221 3643 sit
1247 3585 1423 3643 forma
1450 3586 1698 3659 simplex,
1720 3602 1823 3643 nec
1844 3592 2032 3661 partes
2058 3585 2263 3643 habet
2251 3602 2307 3643 ιιι

271 3672 436 3747 ‘quas
457 3674 756 3743 dividatur,
786 3689 888 3731 nec
915 3674 1259 3749 passionibus
1281 3672 1556 3787 aliquibus
1588 3674 1783 3747 subjici
1810 3682 2032 3749 potest3
2060 3689 2190 3747 ergo
2236 3674 2307 3731 de

297 3764 413 3822 Deo
437 3780 545 3821 non
566 3770 893 3837 potestesse
922 3764 1172 3822 scientia.
1241 3784 1246 3787 ·
1297 3786 1304 3793 ¹
1470 3784 1475 3790 ·
1914 3790 1916 3792 ·
2262 3788 2269 3793 ·

275 3860 286 3869 ·
369 3852 422 3909 ι.
445 3854 602 3919 item,
635 3854 691 3910 in
715 3853 959 3927 qualibet
987 3847 1218 3912 scientia
1243 3853 1384 3911 ratio
1411 3854 1673 3926 praecedit
1702 3868 2005 3911 assensum.
2032 3852 2305 3910 Demons-

266 3932 469 4006 '·tratio
496 3943 645 4005 enim
667 3942 841 4005 facit
827 3959 883 4004 ιιι
906 3944 1150 4005 scientiis
1191 3941 1475 4003 scibilibus
1498 3942 1800 4003 assentire:
1826 3942 1925 4002 sed
1970 3940 2029 4002 in
2062 3941 2150 4001 his
2179 3958 2307 4019 quae
