2800 4492
597 337 716 396 412
1075 355 1132 400 s.
1173 353 1408 398 ¹1·quAE
1448 351 1779 403 Aeumms
1819 351 2128 399 croscum

597 471 782 527 vivere
807 469 1052 544 possint;
1079 475 1138 527 et
1163 468 1287 526 ideo
1316 471 1412 543 qui
1436 468 1741 543 spiritualia
1782 483 1947 542 opera
1979 474 2260 536 exercent,
2295 476 2353 526 et
2383 483 2636 542 possunt

597 559 735 616 alias
765 559 912 616 licite
941 559 1129 616 vivere
1156 575 1323 633 quam
1350 559 1421 616 de
1446 558 1632 615 labore
1668 575 1947 625 manuum,
1974 573 2083 615 non
2128 564 2389 615 tenentur
2430 561 2629 616 mani-

598 647 701 704 bus
731 647 1000 705 laborare.

671 737 827 792 Unde
881 737 1327 808 distinguendum
1369 737 1587 793 videtur
1624 738 1692 792 de
1733 736 1989 809 operibus
2033 736 2439 810 spiritualibus.
2480 739 2631 794 Sunt

601 824 746 879 enim
775 825 1028 897 quasdam
1067 825 1207 881 bona
1236 824 1545 898 spiritualia
1572 841 1699 898 quae
1736 826 1789 881 in
1818 825 2021 881 bonum
2048 841 2341 881 commune
2368 823 2584 882 cedunt
2610 843 2625 894 ;

599 913 852 984 quaedam
880 929 1008 970 vero
1043 930 1168 987 quae
1209 913 1278 970 ad
1317 914 1649 984 singularem
1676 913 1977 987 perfectum
2012 914 2267 971 facientis
2306 916 2617 988 pertinent.

598 1001 690 1056 Eis
713 1010 898 1058 autem
929 1001 1024 1075 qui
1053 1003 1108 1057 in
1133 1002 1512 1074 spiritualibus
1542 1003 1797 1074 operibus
1839 1012 2175 1075 occupantur
2215 1002 2286 1058 ad
2312 1003 2623 1060 utilitatem

598 1101 942 1147 communem
970 1091 1389 1164 pertinentibuS,
1421 1090 1583 1147 debet
1612 1090 1888 1163 provideri
1914 1092 1984 1147 ab
2008 1091 2090 1147 his
2119 1107 2356 1165 quorum
2384 1093 2621 1149 utilitati

599 1180 952 1250 deserviunt3
979 1183 1122 1253 quod
1161 1186 1314 1253 patet
1352 1197 1447 1252 per
1484 1179 1867 1236 auctoritatem
1898 1179 1919 1236 1
1950 1181 2016 1236 ad
2044 1181 2292 1237 Corinth.
2338 1197 2423 1248 lx,
2454 1187 2485 1237 2
2520 1200 2534 1236 ε
2564 1182 2623 1237 Si

597 1285 692 1324 iios
719 1269 864 1324 vobis
899 1269 1216 1342 spiritualia
1253 1270 1593 1333 seminamus,
1621 1285 1872 1340 maguum
1910 1277 1985 1325 est
2006 1285 2027 1336 ‚·
2050 1269 2097 1323 si
2141 1269 2393 1324 carnalia
2428 1278 2617 1327 vestra

595 1357 892 1413 metamus?
923 1359 1036 1413 Hoc
1059 1358 1227 1413 etiam
1267 1365 1420 1430 patet
1456 1373 1553 1429 per
1576 1357 1876 1426 rationem3
1904 1357 2036 1429 quia
2066 1357 2278 1414 utilitas
2306 1359 2619 1430 spiritualis

595 1446 886 1519 praefertur
910 1445 1200 1519 corporali.
1235 1445 1329 1500 Eis
1351 1450 1540 1500 autem
1578 1446 1669 1518 qui
1704 1445 1932 1501 utilitati
1961 1446 2235 1501 communi
2264 1446 2611 1507 deserviunt.

597 1536 650 1590 in
679 1535 1070 1607 temporalibus
1085 1534 1315 1591 debetur
1338 1534 1669 1590 sustentatio
1685 1550 1751 1590 ex
1772 1533 1992 1607 proprio
2018 1534 2222 1602 labore,
2246 1551 2359 1608 quo
2378 1537 2613 1591 utilitati

595 1625 960 1679 deserviunt:
1006 1624 1150 1680 sicut
1196 1629 1349 1695 patet
1393 1623 1463 1678 de
1501 1622 1784 1687 militibus,
1831 1624 1924 1695 qui
1970 1638 2067 1694 pro
2108 1638 2245 1695 pace
2289 1625 2613 1696 reipublicae

603 1712 838 1768 militant
862 1731 876 1780 ;
899 1713 1086 1768 undel
1117 1713 1239 1768 Cor.
1270 1728 1353 1777 lx,
1386 1713 1421 1766 7
1454 1729 1467 1767 :
1498 1711 1627 1777 Quis
1660 1711 1863 1768 militat
1883 1712 1995 1766 suis
2020 1711 2300 1783 stipendiis
2322 1729 2565 1786 unquam
2585 1717 2613 1769 ?

599 1801 752 1856 Unde
778 1801 950 1856 multo
983 1799 1160 1870 magis
1195 1800 1290 1872 qui
1319 1801 1371 1854 in
1402 1799 1779 1872 spiritualibus
1807 1800 2009 1854 bonum
2038 1809 2380 1872 promovent,
2418 1804 2473 1856 in
2518 1804 2612 1858 tali

599 1887 904 1942 ministerio
939 1886 1232 1942 sustentari
1273 1893 1521 1958 possunt,
1550 1894 1605 1943 et
1633 1888 1713 1943 sic
1741 1903 1847 1943 non
1890 1894 2142 1944 tenentur
2168 1889 2424 1946 manibus
2452 1891 2612 1946 labo-

563 1993 570 1998 ·
605 1990 749 2031 rare.

666 2065 803 2120 Sunt
839 2070 1023 2120 autem
1052 2067 1286 2135 quatuor
1323 2078 1491 2135 opera
1519 2063 1845 2136 spiritualia,
1878 2064 2078 2137 quibus
2114 2068 2427 2124 communis
2456 2071 2612 2125 utili-

598 2159 682 2207 tas
719 2159 1084 2224 promovetur,
1132 2158 1188 2207 et
1223 2168 1289 2207 ex
1331 2151 1437 2206 hoc
1465 2151 1545 2206 eis
1586 2151 1858 2223 stipendia
1901 2146 2186 2209 debentur.
2240 2157 2483 2213 Primum
2530 2168 2613 2215 est

598 2241 883 2313 occupatio
928 2241 981 2295 in
1013 2241 1238 2312 judiciis
1265 2239 1654 2296 ecclesiasticis
1692 2242 2024 2313 exequendis
2066 2258 2078 2296 ε
2119 2243 2323 2300 dicitur
2352 2249 2497 2300 enim
2542 2250 2609 2302 aiil

597 2331 756 2385 Rom.
782 2345 913 2394 xm,
943 2332 995 2395 6,
1024 2328 1092 2385 de
1115 2335 1390 2402 potestate
1414 2327 1686 2398 saeeulari,
1718 2345 1843 2400 quae
1865 2329 2135 2400 judicium
2162 2335 2429 2388 saeculare
2454 2320 2613 2390 exer-

597 2425 685 2475 cet
717 2435 730 2472 :
769 2419 892 2473 Ideo
934 2424 984 2473 et
1013 2417 1219 2472 tributa
1254 2416 1549 2488 praestatis,
1580 2416 1791 2473 scilicet
1810 2418 2087 2488 judicibus
2133 2436 2145 2474 ε
2188 2421 2442 2477 ministri
2470 2422 2612 2479 euim

602 2507 698 2563 Dei
719 2515 846 2564 sunt
870 2506 927 2561 in
953 2507 1044 2562 hoc
1071 2506 1263 2578 ipsum,
1294 2505 1581 2561 servientes
1608 2505 1767 2560 vobis.
1796 2506 1863 2560 Et
1894 2517 2114 2580 propter
2142 2508 2247 2564 hoc
2270 2513 2610 2581 Augustinus

598 2597 730 2653 dicit
755 2597 812 2652 in
840 2595 935 2651 lib.
966 2595 1034 2650 do
1062 2594 1316 2666 operibus
1344 2593 1750 2660 monachorum,
1785 2595 1929 2666 quod
1956 2596 2157 2652 debent
2184 2613 2449 2655 manuum
2476 2618 2611 2672 ope-

598 2685 748 2739 ribus
784 2685 1036 2740 insistere
1075 2683 1151 2738 illi
1181 2683 1470 2738 dumtaxat
1498 2682 1592 2755 qui
1632 2681 1703 2738 ab
1729 2677 2115 2738 ecclesiasticis
2156 2690 2610 2757 occupationibus

595 2779 823 2840 vacant3
851 2770 1078 2826 unde‘et
1107 2786 1166 2825 se
1187 2777 1415 2826 excusat
1444 2787 1475 2826 a
1504 2771 1687 2826 labore
1726 2786 1984 2826 manuum
2030 2779 2251 2844 propter
2272 2775 2485 2844 judicia
2516 2797 2611 2834 ec·-

563 2925 567 2929 ,
597 2858 922 2925 clesiastica,
965 2857 1162 2930 quibus
1187 2859 1577 2930 occupabatur,
1607 2859 1794 2914 dicens
1821 2851 1833 2912 ὲ
1872 2859 2195 2931 Quamquam
2218 2861 2393 2917 dicere
2420 2883 2610 2936 possu-

597 2963 730 3012 mus,
760 2946 896 3015 Quis
927 2946 1125 3001 militat
1151 2947 1266 3000 suis
1295 2946 1583 3018 stipendiis
1622 2947 1906 3019 unquam?
1945 2955 2075 3014 etc„
2108 2955 2287 3004 tamen
2318 2951 2610 3011 Dominum

597 3043 838 3092 nostrum
871 3034 1046 3090 Iesum
1077 3033 1349 3090 Christum
1383 3041 1561 3090 testem
1596 3035 1777 3090 invoco
1802 3051 1961 3107 super
1988 3037 2223 3091 animam
2256 3055 2611 3114 meam,·qno-

597 3126 745 3180 iiiam
771 3129 1028 3196 quantum
1055 3122 1124 3176 ad
1149 3139 1315 3177 meum
1341 3122 1535 3180 attinet
1566 3122 1906 3189 commodum,
1937 3125 2101 3180 niutto
2126 3126 2337 3182 multem
2364 3147 2465 3200 per
2492 3133 2609 3186 siu-

596 3213 740 3284 9ulos
785 3213 906 3266 dies
963 3211 1122 3267 certis
1169 3210 1334 3274 horis,
1383 3217 1641 3284 quantum
1687 3209 1744 3265 in
1788 3210 1910 3267 bene
1938 3213 2225 3268 moderatis
2265 3222 2610 3276 monasteriis

597 3299 936 3355 constitutum
978 3306 1074 3363 est,
1113 3298 1320 3369 aliquid
1350 3297 1573 3370 operari
1606 3298 1875 3365 manibus,
1924 3308 1974 3357 et
2016 3309 2187 3358 certas
2224 3303 2391 3360 horas
2420 3307 2609 3364 habere

598 3387 668 3441 ad
699 3386 961 3442 orandum
1003 3394 1051 3445 et
1093 3386 1383 3458 leuandum,
1429 3381 1527 3442 aut
1552 3385 1762 3457 aliquid
1790 3387 1852 3442 de
1880 3388 2080 3446 divinis
2119 3391 2324 3446 litteris
2350 3397 2608 3466 aqeudum

597 3475 813 3540 liberas,
864 3491 1020 3546 quam
1067 3475 1567 3530 tumultuosissimas
1597 3475 1979 3546 perpleaeitates
2024 3478 2263 3534 aliatum
2324 3499 2609 3540 causatum

593 3565 714 3637 pati
741 3564 801 3617 de
828 3563 1054 3635 neyotiis
1078 3563 1444 3626 soeeutaribus,
1476 3563 1554 3617 vet
1572 3563 1864 3634 judicando
1890 3564 2231 3632 dirimendis,
2262 3571 2343 3624 vet
2372 3571 2610 3628 interve-

597 3653 790 3708 niendo
827 3651 1216 3724 principiendis.
1261 3651 1572 3707 Secundum
1616 3667 1753 3724 opus
1791 3654 2073 3725 spirituale
2113 3658 2261 3728 quod
2307 3658 2365 3713 in
2410 3661 2609 3718 bonum

598 3757 884 3796 commune
919 3739 1208 3806 redundat,
1239 3747 1323 3794 est
1352 3754 1489 3812 opus
1533 3741 1955 3812 praedicationis,
2001 3759 2109 3815 quo
2152 3745 2365 3802 fructus
2396 3751 2610 3806 anima-

598 3845 719 3883 rum
746 3830 795 3883 in
828 3828 1024 3901 populo
1051 3835 1402 3900 procreatur-3
1428 3834 1484 3882 et
1510 3825 1650 3893 ideo,
1679 3837 1739 3883 ut
1768 3830 1969 3885 dicitur
1995 3831 2016 3885 1
2041 3832 2108 3887 ad
2134 3833 2383 3889 Corinth.
2408 3852 2491 3900 rx,
2520 3841 2607 3909 ⁴4,

600 3914 862 3970 Dominus
887 3914 1162 3969 ordinavit
1199 3914 1281 3968 tiis
1317 3915 1411 3985 qui
1452 3916 1804 3987 Evanqetium
1832 3918 2183 3986 anituntiaut,
2213 3921 2276 3976 de
2317 3923 2611 3996 Evanqetio
