2800 4492
388 327 504 388 268
862 340 916 387 s.
959 339 1191 385 ‘monac
1230 337 1557 391 neomutus
1598 339 1912 388 croscum

389 456 948 516 excommunicatione
977 456 1145 514 etiam
1172 456 1316 512 inter
1337 457 1545 530 peritos
1569 462 1655 513 est
1679 457 1900 515 diversa
1936 446 2231 531 sententia,
2266 462 2447 536 qui-

388 549 617 606 busdam
647 545 954 606 dicentibus
983 561 1076 603 eos
1113 547 1613 603 excommunicatos
1651 561 1789 618 esse,
1824 554 1879 604 et
1922 547 2062 616 aliis,
2090 567 2196 607 non
2234 568 2382 608 esse
2411 569 2435 620 3

389 639 451 692 40
481 637 627 694 circa
664 635 1007 693 collationem
1039 633 1458 705 beneficiorum3
1487 641 1672 692 utrum
1713 636 1973 708 praelatus
2017 637 2278 698 Ecclesiae
2324 641 2437 696 li-

388 727 498 782 cite
527 726 700 799 possit
728 725 858 780 dare
887 723 1212 802 beneficium
1245 724 1651 794 consanguineo
1680 740 1779 781 suo
1813 726 2009 784 idoneo
2034 726 2310 798 existenti,
2356 730 2429 787 si

369 805 546 887 'aequa
573 812 839 872 facilitate
862 818 1116 869 occurrat
1141 812 1191 867 ei
1217 809 1357 869 alius
1386 811 1561 884 magis
1585 810 1832 872 idoneus.

1051 990 1508 1052 *ARTICULUS
1567 991 1710 1054 ΧΠ.

401 1131 620 1196 Utrum
656 1129 936 1192 subditus
985 1133 1256 1190 teneatur
1281 1128 1545 1190 revelare
1578 1127 1835 1207 prealato
1856 1131 2235 1210 preacipienti
2261 1133 2406 1196 ori-

467 1237 596 1281 men
621 1218 918 1280 occultum
940 1216 1178 1280 fratris.
1199 1249 1278 1262 —-
1295 1216 1465 1296 (Art.
1490 1217 1598 1291 16;
1622 1221 1679 1279 et
1696 1220 1754 1290 4,
1784 1218 1929 1281 dist.
1958 1221 2057 1293 2-1,
2090 1226 2299 1300 quaest.
2326 1223 2396 1297 l,

469 1313 590 1370 art.
624 1308 694 1381 23
727 1307 798 1368 de
824 1305 1016 1379 Mala,
1049 1312 1259 1387 quaest.
1297 1307 1393 1378 15,
1428 1310 1549 1367 art.
1586 1307 1643 1380 l,
1676 1306 1756 1368 ad
1782 1306 1869 1386 5).

457 1441 537 1497 Ad
569 1441 804 1514 primum
827 1439 907 1494 sic
935 1438 1267 1512 procedItur.
1300 1437 1528 1494 Videtur
1557 1438 1701 1512 quod
1729 1437 1978 1496 subditus
2000 1457 2107 1497 non
2138 1448 2397 1499 teneatur

280 1574 287 1584 .
386 1529 606 1586 obedire
634 1527 862 1603 praelato
892 1525 1229 1600 praecipienti
1255 1525 1645 1583 revelationem
1669 1527 1915 1584 criminis
1944 1529 2165 1586 occulti.
2196 1531 2397 1588 Nullus

387 1619 532 1674 enim
557 1623 771 1673 tenetur
795 1615 1016 1671 obedire
1038 1615 1200 1671 alicui
1231 1615 1284 1669 in
1301 1614 1414 1670 -hoc
1438 1613 1582 1686 quod
1614 1631 1722 1670 non
1750 1615 2001 1673 subditur
2022 1620 2138 1688 ejus
2155 1619 2393 1690 judicio.

386 1707 490 1764 Sed
547 1705 760 1762 occulta
821 1721 924 1759 non
990 1703 1296 1760 subduntur
1339 1705 1548 1775 judicio
1596 1703 1855 1772 humano,
1888 1706 1983 1762 sed
2036 1707 2135 1762 soli
2178 1709 2394 1780 judicio

386 1796 590 1850 divino,
635 1795 777 1864 Ergo
814 1793 961 1849 circa
1004 1808 1191 1849 eorum
1237 1792 1627 1849 revelationem
1678 1793 1857 1850 nullus
1911 1800 2126 1852 tenetur
2167 1796 2396 1856 obedire

386 1883 615 1958 praelato
634 1881 994 1954 praecipienti.
1806 1923 1811 1926 .

456 1970 562 2027 Sed
591 1975 782 2025 contra
820 1974 903 2024 est
949 1968 1094 2042 quod
1129 1968 1388 2041 praelatus
1424 1970 1483 2025 in
1520 1970 1760 2044 capitulo
1787 1971 2165 2044 religiosorum
2206 1984 2394 2050 potest

389 2059 683 2133 praecipere
713 2057 766 2112 id
792 2057 860 2113 de
881 2073 988 2130 quo
1007 2057 1176 2129 judex
1207 2057 1489 2114 saecularis
1519 2058 1603 2116 vel
1631 2059 2035 2118 ecclesiasticus
2060 2070 2240 2134 potest
2269 2067 2394 2122 exi-

389 2164 516 2220 gere
551 2149 946 2219 juramentum.
973 2145 1078 2204 Sed
1122 2146 1449 2220 quandoque
1485 2139 1655 2219 judex
1684 2149 1963 2207 saecularis
1986 2151 2071 2207 vel
2096 2152 2393 2212 ecclesias-

389 2238 530 2293 ticus
555 2236 722 2307 exigit
740 2236 1110 2308 juramentum
1136 2235 1204 2292 ab
1229 2235 1435 2308 aliquo,
1471 2243 1529 2291 ut
1556 2237 1761 2292 revelet
1789 2236 1844 2292 id
1877 2233 2022 2309 quod
2057 2241 2163 2295 scit
2187 2241 2255 2297 de
2284 2243 2394 2300 ali-

387 2341 495 2400 quo
519 2323 752 2390 occulto,
783 2329 842 2378 ut
867 2323 1002 2380 dicit
1032 2323 1286 2396 quaedam
1311 2323 1612 2380 Decretalis
1647 2323 1715 2380 de
1738 2325 2191 2399 PurgationibuS.
2225 2330 2390 2404 Erg0,

386 2413 504 2488 pari
543 2412 773 2479 ratione,
819 2412 936 2484 ipso
982 2412 1240 2484 praelatus
1283 2411 1338 2467 in
1389 2410 1629 2482 capitulo
1673 2419 1854 2484 potest
1905 2415 2072 2470 etiam
2122 2417 2393 2489 religiosis

387 2501 682 2576 praecipere
707 2501 761 2556 in
789 2501 990 2556 virtute
1019 2500 1191 2573 ipsius
1219 2499 1566 2567 obed‘ientiae,
1596 2507 1651 2556 ut
1682 2500 1869 2558 dicant
1894 2503 1942 2558 ei
1973 2504 2018 2560 si
2050 2505 2181 2578 quid
2209 2507 2393 2565 sciunt

387 2591 454 2646 de
481 2591 663 2662 aliquo
692 2588 922 2645 crimine
944 2587 1180 2645 occulto·

456 2677 777 2749 Respondeo
822 2676 1134 2743 dicendum,
1186 2675 1329 2749 quod
1377 2682 1664 2749 peccatum
1706 2677 1995 2752 dupliciter
2040 2688 2221 2754 potest
2272 2701 2391 2742 esse

387 2765 683 2822 occultum.
713 2765 833 2821 Uno
861 2764 1022 2820 modo
1050 2762 1406 2837 simplicitcr3
1439 2765 1516 2823 ita
1553 2765 1764 2823 scilicet
1811 2768 1955 2841 quod
1994 2769 2063 2825 ad
2094 2770 2393 2830 multorum

387 2853 641 2910 notitiam
670 2850 816 2906 nullo
859 2850 1020 2907 modo
1049 2851 1327 2924 pervenit3
1359 2857 1413 2908 et
1447 2852 1555 2908 tale
1583 2862 1867 2926 peccatum
1910 2857 2184 2914 occultum
2230 2869 2391 2918 nocet

387 2941 488 2998 soli
536 2939 790 3009 facienti3
832 2945 888 2995 et
926 2939 1049 2996 ideo
1085 2939 1179 3012 qui
1225 2939 1351 2996 tale·
1381 2947 1669 3014 peccatum
1716 2943 1989 3000 occultum
2032 2946 2221 3003 fratris
2262 2950 2387 3018 scit,

385 3029 560 3086 solum
585 3029 686 3086 hoc
715 3027 877 3084 debet
906 3025 1188 3083 intendere
1213 3035 1273 3083 ut
1305 3025 1493 3084 fratris
1520 3030 1798 3101 peccantis
1825 3030 2057 3088 salutem
2101 3043 2389 3108 procurct;

386 3119 529 3174 unde
556 3119 840 3174 institutus
869 3119 953 3173 est
979 3131 1012 3172 a
1052 3115 1284 3172 Domino
1330 3117 1464 3172 ordo
1508 3119 1865 3175 correctionis
1892 3119 2149 3180 fraternae
2176 3125 2390 3195 (Matth.

386 3206 572 3276 xvtu),
602 3194 671 3261 ut‘
691 3205 867 3278 primo
892 3204 1114 3279 quidem
1145 3203 1408 3284 corripiat
1431 3203 1629 3277 aliquis
1658 3205 1882 3263 fratrem
1911 3211 2123 3267 occulte
2150 3229 2393 3284 peccan-

388 3299 498 3348 tem
523 3293 665 3347 inter
692 3307 749 3346 se
775 3298 830 3346 et
858 3292 1036 3363 ipsum
1063 3290 1275 3360 solum3
1306 3292 1654 3364 postmodum
1696 3295 1954 3352 adhibeat
1980 3297 2117 3354 duos
2154 3299 2237 3356 vel
2278 3309 2393 3359 tres

389 3386 590 3448 testes;
618 3389 672 3436 et
699 3387 827 3437 tunc
849 3379 1088 3446 tandem,
1121 3382 1168 3436 si
1197 3395 1304 3436 non
1329 3381 1655 3454 corrigatur,
1690 3382 1839 3440 dicat
1879 3385 2171 3456 Ecclesiae3
2200 3398 2394 3448 contra

387 3485 553 3543 quem
576 3469 820 3524 ordinem
850 3468 896 3523 si
919 3467 1178 3540 praelatus
1203 3467 1485 3540 praecipiat
1505 3477 1567 3525 ut
1594 3478 1879 3542 peccatum
1905 3473 2092 3531 fratris
2117 3477 2394 3536 occultum

386 3559 436 3614 ei
467 3557 699 3624 dicatur,
733 3573 838 3613 non
865 3563 948 3612 est
972 3555 1354 3624 obediendum,
1383 3563 1439 3614 et
1463 3558 1578 3631 ipse
1602 3568 1795 3631 peccat
1820 3561 2186 3636 praecipicndo
2216 3583 2229 3620 2
2258 3566 2393 3639 quia

386 3653 602 3722 oportet
647 3647 758 3702 Deo
799 3646 972 3718 magis
1016 3661 1181 3718 quarn
1214 3644 1525 3702 hominibus
1566 3646 1786 3706 obedire
1818 3651 1961 3721 (Act.
1993 3653 2097 3723 ιιι).
2124 3653 2181 3710 Si
2206 3660 2395 3712 autem

385 3742 671 3809 peccatum
700 3734 884 3791 fratris
915 3749 1021 3790 non
1057 3733 1130 3789 sit
1162 3733 1298 3792 adeo
1327 3734 1603 3792 occultum
1640 3736 1773 3809 quin
1816 3754 1912 3810 per
1954 3739 2168 3813 aliquas
2210 3743 2397 3814 suspi-

385 3823 570 3879 ciones
590 3825 643 3879 in
670 3822 1034 3880 multitudinis
1071 3823 1324 3878 notitiam
1347 3824 1550 3890 veniat.
1581 3825 1725 3881 unde
1756 3825 2051 3885 multorum
2075 3829 2399 3889 scandalum

385 3911 623 3980 ’oriatur3
646 3902 1078 3982 jam'peccatum
1114 3923 1220 3966 non
1257 3909 1434 3965 solum
1474 3917 1633 3968 nocet
1674 3911 1773 3983 illi,
1796 3914 1891 3971 sed
1935 3916 2141 3974 multis.
2168 3917 2237 3975 Et
2262 3921 2399 3992 quia
