2800 4492
574 381 692 444 148
1051 395 1103 441 ε.
1148 395 1380 442 mona
1420 393 1749 448 sommus
1789 394 2099 442 opuscuu

573 515 788 584 rorum,
810 519 872 571 ut
896 513 1120 572 liberius
1146 519 1304 570 vacet
1334 511 1419 570 bis
1440 527 1567 586 quae
1591 511 1693 568 Dei
1718 517 1879 580 sunt3
1903 512 2045 568 unde
2072 511 2388 584 hujusmodi
2410 514 2593 588 magis

559 610 703 665 «sunt
723 603 976 676 quaedam
999 601 1347 678 perfectionis
1368 601 1758 670 instrumenta;
1782 607 2002 673 propter
2026 601 2173 675 quod
2197 601 2587 677 Hieronymus,

576 707 850 766 exponens
877 690 1012 750 illud
1057 691 1281 750 verbum
1318 689 1467 747 Petri
1496 689 1750 760 dicentis,
1780 689 1974 746 Matth.
2006 705 2131 758 xix,
2166 691 2235 748 27
2274 707 2287 745 ε
2321 690 2459 748 Eece
2496 709 2593 749 nos

574 780 888 854 reliquimus
911 779 1109 848 omnia,
1135 786 1184 837 et
1206 778 1368 837 secuti
1395 791 1579 836 sumus
1603 785 1673 844 te,
1703 777 1856 845 dicit,
1885 777 2033 852 quod
2061 794 2169 836 non
2194 779 2397 837 sufficit
2430 783 2591 838 Petro

575 870 757 928 dicere
785 887 800 927 ι
851 871 977 928 Ecce
1000 886 1096 928 nos
1120 867 1435 942 reliquimus
1462 866 1682 937 omnia3
1724 867 1820 924 sed
1863 866 2078 925 addidit
2106 868 2253 942 quod
2282 867 2590 942 perfectum

573 967 659 1018 est
692 977 707 1016 ι
739 960 814 1017 Et
833 958 995 1016 secuti
1016 975 1196 1016 suiuus
1223 965 1290 1016 te.
1319 957 1661 1030 Quicumque
1687 971 1818 1030 ergo
1835 955 1925 1014 vel
1950 955 2317 1014 voluntariam
2346 975 2589 1032 pauper-

574 1054 748 1105 tatem
778 1048 862 1105 vel
885 1049 1210 1112 castitatem.
1223 1052 1463 1113 servant,
1492 1045 1694 1102 habent
1721 1045 1945 1120 quidem
1974 1047 2431 1120 praeparatorium
2456 1066 2589 1122 per-

572 1136 844 1206 fectionis,
884 1137 980 1194 sed
1010 1153 1116 1197 non
1159 1138 1423 1194 dicuntur.
1454 1133 1657 1194 habere
1684 1140 1891 1192 statum
1930 1133 2299 1207 perfectionis,
2346 1137 2455 1192 nisi
2491 1139 2591 1210 qui

571 1241 634 1284 se
671 1242 740 1283 ex
773 1225 1000 1284 solemni
1029 1225 1364 1300 professione
1406 1223 1477 1282 ad
1521 1221 1833 1296 hujusmodi
1861 1221 2127 1294 obligant.
2174 1222 2400 1297 Aliquid
2442 1227 2591 1282 enim

573 1315 814 1374 solemne
841 1321 898 1372 et
924 1323 1248 1388 perpetuum
1273 1312 1477 1370 dicitur
1504 1311 1706 1368 habere
1730 1315 1971 1382 statum3
2001 1311 2149 1376 sicut,
2172 1318 2326 1385 patet
2355 1313 2413 1370 in
2436 1321 2591 1373 statu

575 1403 844 1463 libertatis
872 1404 956 1462 vel
981 1403 1336 1469 matrimonii,
1362 1408 1419 1458 et
1446 1401 1731 1457 similium.
1760 1400 1883 1458 Alio
1910 1416 2042 1458 vero
2068 1400 2231 1459 modo
2260 1401 2471 1475 aliquid
2506 1412 2591 1461 est

573 1509 846 1552 annexum
868 1492 1188 1569 perfectioni
1205 1491 1457 1550 caritatis
1480 1496 1543 1547 ut
1569 1491 1827 1559 effectus;
1854 1494 1915 1545 ut
1938 1489 2149 1547 scilicet
2168 1490 2369 1564 aliquis
2396 1507 2589 1550 curam

574 1583 878 1640 animarum
903 1580 1204 1656 suscipiat;
1228 1584 1312 1636 est
1331 1579 1477 1636 enim
1506 1577 1764 1652 perfectae
1788 1576 2039 1634 caritatis
2058 1587 2117 1635 ut
2140 1578 2340 1654 aliquis
2362 1591 2585 1654 propter

571 1671 672 1726 Dei
699 1686 942 1727 amorem
964 1668 1350 1743 praetermittat
1387 1667 1733 1724 dulcedinem
1763 1667 2205 1741 contemplativ'ae
2230 1670 2380 1737 vitae,
2420 1687 2591 1742 quam

571 1759 748 1830 magis
775 1764 1005 1824 amaret,
1036 1764 1092 1814 et
1121 1756 1356 1830 accipiat
1385 1755 1585 1812 activae
1613 1756 1743 1814 vitae
1766 1757 2155 1828 occupationes
2182 1759 2251 1816 ad
2277 1774 2589 1832 procuran-

572 1849 704 1904 dum
725 1847 1092 1920 proximorum
1112 1844 1364 1904 salutem.
1388 1843 1727 1916 Quicumque
1753 1861 1882 1918 ergo
1904 1846 2007 1904 hoc
2028 1847 2188 1903 modo
2208 1847 2373 1906 saluti
2394 1851 2589 1922 proxi-

573 1950 787 1994 morum
810 1935 1062 2002 intendit,
1089 1934 1253 1993 babet
1281 1933 1507 2010 quidem
1530 1933 1769 2006 aliquem
1793 1934 2145 2006 perfectionis
2173 1937 2446 2004 effectum,
2490 1939 2591 1996 sed

573 2040 680 2081 non
722 2023 886 2098 habet
915 2023 1264 2097 perfectionis
1303 2030 1512 2080 statum
1550 2023 1655 2080 nisi
1703 2022 2019 2096 Episcopus,
2054 2023 2149 2098 qui
2192 2040 2317 2081 cum
2346 2026 2593 2098 quadam

569 2115 798 2172 solemni
843 2113 1254 2184 consecratione
1303 2111 1533 2185 suscipit
1588 2111 1895 2168 animarum
1942 2127 2149 2169 curam.
2195 2115 2592 2186 ,Archidiaconi

570 2215 702 2260 vero
729 2211 794 2259 et.
815 2202 1154 2275 parochiales
1190 2200 1713 2276 presbyteri.magis
1754 2197 1957 2256 habent
1998 2202 2289 2260 commissa
2328 2205 2593 2277 quaedam

571 2289 749 2350 officia
778 2293 945 2370 quam
973 2291 1118 2365 quod
1157 2306 1252 2364 per
1281 2290 1384 2348 hoc
1413 2289 1469 2345 in
1506 2288 1691 2361 aliquo
1728 2288 2084 2363 perfectionis
2110 2299 2259 2348 statu
2289 2301 2589 2366 ponantur.

570 2374 684 2438 Soli
725 2396 858 2454 ergo
905 2369 1142 2452 religiosi
1189 2386 1246 2436 et
1291 2379 1547 2452 Episcopi
1589 2377 1846 2433 dicuntur
1892 2378 2141 2450 perlecti,
2174 2382 2332 2453 quasi
2377 2390 2596 2442 statum

571 2467 920 2540 perfectionis
949 2468 1240 2542 babentes3
1283 2467 1425 2524 unde
1450 2465 1690 2544 religiosi
1732 2465 1867 2522 fiunt
1888 2465 2179 2544 Episcopi,
2211 2471 2309 2526 sed
2336 2486 2445 2526 non
2476 2475 2591 2528 Ar·

570 2556 878 2616 obidiaconi
905 2555 990 2615 vel
1025 2556 1261 2630 plebani.
1291 2556 1429 2612 Cum
1470 2570 1601 2628 ergo
1643 2553 1845 2612 dicitur
1874 2557 2019 2627 quod
2058 2557 2283 2628 perfecti
2330 2567 2593 2618 tenentur

571 2644 643 2702 ad
668 2647 723 2701 id
749 2645 897 2718 quod
917 2645 1113 2720 melius
1135 2650 1238 2710 est,
1267 2659 1457 2700 verum
1480 2649 1567 2700 est
1591 2643 1638 2700 si
1665 2642 2001 2716 intelligatur
2019 2645 2087 2701 de
2109 2645 2194 2704 his
2213 2647 2309 2720 qui
2328 2648 2591 2708 dicuntur

571 2733 798 2805 perfecti
822 2740 1044 2807 propter
1062 2727 1453 2806 perfectionem
1471 2731 1742 2789 caritatis,
1766 2734 2089 2806 Hujusmodi
2111 2735 2257 2792 enim
2273 2736 2589 2812 obligantur

573 2837 644 2879 ex
670 2821 792 2894 lege
819 2822 1084 2890 interiori,
1117 2817 1242 2894 q'uae
1269 2815 1581 2894 inclinando
1606 2821 1840 2894 obligat3
1868 2823 2011 2881 unde
2046 2823 2116 2882 ad
2142 2824 2247 2882 hoc
2272 2827 2587 2900 obligantur

573 2911 874 2968 secundum
913 2926 1222 2968 mensuram
1268 2909 1793 2983 suaegperfectionis,
1840 2912 1985 2984 quod
2020 2911 2269 2986 implent,
2296 2917 2352 2974 Si
2398 2928 2587 2978 autem

573 3000 911 3072 intelligatur
955 2999 1024 3057 de
1064 2999 1150 3056 his
1193 2999 1292 3072 qui
1334 2999 1593 3056 dicuntur
1636 2998 1863 3074 perfecti
1906 3009 2129 3075 propter
2169 3009 2400 3068 statum,
2440 3009 2587 3082 sicut
2638 3013 2649 3022 '

569 3088 826 3166 Episcopi
854 3096 908 3148 et
937 3088 1197 3162 religiosi,
1225 3096 1443 3162 non-est
1474 3103 1683 3145 verum.
1722 3090 1847 3146 Non
1868 3090 2015 3148 enim
2047 3097 2302 3150 tenentur
2328 3095 2586 3172 Episcopi

571 3179 676 3235 nisi
702 3179 772 3236 ad
797 3195 864 3238 ea
898 3179 970 3240 ad
998 3195 1124 3252 quae
1149 3195 1211 3236 se
1246 3177 1494 3236 extendit
1518 3193 1651 3236 cura
1683 3177 1891 3250 recepti
1918 3177 2233 3251 regiminis;
2261 3191 2318 3240 et
2343 3185 2589 3257 religiosi

570 3281 682 3324 non
706 3272 957 3322 tenentur
982 3267 1086 3322 nisi
1120 3265 1190 3323 ad
1218 3281 1282 3324 ea
1313 3265 1382 3322 ad
1408 3281 1533 3338 quae
1561 3264 1869 3338 obligantur
1896 3282 1965 3323 ex
1986 3273 2115 3325 voto
2138 3283 2255 3327 suae
2283 3273 2587 3344 professio-

570 3352 688 3424 nis;
725 3352 968 3426 alioquin
995 3360 1142 3412 esset
1182 3353 1445 3426 obligatio
1475 3353 1546 3410 ad
1588 3354 1880 3423 infinitum,
1909 3370 2035 3412 cum
2081 3363 2265 3416 tamen
2302 3369 2503 3422 natura
2530 3371 2588 3422 et

574 3458 664 3500 ars
692 3449 748 3498 et
781 3431 955 3500 omnis
981 3441 1068 3500 lex
1101 3449 1284 3500 certos
1321 3440 1583 3500 terminos
1606 3440 1865 3500 habeant.
1895 3445 2037 3502 Dato
2065 3451 2248 3503 tamen
2277 3450 2425 3521 quod
2453 3468 2589 3524 per-

572 3531 703 3588 fecti
727 3545 940 3604 semper
969 3538 1222 3588 tenentur
1250 3530 1320 3588 ad
1349 3530 1404 3588 id
1436 3531 1583 3604 quod
1611 3530 1806 3589 melius
1839 3540 1945 3602 est,
1976 3550 2085 3592 non
2112 3540 2256 3594 esset
2279 3538 2348 3593 ad
2381 3555 2588 3614 propo-

571 3619 759 3688 situm,
787 3619 930 3676 sicut
955 3635 1021 3675 ex
1047 3617 1376 3691 supradictis
1400 3625 1649 3692 apparet.

642 3697 728 3766 Ad
764 3708 988 3765 tertium
1017 3707 1328 3776 dicendum,
1361 3708 1511 3780 quod
1544 3707 1673 3766 licet
1715 3708 1977 3782 praelatus
2019 3717 2269 3770 teneatur
2300 3716 2591 3776 subditum

568 3809 731 3857 suum
767 3813 1026 3856 revocare
1062 3796 1134 3853 ab
1155 3797 1317 3857 omni
1363 3797 1527 3863 malo,
1554 3812 1662 3854 non
1692 3803 1885 3878 tamen·
1916 3806 2135 3857 tenetur
2162 3817 2291 3860 eum
2324 3805 2595 3865 inducere

570 3886 643 3942 ad
671 3902 832 3943 omne
859 3886 1072 3972 melius,
1111 3886 1242 3944 Haec
1267 3885 1433 3944 etiam
1461 3885 1607 3944 ratio
1646 3886 1703 3944 in
1731 3883 2015 3963 proposito
2045 3889 2227 3950 locum
2253 3907 2365 3954 non
2396 3893 2591 3969 babet,

569 3972 715 4034 sicut
734 3990 836 4034 nec
856 3975 996 4046 aliae,
1023 3979 1131 4033 etc.
1279 3973 1282 3978 ’
1446 3969 1453 3976 ’
