<?xml version="1.0" encoding="UTF-8"?>
<!DOCTYPE html PUBLIC "-//W3C//DTD XHTML 1.0 Transitional//EN"
    "http://www.w3.org/TR/xhtml1/DTD/xhtml1-transitional.dtd">
<html xmlns="http://www.w3.org/1999/xhtml" xml:lang="en" lang="en">
 <head>
  <title>
</title>
<meta http-equiv="Content-Type" content="text/html;charset=utf-8" />
  <meta name='ocr-system' content='tesseract 3.04.00' />
  <meta name='ocr-capabilities' content='ocr_page ocr_carea ocr_par ocr_line ocrx_word'/>
</head>
<body>
  <div class='ocr_page' id='page_1' title='image "./sthomaquinatisd00thomgoog_0568.png"; bbox 0 0 2800 4492; ppageno 0'>
   <div class='ocr_carea' id='block_1_1' title="bbox 527 378 2050 468">
    <p class='ocr_par' dir='ltr' id='par_1_1' title="bbox 527 378 2050 468">
     <span class='ocr_line' id='line_1_1' title="bbox 527 378 2050 468; baseline 0.001 -29"><span class='ocrx_word' id='word_1_1' title='bbox 527 378 644 468; x_wconf 75' lang='lat'>554</span> <span class='ocrx_word' id='word_1_2' title='bbox 1003 398 1056 441; x_wconf 76' lang='lat' dir='ltr'>a.</span> <span class='ocrx_word' id='word_1_3' title='bbox 1101 398 1332 441; x_wconf 66' lang='lat' dir='ltr'>&#39;rnoziAE</span> <span class='ocrx_word' id='word_1_4' title='bbox 1374 397 1700 447; x_wconf 59' lang='lat' dir='ltr'>nouimus</span> <span class='ocrx_word' id='word_1_5' title='bbox 1743 398 2050 442; x_wconf 61' lang='lat' dir='ltr'>oeuscmat</span> 
     </span>
    </p>
   </div>
   <div class='ocr_carea' id='block_1_2' title="bbox 1235 594 1828 673">
    <p class='ocr_par' dir='ltr' id='par_1_2' title="bbox 1235 594 1828 673">
     <span class='ocr_line' id='line_1_2' title="bbox 1235 594 1828 673; baseline -0.002 -12"><span class='ocrx_word' id='word_1_6' title='bbox 1235 594 1634 673; x_wconf 87' lang='lat' dir='ltr'>QUAESTIO</span> <span class='ocrx_word' id='word_1_7' title='bbox 1684 594 1828 661; x_wconf 91' lang='lat' dir='ltr'>VII.</span> 
     </span>
    </p>
   </div>
   <div class='ocr_carea' id='block_1_3' title="bbox 528 725 2553 1067">
    <p class='ocr_par' dir='ltr' id='par_1_3' title="bbox 528 725 2553 1067">
     <span class='ocr_line' id='line_1_3' title="bbox 597 725 2551 801; baseline -0.001 -19"><span class='ocrx_word' id='word_1_8' title='bbox 597 727 806 783; x_wconf 79' lang='lat' dir='ltr'><strong>Deinde</strong></span> <span class='ocrx_word' id='word_1_9' title='bbox 834 727 1127 801; x_wconf 79' lang='lat' dir='ltr'>quaesitum</span> <span class='ocrx_word' id='word_1_10' title='bbox 1143 733 1226 783; x_wconf 88' lang='lat' dir='ltr'>est</span> <span class='ocrx_word' id='word_1_11' title='bbox 1245 727 1314 783; x_wconf 85' lang='lat' dir='ltr'>de</span> <span class='ocrx_word' id='word_1_12' title='bbox 1343 726 1561 783; x_wconf 83' lang='lat' dir='ltr'>homine</span> <span class='ocrx_word' id='word_1_13' title='bbox 1585 734 1853 799; x_wconf 87' lang='lat' dir='ltr'>quantum</span> <span class='ocrx_word' id='word_1_14' title='bbox 1882 725 1951 782; x_wconf 90' lang='lat' dir='ltr'>ad</span> <span class='ocrx_word' id='word_1_15' title='bbox 1982 731 2251 794; x_wconf 84' lang='lat' dir='ltr'>naturam,</span> <span class='ocrx_word' id='word_1_16' title='bbox 2272 733 2551 799; x_wconf 69' lang='lat' dir='ltr'>etquen-</span> 
     </span>
     <span class='ocr_line' id='line_1_4' title="bbox 531 813 2553 889; baseline 0 -20"><span class='ocrx_word' id='word_1_17' title='bbox 531 823 645 871; x_wconf 89' lang='lat' dir='ltr'>tum</span> <span class='ocrx_word' id='word_1_18' title='bbox 669 815 736 872; x_wconf 83' lang='lat' dir='ltr'>ad</span> <span class='ocrx_word' id='word_1_19' title='bbox 776 816 1010 889; x_wconf 75' lang='lat' dir='ltr'><strong>gratiam</strong></span> <span class='ocrx_word' id='word_1_20' title='bbox 1037 822 1093 873; x_wconf 88' lang='lat' dir='ltr'>et</span> <span class='ocrx_word' id='word_1_21' title='bbox 1134 821 1398 888; x_wconf 79' lang='lat' dir='ltr'>quantum</span> <span class='ocrx_word' id='word_1_22' title='bbox 1443 816 1512 871; x_wconf 90' lang='lat' dir='ltr'>ad</span> <span class='ocrx_word' id='word_1_23' title='bbox 1542 813 1779 887; x_wconf 88' lang='lat' dir='ltr'>culpam.</span> <span class='ocrx_word' id='word_1_24' title='bbox 1808 815 1965 870; x_wconf 81' lang='lat' dir='ltr'>Circa</span> <span class='ocrx_word' id='word_1_25' title='bbox 2014 815 2247 886; x_wconf 85' lang='lat' dir='ltr'>primum</span> <span class='ocrx_word' id='word_1_26' title='bbox 2294 815 2553 887; x_wconf 78' lang='lat' dir='ltr'>quae-ita</span> 
     </span>
     <span class='ocr_line' id='line_1_5' title="bbox 528 902 2549 977; baseline -0.001 -18"><span class='ocrx_word' id='word_1_27' title='bbox 528 912 653 959; x_wconf 86' lang='lat' dir='ltr'>sunt</span> <span class='ocrx_word' id='word_1_28' title='bbox 701 905 826 962; x_wconf 86' lang='lat' dir='ltr'>tria.</span> <span class='ocrx_word' id='word_1_29' title='bbox 859 905 1038 961; x_wconf 85' lang='lat' dir='ltr'>Primo</span> <span class='ocrx_word' id='word_1_30' title='bbox 1075 912 1340 977; x_wconf 84' lang='lat' dir='ltr'>quantum</span> <span class='ocrx_word' id='word_1_31' title='bbox 1388 903 1456 959; x_wconf 86' lang='lat' dir='ltr'>ad</span> <span class='ocrx_word' id='word_1_32' title='bbox 1496 904 1754 961; x_wconf 87' lang='lat' dir='ltr'>animam.</span> <span class='ocrx_word' id='word_1_33' title='bbox 1797 902 2046 960; x_wconf 87' lang='lat' dir='ltr'>Secundo</span> <span class='ocrx_word' id='word_1_34' title='bbox 2092 903 2163 961; x_wconf 88' lang='lat' dir='ltr'>de</span> <span class='ocrx_word' id='word_1_35' title='bbox 2216 903 2549 975; x_wconf 75' lang='lat' dir='ltr'><strong>cognitione</strong></span> 
     </span>
     <span class='ocr_line' id='line_1_6' title="bbox 531 992 1649 1067; baseline 0 -19"><span class='ocrx_word' id='word_1_36' title='bbox 531 994 745 1051; x_wconf 80' lang='lat' dir='ltr'>animae.</span> <span class='ocrx_word' id='word_1_37' title='bbox 777 992 961 1049; x_wconf 80' lang='lat' dir='ltr'>Tertio</span> <span class='ocrx_word' id='word_1_38' title='bbox 988 992 1058 1050; x_wconf 85' lang='lat' dir='ltr'>de</span> <span class='ocrx_word' id='word_1_39' title='bbox 1081 993 1276 1067; x_wconf 80' lang='lat' dir='ltr'>effectu</span> <span class='ocrx_word' id='word_1_40' title='bbox 1300 992 1649 1064; x_wconf 71' lang='lat' dir='ltr'>cognitionis.</span> 
     </span>
    </p>
   </div>
   <div class='ocr_carea' id='block_1_4' title="bbox 1219 1171 1833 1234">
    <p class='ocr_par' dir='ltr' id='par_1_4' title="bbox 1219 1171 1833 1234">
     <span class='ocr_line' id='line_1_7' title="bbox 1219 1171 1833 1234; baseline 0 -1"><span class='ocrx_word' id='word_1_41' title='bbox 1219 1172 1675 1234; x_wconf 81' lang='lat' dir='ltr'><strong>ARTICULUS</strong></span> <span class='ocrx_word' id='word_1_42' title='bbox 1719 1171 1833 1233; x_wconf 89' lang='lat' dir='ltr'>IX.</span> 
     </span>
    </p>
   </div>
   <div class='ocr_carea' id='block_1_5' title="bbox 621 1291 2466 1463">
    <p class='ocr_par' dir='ltr' id='par_1_5' title="bbox 621 1291 2466 1463">
     <span class='ocr_line' id='line_1_8' title="bbox 621 1291 2466 1445; baseline -0.002 -85"><span class='ocrx_word' id='word_1_43' title='bbox 621 1295 838 1361; x_wconf 81' lang='lat' dir='ltr'><em>Utrum</em></span> <span class='ocrx_word' id='word_1_44' title='bbox 864 1294 1070 1358; x_wconf 77' lang='lat' dir='ltr'>anima</span> <span class='ocrx_word' id='word_1_45' title='bbox 1086 1295 1372 1375; x_wconf 77' lang='lat' dir='ltr'>perficiat</span> <span class='ocrx_word' id='word_1_46' title='bbox 1414 1309 1629 1445; x_wconf 47' lang='lat' dir='ltr'>corpu?</span> <span class='ocrx_word' id='word_1_47' title='bbox 1652 1292 2011 1445; x_wconf 47' lang='lat' dir='ltr'>{mmediata</span> <span class='ocrx_word' id='word_1_48' title='bbox 2043 1291 2138 1358; x_wconf 77' lang='lat' dir='ltr'>vol</span> <span class='ocrx_word' id='word_1_49' title='bbox 2162 1292 2466 1357; x_wconf 65' lang='lat' dir='ltr'>vadianto</span> 
     </span>
     <span class='ocr_line' id='line_1_9' title="bbox 1319 1399 1734 1463; baseline -0.005 -18"><span class='ocrx_word' id='word_1_50' title='bbox 1319 1399 1587 1463; x_wconf 78' lang='lat' dir='ltr'>corporet</span> <span class='ocrx_word' id='word_1_51' title='bbox 1616 1399 1654 1445; x_wconf 86' lang='lat' dir='ltr'>a</span> <span class='ocrx_word' id='word_1_52' title='bbox 1684 1400 1734 1445; x_wconf 77' lang='lat' dir='ltr'>e.</span> 
     </span>
    </p>
   </div>
   <div class='ocr_carea' id='block_1_6' title="bbox 529 1502 2547 2640">
    <p class='ocr_par' dir='ltr' id='par_1_6' title="bbox 529 1502 2547 1672">
     <span class='ocr_line' id='line_1_10' title="bbox 602 1502 2547 1583; baseline -0.003 -18"><span class='ocrx_word' id='word_1_53' title='bbox 602 1509 760 1565; x_wconf 89' lang='lat' dir='ltr'>Circa</span> <span class='ocrx_word' id='word_1_54' title='bbox 787 1507 1026 1563; x_wconf 83' lang='lat' dir='ltr'>animam</span> <span class='ocrx_word' id='word_1_55' title='bbox 1053 1506 1286 1580; x_wconf 83' lang='lat' dir='ltr'>quaesita</span> <span class='ocrx_word' id='word_1_56' title='bbox 1309 1512 1437 1561; x_wconf 84' lang='lat' dir='ltr'>sunt</span> <span class='ocrx_word' id='word_1_57' title='bbox 1460 1505 1589 1561; x_wconf 89' lang='lat' dir='ltr'>duo.</span> <span class='ocrx_word' id='word_1_58' title='bbox 1620 1507 1682 1559; x_wconf 76' lang='lat'>⁴0</span> <span class='ocrx_word' id='word_1_59' title='bbox 1707 1511 1891 1562; x_wconf 84' lang='lat' dir='ltr'>utrum</span> <span class='ocrx_word' id='word_1_60' title='bbox 1921 1503 2105 1561; x_wconf 84' lang='lat' dir='ltr'>anima</span> <span class='ocrx_word' id='word_1_61' title='bbox 2129 1502 2387 1583; x_wconf 25' lang='lat' dir='ltr'>perficiat·</span> <span class='ocrx_word' id='word_1_62' title='bbox 2410 1518 2547 1560; x_wconf 84' lang='lat' dir='ltr'>cor-</span> 
     </span>
     <span class='ocr_line' id='line_1_11' title="bbox 529 1594 1815 1672; baseline -0.005 -16"><span class='ocrx_word' id='word_1_63' title='bbox 529 1613 632 1672; x_wconf 84' lang='lat' dir='ltr'>pus</span> <span class='ocrx_word' id='word_1_64' title='bbox 659 1595 991 1661; x_wconf 87' lang='lat' dir='ltr'>immediate,</span> <span class='ocrx_word' id='word_1_65' title='bbox 1020 1594 1101 1650; x_wconf 77' lang='lat' dir='ltr'>vel</span> <span class='ocrx_word' id='word_1_66' title='bbox 1135 1594 1408 1650; x_wconf 84' lang='lat' dir='ltr'>mediante</span> <span class='ocrx_word' id='word_1_67' title='bbox 1430 1595 1815 1667; x_wconf 79' lang='lat' dir='ltr'>corporeitate.</span> 
     </span>
    </p>

    <p class='ocr_par' dir='ltr' id='par_1_7' title="bbox 531 1681 2542 2289">
     <span class='ocr_line' id='line_1_12' title="bbox 601 1681 2542 1759; baseline -0.004 -15"><span class='ocrx_word' id='word_1_68' title='bbox 601 1684 922 1759; x_wconf 78' lang='lat' dir='ltr'>Respondeo</span> <span class='ocrx_word' id='word_1_69' title='bbox 951 1683 1260 1748; x_wconf 82' lang='lat' dir='ltr'>dicendum,</span> <span class='ocrx_word' id='word_1_70' title='bbox 1293 1682 1437 1754; x_wconf 83' lang='lat' dir='ltr'>quod</span> <span class='ocrx_word' id='word_1_71' title='bbox 1467 1682 1521 1738; x_wconf 90' lang='lat' dir='ltr'>in</span> <span class='ocrx_word' id='word_1_72' title='bbox 1554 1682 1699 1738; x_wconf 87' lang='lat' dir='ltr'>nullo</span> <span class='ocrx_word' id='word_1_73' title='bbox 1727 1694 1956 1755; x_wconf 86' lang='lat' dir='ltr'>corpore</span> <span class='ocrx_word' id='word_1_74' title='bbox 1980 1689 2067 1738; x_wconf 87' lang='lat' dir='ltr'>est</span> <span class='ocrx_word' id='word_1_75' title='bbox 2097 1681 2199 1738; x_wconf 88' lang='lat' dir='ltr'>nisi</span> <span class='ocrx_word' id='word_1_76' title='bbox 2224 1698 2337 1738; x_wconf 87' lang='lat' dir='ltr'>una</span> <span class='ocrx_word' id='word_1_77' title='bbox 2362 1682 2542 1738; x_wconf 80' lang='lat' dir='ltr'>forma</span> 
     </span>
     <span class='ocr_line' id='line_1_13' title="bbox 532 1771 2539 1845; baseline -0.001 -14"><span class='ocrx_word' id='word_1_78' title='bbox 532 1773 908 1831; x_wconf 84' lang='lat' dir='ltr'>substantialis</span> <span class='ocrx_word' id='word_1_79' title='bbox 939 1791 952 1829; x_wconf 75' lang='grc' dir='ltr'><strong>ε</strong></span> <span class='ocrx_word' id='word_1_80' title='bbox 984 1773 1142 1844; x_wconf 88' lang='lat' dir='ltr'>cujus</span> <span class='ocrx_word' id='word_1_81' title='bbox 1181 1778 1266 1827; x_wconf 84' lang='lat' dir='ltr'>est</span> <span class='ocrx_word' id='word_1_82' title='bbox 1303 1773 1445 1828; x_wconf 85' lang='lat' dir='ltr'>ratio</span> <span class='ocrx_word' id='word_1_83' title='bbox 1467 1771 1684 1843; x_wconf 77' lang='lat' dir='ltr'>triplex.</span> <span class='ocrx_word' id='word_1_84' title='bbox 1717 1772 1897 1829; x_wconf 83' lang='lat' dir='ltr'>Prima</span> <span class='ocrx_word' id='word_1_85' title='bbox 1942 1778 2047 1839; x_wconf 86' lang='lat' dir='ltr'>est,</span> <span class='ocrx_word' id='word_1_86' title='bbox 2080 1772 2211 1845; x_wconf 83' lang='lat' dir='ltr'>quia</span> <span class='ocrx_word' id='word_1_87' title='bbox 2236 1772 2283 1827; x_wconf 89' lang='lat' dir='ltr'>si</span> <span class='ocrx_word' id='word_1_88' title='bbox 2330 1771 2539 1843; x_wconf 83' lang='lat' dir='ltr'>plures,</span> 
     </span>
     <span class='ocr_line' id='line_1_14' title="bbox 531 1858 2537 1937; baseline -0.002 -18"><span class='ocrx_word' id='word_1_89' title='bbox 531 1878 767 1937; x_wconf 81' lang='lat' dir='ltr'>sequens</span> <span class='ocrx_word' id='word_1_90' title='bbox 793 1878 899 1931; x_wconf 82' lang='lat' dir='ltr'>non</span> <span class='ocrx_word' id='word_1_91' title='bbox 923 1862 1029 1916; x_wconf 87' lang='lat' dir='ltr'>erit</span> <span class='ocrx_word' id='word_1_92' title='bbox 1066 1861 1237 1916; x_wconf 83' lang='lat' dir='ltr'>forma</span> <span class='ocrx_word' id='word_1_93' title='bbox 1267 1860 1661 1928; x_wconf 81' lang='lat' dir='ltr'>substantialis,</span> <span class='ocrx_word' id='word_1_94' title='bbox 1692 1876 1818 1933; x_wconf 83' lang='lat' dir='ltr'>quae</span> <span class='ocrx_word' id='word_1_95' title='bbox 1844 1860 1975 1916; x_wconf 78' lang='lat' dir='ltr'>facit</span> <span class='ocrx_word' id='word_1_96' title='bbox 2013 1876 2133 1917; x_wconf 81' lang='lat' dir='ltr'>esse</span> <span class='ocrx_word' id='word_1_97' title='bbox 2177 1858 2537 1933; x_wconf 80' lang='lat' dir='ltr'>simpliciter;</span> 
     </span>
     <span class='ocr_line' id='line_1_15' title="bbox 531 1945 2538 2021; baseline -0 -16"><span class='ocrx_word' id='word_1_98' title='bbox 531 1951 628 2006; x_wconf 85' lang='lat' dir='ltr'>sed</span> <span class='ocrx_word' id='word_1_99' title='bbox 655 1948 830 2005; x_wconf 82' lang='lat' dir='ltr'>solum</span> <span class='ocrx_word' id='word_1_100' title='bbox 855 1945 1224 2012; x_wconf 86' lang='lat' dir='ltr'>accidentalis,</span> <span class='ocrx_word' id='word_1_101' title='bbox 1254 1963 1378 2019; x_wconf 84' lang='lat' dir='ltr'>quae</span> <span class='ocrx_word' id='word_1_102' title='bbox 1415 1946 1545 2003; x_wconf 77' lang='lat' dir='ltr'>facit</span> <span class='ocrx_word' id='word_1_103' title='bbox 1573 1963 1696 2004; x_wconf 83' lang='lat' dir='ltr'>esse</span> <span class='ocrx_word' id='word_1_104' title='bbox 1737 1946 1859 2004; x_wconf 82' lang='lat' dir='ltr'>hoc.</span> <span class='ocrx_word' id='word_1_105' title='bbox 1892 1950 2049 2014; x_wconf 87' lang='lat' dir='ltr'>Item,</span> <span class='ocrx_word' id='word_1_106' title='bbox 2083 1948 2130 2003; x_wconf 85' lang='lat' dir='ltr'>si</span> <span class='ocrx_word' id='word_1_107' title='bbox 2158 1947 2231 2003; x_wconf 88' lang='lat' dir='ltr'>sit</span> <span class='ocrx_word' id='word_1_108' title='bbox 2260 1948 2538 2021; x_wconf 82' lang='lat' dir='ltr'>acquisita</span> 
     </span>
     <span class='ocr_line' id='line_1_16' title="bbox 533 2034 2536 2111; baseline -0.001 -18"><span class='ocrx_word' id='word_1_109' title='bbox 533 2036 706 2095; x_wconf 80' lang='lat' dir='ltr'>forma</span> <span class='ocrx_word' id='word_1_110' title='bbox 729 2035 1122 2101; x_wconf 84' lang='lat' dir='ltr'>substantialis,</span> <span class='ocrx_word' id='word_1_111' title='bbox 1146 2050 1250 2091; x_wconf 90' lang='lat' dir='ltr'>non</span> <span class='ocrx_word' id='word_1_112' title='bbox 1279 2034 1384 2091; x_wconf 87' lang='lat' dir='ltr'>erit</span> <span class='ocrx_word' id='word_1_113' title='bbox 1414 2036 1696 2108; x_wconf 86' lang='lat' dir='ltr'>generatio</span> <span class='ocrx_word' id='word_1_114' title='bbox 1718 2035 2062 2108; x_wconf 77' lang='lat' dir='ltr'>simpliciter.</span> <span class='ocrx_word' id='word_1_115' title='bbox 2090 2037 2246 2103; x_wconf 85' lang='lat' dir='ltr'>Item,</span> <span class='ocrx_word' id='word_1_116' title='bbox 2272 2037 2407 2111; x_wconf 86' lang='lat' dir='ltr'>quia</span> <span class='ocrx_word' id='word_1_117' title='bbox 2432 2052 2536 2091; x_wconf 92' lang='lat' dir='ltr'>non</span> 
     </span>
     <span class='ocr_line' id='line_1_17' title="bbox 535 2123 2537 2199; baseline -0.001 -16"><span class='ocrx_word' id='word_1_118' title='bbox 535 2134 678 2185; x_wconf 85' lang='lat' dir='ltr'>esset</span> <span class='ocrx_word' id='word_1_119' title='bbox 698 2126 1060 2199; x_wconf 87' lang='lat' dir='ltr'>compositum</span> <span class='ocrx_word' id='word_1_120' title='bbox 1083 2140 1149 2180; x_wconf 82' lang='lat' dir='ltr'>ex</span> <span class='ocrx_word' id='word_1_121' title='bbox 1174 2123 1354 2180; x_wconf 88' lang='lat' dir='ltr'>anima</span> <span class='ocrx_word' id='word_1_122' title='bbox 1383 2130 1441 2179; x_wconf 84' lang='lat' dir='ltr'>et</span> <span class='ocrx_word' id='word_1_123' title='bbox 1468 2124 1695 2198; x_wconf 83' lang='lat' dir='ltr'>corpore</span> <span class='ocrx_word' id='word_1_124' title='bbox 1723 2139 1889 2181; x_wconf 88' lang='lat' dir='ltr'>unum</span> <span class='ocrx_word' id='word_1_125' title='bbox 1923 2124 2264 2197; x_wconf 79' lang='lat' dir='ltr'>simpliciter,</span> <span class='ocrx_word' id='word_1_126' title='bbox 2298 2125 2397 2182; x_wconf 87' lang='lat' dir='ltr'>sed</span> <span class='ocrx_word' id='word_1_127' title='bbox 2428 2126 2537 2181; x_wconf 86' lang='lat' dir='ltr'>duo</span> 
     </span>
     <span class='ocr_line' id='line_1_18' title="bbox 536 2212 1553 2289; baseline -0.006 -14"><span class='ocrx_word' id='word_1_128' title='bbox 536 2216 854 2289; x_wconf 85' lang='lat' dir='ltr'>simpliciter</span> <span class='ocrx_word' id='word_1_129' title='bbox 880 2222 935 2270; x_wconf 86' lang='lat' dir='ltr'>et</span> <span class='ocrx_word' id='word_1_130' title='bbox 961 2230 1127 2269; x_wconf 86' lang='lat' dir='ltr'>unum</span> <span class='ocrx_word' id='word_1_131' title='bbox 1153 2230 1248 2286; x_wconf 88' lang='lat' dir='ltr'>per</span> <span class='ocrx_word' id='word_1_132' title='bbox 1277 2212 1553 2269; x_wconf 79' lang='lat' dir='ltr'>accidens·</span> 
     </span>
    </p>

    <p class='ocr_par' dir='ltr' id='par_1_8' title="bbox 531 2300 2539 2640">
     <span class='ocr_line' id='line_1_19' title="bbox 602 2300 2539 2376; baseline -0.003 -13"><span class='ocrx_word' id='word_1_133' title='bbox 602 2306 691 2363; x_wconf 85' lang='lat' dir='ltr'>Sic</span> <span class='ocrx_word' id='word_1_134' title='bbox 715 2304 880 2375; x_wconf 84' lang='lat' dir='ltr'>igitur</span> <span class='ocrx_word' id='word_1_135' title='bbox 902 2302 1237 2374; x_wconf 75' lang='lat' dir='ltr'>corporeitas</span> <span class='ocrx_word' id='word_1_136' title='bbox 1259 2300 1461 2358; x_wconf 85' lang='lat' dir='ltr'>dicitur</span> <span class='ocrx_word' id='word_1_137' title='bbox 1486 2300 1804 2373; x_wconf 88' lang='lat' dir='ltr'>dupliciter:</span> <span class='ocrx_word' id='word_1_138' title='bbox 1822 2302 2152 2376; x_wconf 86' lang='lat' dir='ltr'>quandoque</span> <span class='ocrx_word' id='word_1_139' title='bbox 2180 2308 2293 2358; x_wconf 85' lang='lat' dir='ltr'>tres</span> <span class='ocrx_word' id='word_1_140' title='bbox 2318 2300 2539 2357; x_wconf 88' lang='lat' dir='ltr'>dimen-</span> 
     </span>
     <span class='ocr_line' id='line_1_20' title="bbox 533 2390 2536 2461; baseline -0.002 -10"><span class='ocrx_word' id='word_1_141' title='bbox 533 2396 746 2461; x_wconf 83' lang='lat' dir='ltr'>siones;</span> <span class='ocrx_word' id='word_1_142' title='bbox 777 2399 833 2448; x_wconf 87' lang='lat' dir='ltr'>et</span> <span class='ocrx_word' id='word_1_143' title='bbox 872 2391 974 2447; x_wconf 86' lang='lat' dir='ltr'>hoc</span> <span class='ocrx_word' id='word_1_144' title='bbox 1005 2406 1113 2446; x_wconf 90' lang='lat' dir='ltr'>non</span> <span class='ocrx_word' id='word_1_145' title='bbox 1151 2397 1235 2447; x_wconf 86' lang='lat' dir='ltr'>est</span> <span class='ocrx_word' id='word_1_146' title='bbox 1281 2390 1457 2446; x_wconf 77' lang='lat' dir='ltr'>forma</span> <span class='ocrx_word' id='word_1_147' title='bbox 1499 2390 1897 2459; x_wconf 67' lang='lat' dir='ltr'>substantiane,</span> <span class='ocrx_word' id='word_1_148' title='bbox 1922 2391 2021 2447; x_wconf 85' lang='lat' dir='ltr'>sed</span> <span class='ocrx_word' id='word_1_149' title='bbox 2066 2390 2325 2447; x_wconf 85' lang='lat' dir='ltr'>accidens</span> <span class='ocrx_word' id='word_1_150' title='bbox 2371 2409 2384 2445; x_wconf 93' lang='lat'>:</span> <span class='ocrx_word' id='word_1_151' title='bbox 2429 2392 2536 2447; x_wconf 84' lang='lat' dir='ltr'>ali·-</span> 
     </span>
     <span class='ocr_line' id='line_1_21' title="bbox 531 2477 2533 2557; baseline -0 -19"><span class='ocrx_word' id='word_1_152' title='bbox 531 2482 750 2557; x_wconf 86' lang='lat' dir='ltr'>quando</span> <span class='ocrx_word' id='word_1_153' title='bbox 773 2481 974 2537; x_wconf 82' lang='lat' dir='ltr'>dicitur</span> <span class='ocrx_word' id='word_1_154' title='bbox 1007 2477 1258 2551; x_wconf 71' lang='lat' dir='ltr'>quaedam</span> <span class='ocrx_word' id='word_1_155' title='bbox 1297 2478 1492 2546; x_wconf 81' lang='lat' dir='ltr'>forma,</span> <span class='ocrx_word' id='word_1_156' title='bbox 1515 2495 1583 2535; x_wconf 88' lang='lat' dir='ltr'>ex</span> <span class='ocrx_word' id='word_1_157' title='bbox 1609 2494 1719 2553; x_wconf 87' lang='lat' dir='ltr'>qua</span> <span class='ocrx_word' id='word_1_158' title='bbox 1768 2479 2020 2552; x_wconf 84' lang='lat' dir='ltr'>provenit</span> <span class='ocrx_word' id='word_1_159' title='bbox 2057 2479 2201 2539; x_wconf 84' lang='lat' dir='ltr'>trina</span> <span class='ocrx_word' id='word_1_160' title='bbox 2230 2479 2533 2552; x_wconf 80' lang='lat' dir='ltr'>dimensi0;</span> 
     </span>
     <span class='ocr_line' id='line_1_22' title="bbox 535 2566 1609 2640; baseline -0.005 -11"><span class='ocrx_word' id='word_1_161' title='bbox 535 2582 588 2629; x_wconf 89' lang='lat' dir='ltr'>et</span> <span class='ocrx_word' id='word_1_162' title='bbox 617 2572 734 2631; x_wconf 78' lang='lat' dir='ltr'>haec</span> <span class='ocrx_word' id='word_1_163' title='bbox 757 2584 864 2627; x_wconf 88' lang='lat' dir='ltr'>non</span> <span class='ocrx_word' id='word_1_164' title='bbox 889 2574 972 2625; x_wconf 85' lang='lat' dir='ltr'>est</span> <span class='ocrx_word' id='word_1_165' title='bbox 1000 2566 1108 2625; x_wconf 81' lang='lat' dir='ltr'>alia</span> <span class='ocrx_word' id='word_1_166' title='bbox 1134 2567 1304 2623; x_wconf 78' lang='lat' dir='ltr'>forma</span> <span class='ocrx_word' id='word_1_167' title='bbox 1335 2567 1609 2640; x_wconf 79' lang='lat' dir='ltr'>specifica.</span> 
     </span>
    </p>
   </div>
   <div class='ocr_carea' id='block_1_7' title="bbox 1243 2747 1816 2809">
    <p class='ocr_par' dir='ltr' id='par_1_9' title="bbox 1243 2747 1816 2809">
     <span class='ocr_line' id='line_1_23' title="bbox 1243 2747 1816 2809; baseline 0 -1"><span class='ocrx_word' id='word_1_168' title='bbox 1243 2748 1695 2808; x_wconf 79' lang='lat' dir='ltr'>ARTICULUS</span> <span class='ocrx_word' id='word_1_169' title='bbox 1736 2747 1816 2809; x_wconf 90' lang='lat' dir='ltr'>X.</span> 
     </span>
    </p>
   </div>
   <div class='ocr_carea' id='block_1_8' title="bbox 697 2823 2369 3039">
    <p class='ocr_par' dir='ltr' id='par_1_10' title="bbox 697 2823 2369 3039">
     <span class='ocr_line' id='line_1_24' title="bbox 697 2823 2369 2953; baseline -0.001 -18"><span class='ocrx_word' id='word_1_170' title='bbox 697 2869 914 2939; x_wconf 77' lang='lat' dir='ltr'>Utrum</span> <span class='ocrx_word' id='word_1_171' title='bbox 940 2871 1144 2933; x_wconf 76' lang='lat' dir='ltr'>anima</span> <span class='ocrx_word' id='word_1_172' title='bbox 1170 2871 1556 2941; x_wconf 73' lang='lat' dir='ltr'>traducatur.</span> <span class='ocrx_word' id='word_1_173' title='bbox 1584 2906 1663 2917; x_wconf 95' lang='grc'>-</span> <span class='ocrx_word' id='word_1_174' title='bbox 1688 2872 1746 2951; x_wconf 96' lang='grc'>(1</span> <span class='ocrx_word' id='word_1_175' title='bbox 1764 2876 1963 2952; x_wconf 64' lang='lat' dir='ltr'>part„</span> <span class='ocrx_word' id='word_1_176' title='bbox 1992 2823 2209 2953; x_wconf 55' lang='lat' dir='ltr'>qamt.-</span> <span class='ocrx_word' id='word_1_177' title='bbox 2230 2872 2369 2951; x_wconf 85' lang='lat'><strong>118,</strong></span> 
     </span>
     <span class='ocr_line' id='line_1_25' title="bbox 1263 2959 1791 3039; baseline 0.006 -18"><span class='ocrx_word' id='word_1_178' title='bbox 1263 2963 1387 3021; x_wconf 79' lang='lat' dir='ltr'>art.</span> <span class='ocrx_word' id='word_1_179' title='bbox 1419 2960 1482 3035; x_wconf 81' lang='lat'>2,</span> <span class='ocrx_word' id='word_1_180' title='bbox 1513 2964 1572 3023; x_wconf 75' lang='lat' dir='ltr'>et</span> <span class='ocrx_word' id='word_1_181' title='bbox 1596 2960 1679 3023; x_wconf 79' lang='lat' dir='ltr'>ad</span> <span class='ocrx_word' id='word_1_182' title='bbox 1702 2959 1791 3039; x_wconf 85' lang='grc'>3).</span> 
     </span>
    </p>
   </div>
   <div class='ocr_carea' id='block_1_9' title="bbox 521 3082 2587 3780">
    <p class='ocr_par' dir='ltr' id='par_1_11' title="bbox 598 3082 1733 3141">
     <span class='ocr_line' id='line_1_26' title="bbox 598 3082 1733 3141; baseline 0.001 -1"><span class='ocrx_word' id='word_1_183' title='bbox 598 3082 846 3141; x_wconf 83' lang='lat' dir='ltr'>Secundo</span> <span class='ocrx_word' id='word_1_184' title='bbox 872 3090 1051 3138; x_wconf 79' lang='lat' dir='ltr'>utrum</span> <span class='ocrx_word' id='word_1_185' title='bbox 1083 3082 1262 3139; x_wconf 82' lang='lat' dir='ltr'>anima</span> <span class='ocrx_word' id='word_1_186' title='bbox 1291 3083 1363 3139; x_wconf 90' lang='lat' dir='ltr'>sit</span> <span class='ocrx_word' id='word_1_187' title='bbox 1392 3100 1462 3139; x_wconf 86' lang='lat' dir='ltr'>ex</span> <span class='ocrx_word' id='word_1_188' title='bbox 1487 3082 1733 3141; x_wconf 87' lang='lat' dir='ltr'>traduce.</span> 
     </span>
    </p>

    <p class='ocr_par' dir='ltr' id='par_1_12' title="bbox 521 3171 2587 3780">
     <span class='ocr_line' id='line_1_27' title="bbox 598 3171 2528 3247; baseline 0.003 -19"><span class='ocrx_word' id='word_1_189' title='bbox 598 3172 919 3243; x_wconf 86' lang='lat' dir='ltr'>Respondeo</span> <span class='ocrx_word' id='word_1_190' title='bbox 949 3171 1259 3238; x_wconf 88' lang='lat' dir='ltr'>dicendum,</span> <span class='ocrx_word' id='word_1_191' title='bbox 1293 3172 1439 3244; x_wconf 90' lang='lat' dir='ltr'>quod</span> <span class='ocrx_word' id='word_1_192' title='bbox 1468 3173 1805 3245; x_wconf 80' lang='lat' dir='ltr'>Augustinus</span> <span class='ocrx_word' id='word_1_193' title='bbox 1848 3172 1988 3230; x_wconf 85' lang='lat' dir='ltr'>hanc</span> <span class='ocrx_word' id='word_1_194' title='bbox 2016 3174 2374 3247; x_wconf 84' lang='lat' dir='ltr'>quaestionem</span> <span class='ocrx_word' id='word_1_195' title='bbox 2420 3190 2528 3233; x_wconf 85' lang='lat' dir='ltr'>non</span> 
     </span>
     <span class='ocr_line' id='line_1_28' title="bbox 527 3260 2525 3336; baseline 0.003 -21"><span class='ocrx_word' id='word_1_196' title='bbox 527 3260 874 3326; x_wconf 81' lang='lat' dir='ltr'>determinat,</span> <span class='ocrx_word' id='word_1_197' title='bbox 899 3260 993 3315; x_wconf 90' lang='lat' dir='ltr'>sed</span> <span class='ocrx_word' id='word_1_198' title='bbox 1018 3260 1493 3317; x_wconf 80' lang='lat' dir='ltr'>indeterminatam</span> <span class='ocrx_word' id='word_1_199' title='bbox 1522 3260 1790 3336; x_wconf 84' lang='lat' dir='ltr'>relinquid</span> <span class='ocrx_word' id='word_1_200' title='bbox 1814 3262 1867 3317; x_wconf 90' lang='lat' dir='ltr'>in</span> <span class='ocrx_word' id='word_1_201' title='bbox 1895 3261 1987 3318; x_wconf 88' lang='lat' dir='ltr'>lib.</span> <span class='ocrx_word' id='word_1_202' title='bbox 2008 3264 2203 3319; x_wconf 78' lang='lat' dir='ltr'>eccles·</span> <span class='ocrx_word' id='word_1_203' title='bbox 2230 3264 2477 3334; x_wconf 85' lang='lat' dir='ltr'>Dogmat.</span> <span class='ocrx_word' id='word_1_204' title='bbox 2505 3280 2525 3320; x_wconf 72' lang='lat' dir='ltr'><em>z</em></span> 
     </span>
     <span class='ocr_line' id='line_1_29' title="bbox 527 3347 2523 3423; baseline 0.003 -20"><span class='ocrx_word' id='word_1_205' title='bbox 527 3348 621 3404; x_wconf 80' lang='lat' dir='ltr'>scd</span> <span class='ocrx_word' id='word_1_206' title='bbox 653 3347 741 3402; x_wconf 93' lang='lat' dir='ltr'>ille</span> <span class='ocrx_word' id='word_1_207' title='bbox 783 3347 917 3401; x_wconf 88' lang='lat' dir='ltr'>liber</span> <span class='ocrx_word' id='word_1_208' title='bbox 965 3362 1069 3402; x_wconf 90' lang='lat' dir='ltr'>non</span> <span class='ocrx_word' id='word_1_209' title='bbox 1115 3358 1200 3404; x_wconf 85' lang='lat' dir='ltr'>est</span> <span class='ocrx_word' id='word_1_210' title='bbox 1229 3350 1540 3422; x_wconf 83' lang='lat' dir='ltr'>Augustini,</span> <span class='ocrx_word' id='word_1_211' title='bbox 1580 3351 1675 3407; x_wconf 90' lang='lat' dir='ltr'>sed</span> <span class='ocrx_word' id='word_1_212' title='bbox 1700 3351 1991 3407; x_wconf 86' lang='lat' dir='ltr'>Gennadii.</span> <span class='ocrx_word' id='word_1_213' title='bbox 2023 3352 2323 3423; x_wconf 83' lang='lat' dir='ltr'>Gregorius</span> <span class='ocrx_word' id='word_1_214' title='bbox 2356 3354 2523 3409; x_wconf 83' lang='lat' dir='ltr'>etiarn</span> 
     </span>
     <span class='ocr_line' id='line_1_30' title="bbox 530 3434 2523 3513; baseline 0.004 -22"><span class='ocrx_word' id='word_1_215' title='bbox 530 3452 634 3491; x_wconf 91' lang='lat' dir='ltr'>non</span> <span class='ocrx_word' id='word_1_216' title='bbox 667 3434 784 3491; x_wconf 88' lang='lat' dir='ltr'>vult</span> <span class='ocrx_word' id='word_1_217' title='bbox 805 3434 1169 3491; x_wconf 88' lang='lat' dir='ltr'>determinare</span> <span class='ocrx_word' id='word_1_218' title='bbox 1197 3438 1533 3495; x_wconf 86' lang='lat' dir='ltr'>credendum</span> <span class='ocrx_word' id='word_1_219' title='bbox 1561 3448 1645 3497; x_wconf 86' lang='lat' dir='ltr'>est</span> <span class='ocrx_word' id='word_1_220' title='bbox 1670 3446 1851 3498; x_wconf 82' lang='lat' dir='ltr'>tamen</span> <span class='ocrx_word' id='word_1_221' title='bbox 1880 3441 2025 3513; x_wconf 87' lang='lat' dir='ltr'>quod</span> <span class='ocrx_word' id='word_1_222' title='bbox 2057 3456 2184 3496; x_wconf 89' lang='lat' dir='ltr'>non.</span> <span class='ocrx_word' id='word_1_223' title='bbox 2210 3440 2279 3495; x_wconf 85' lang='lat' dir='ltr'>Et</span> <span class='ocrx_word' id='word_1_224' title='bbox 2307 3451 2391 3498; x_wconf 80' lang='lat' dir='ltr'>est</span> <span class='ocrx_word' id='word_1_225' title='bbox 2417 3458 2523 3499; x_wconf 83' lang='lat' dir='ltr'>una</span> 
     </span>
     <span class='ocr_line' id='line_1_31' title="bbox 525 3514 2523 3603; baseline 0.004 -25"><span class='ocrx_word' id='word_1_226' title='bbox 525 3524 665 3581; x_wconf 81' lang='lat' dir='ltr'>ratio</span> <span class='ocrx_word' id='word_1_227' title='bbox 689 3522 994 3597; x_wconf 79' lang='lat' dir='ltr'>Philosophi</span> <span class='ocrx_word' id='word_1_228' title='bbox 1026 3522 1078 3579; x_wconf 90' lang='lat' dir='ltr'>in</span> <span class='ocrx_word' id='word_1_229' title='bbox 1115 3524 1213 3582; x_wconf 90' lang='lat' dir='ltr'>lib.</span> <span class='ocrx_word' id='word_1_230' title='bbox 1239 3525 1308 3582; x_wconf 93' lang='lat' dir='ltr'>de</span> <span class='ocrx_word' id='word_1_231' title='bbox 1338 3527 1693 3596; x_wconf 84' lang='lat' dir='ltr'>Animalibus,</span> <span class='ocrx_word' id='word_1_232' title='bbox 1725 3528 1869 3601; x_wconf 88' lang='lat' dir='ltr'>quod</span> <span class='ocrx_word' id='word_1_233' title='bbox 1900 3527 2235 3601; x_wconf 84' lang='lat' dir='ltr'>impossibile</span> <span class='ocrx_word' id='word_1_234' title='bbox 2262 3536 2348 3584; x_wconf 83' lang='lat' dir='ltr'>est</span> <span class='ocrx_word' id='word_1_235' title='bbox 2374 3514 2523 3603; x_wconf 88' lang='lat' dir='ltr'>quod</span> 
     </span>
     <span class='ocr_line' id='line_1_32' title="bbox 524 3614 2525 3691; baseline 0.006 -26"><span class='ocrx_word' id='word_1_236' title='bbox 524 3614 696 3669; x_wconf 82' lang='lat' dir='ltr'>virtus</span> <span class='ocrx_word' id='word_1_237' title='bbox 721 3628 982 3685; x_wconf 84' lang='lat' dir='ltr'>corporea</span> <span class='ocrx_word' id='word_1_238' title='bbox 1024 3614 1288 3687; x_wconf 85' lang='lat' dir='ltr'>producat</span> <span class='ocrx_word' id='word_1_239' title='bbox 1319 3616 1372 3671; x_wconf 93' lang='lat' dir='ltr'>id</span> <span class='ocrx_word' id='word_1_240' title='bbox 1409 3617 1553 3690; x_wconf 88' lang='lat' dir='ltr'>quod</span> <span class='ocrx_word' id='word_1_241' title='bbox 1599 3618 1815 3675; x_wconf 82' lang='lat' dir='ltr'>excedit</span> <span class='ocrx_word' id='word_1_242' title='bbox 1849 3633 2048 3691; x_wconf 84' lang='lat' dir='ltr'>corpus</span> <span class='ocrx_word' id='word_1_243' title='bbox 2082 3635 2095 3673; x_wconf 90' lang='lat'><strong>:</strong></span> <span class='ocrx_word' id='word_1_244' title='bbox 2125 3618 2298 3674; x_wconf 77' lang='lat' dir='ltr'>virtus</span> <span class='ocrx_word' id='word_1_245' title='bbox 2337 3628 2525 3677; x_wconf 82' lang='lat' dir='ltr'>autem</span> 
     </span>
     <span class='ocr_line' id='line_1_33' title="bbox 521 3700 2587 3780; baseline 0.004 -26"><span class='ocrx_word' id='word_1_246' title='bbox 521 3700 744 3757; x_wconf 85' lang='lat' dir='ltr'>seminis</span> <span class='ocrx_word' id='word_1_247' title='bbox 787 3708 874 3757; x_wconf 86' lang='lat' dir='ltr'>est</span> <span class='ocrx_word' id='word_1_248' title='bbox 917 3702 1094 3758; x_wconf 88' lang='lat' dir='ltr'>virtus</span> <span class='ocrx_word' id='word_1_249' title='bbox 1139 3720 1421 3777; x_wconf 78' lang='lat' dir='ltr'>corporea.</span> <span class='ocrx_word' id='word_1_250' title='bbox 1470 3704 1592 3762; x_wconf 86' lang='lat' dir='ltr'>Alia</span> <span class='ocrx_word' id='word_1_251' title='bbox 1636 3708 1776 3763; x_wconf 85' lang='lat' dir='ltr'>ratio</span> <span class='ocrx_word' id='word_1_252' title='bbox 1827 3713 1911 3762; x_wconf 83' lang='lat' dir='ltr'>est</span> <span class='ocrx_word' id='word_1_253' title='bbox 1950 3723 2034 3764; x_wconf 84' lang='lat' dir='ltr'>vu</span> <span class='ocrx_word' id='word_1_254' title='bbox 2078 3707 2314 3780; x_wconf 85' lang='lat' dir='ltr'>Metaph.</span> <span class='ocrx_word' id='word_1_255' title='bbox 2362 3709 2521 3780; x_wconf 84' lang='lat' dir='ltr'>(text.</span> <span class='ocrx_word' id='word_1_256' title='bbox 2578 3754 2587 3763; x_wconf 91' lang='lat'>.</span> 
     </span>
    </p>
   </div>
   <div class='ocr_carea' id='block_1_10' title="bbox 519 3792 2523 3956">
    <p class='ocr_par' dir='ltr' id='par_1_13' title="bbox 519 3792 2523 3956">
     <span class='ocr_line' id='line_1_34' title="bbox 520 3792 2523 3868; baseline 0.005 -25"><span class='ocrx_word' id='word_1_257' title='bbox 520 3804 718 3845; x_wconf 87' lang='lat' dir='ltr'>comm.</span> <span class='ocrx_word' id='word_1_258' title='bbox 764 3792 870 3859; x_wconf 80' lang='lat'><strong>27),</strong></span> <span class='ocrx_word' id='word_1_259' title='bbox 903 3792 1031 3863; x_wconf 83' lang='lat' dir='ltr'>quia</span> <span class='ocrx_word' id='word_1_260' title='bbox 1061 3793 1203 3847; x_wconf 90' lang='lat' dir='ltr'>enim</span> <span class='ocrx_word' id='word_1_261' title='bbox 1246 3795 1469 3867; x_wconf 86' lang='lat' dir='ltr'>quidam</span> <span class='ocrx_word' id='word_1_262' title='bbox 1508 3803 1805 3868; x_wconf 85' lang='lat' dir='ltr'>posuerunt</span> <span class='ocrx_word' id='word_1_263' title='bbox 1831 3795 1978 3868; x_wconf 88' lang='lat' dir='ltr'>quod</span> <span class='ocrx_word' id='word_1_264' title='bbox 2020 3795 2213 3854; x_wconf 82' lang='lat' dir='ltr'>formae</span> <span class='ocrx_word' id='word_1_265' title='bbox 2241 3798 2523 3855; x_wconf 79' lang='lat' dir='ltr'>naturales</span> 
     </span>
     <span class='ocr_line' id='line_1_35' title="bbox 519 3879 2523 3956; baseline 0.005 -26"><span class='ocrx_word' id='word_1_266' title='bbox 519 3884 646 3931; x_wconf 89' lang='lat' dir='ltr'>sunt</span> <span class='ocrx_word' id='word_1_267' title='bbox 669 3891 734 3931; x_wconf 86' lang='lat' dir='ltr'>ex</span> <span class='ocrx_word' id='word_1_268' title='bbox 764 3879 1041 3934; x_wconf 85' lang='lat' dir='ltr'>creatione</span> <span class='ocrx_word' id='word_1_269' title='bbox 1069 3896 1082 3935; x_wconf 74' lang='grc' dir='ltr'>ε</span> <span class='ocrx_word' id='word_1_270' title='bbox 1113 3895 1238 3935; x_wconf 88' lang='lat' dir='ltr'>cum</span> <span class='ocrx_word' id='word_1_271' title='bbox 1280 3883 1508 3937; x_wconf 81' lang='lat' dir='ltr'>materia</span> <span class='ocrx_word' id='word_1_272' title='bbox 1539 3883 1681 3937; x_wconf 84' lang='lat' dir='ltr'>aeris</span> <span class='ocrx_word' id='word_1_273' title='bbox 1716 3884 1908 3956; x_wconf 86' lang='lat' dir='ltr'>recipit</span> <span class='ocrx_word' id='word_1_274' title='bbox 1942 3883 2176 3941; x_wconf 80' lang='lat' dir='ltr'>sormam</span> <span class='ocrx_word' id='word_1_275' title='bbox 2205 3883 2383 3955; x_wconf 85' lang='lat' dir='ltr'>ignis;</span> <span class='ocrx_word' id='word_1_276' title='bbox 2426 3893 2523 3941; x_wconf 86' lang='lat' dir='ltr'>aut</span> 
     </span>
    </p>
   </div>
   <div class='ocr_carea' id='block_1_11' title="bbox 528 3964 2523 4045">
    <p class='ocr_par' dir='ltr' id='par_1_14' title="bbox 528 3964 2523 4045">
     <span class='ocr_line' id='line_1_36' title="bbox 528 3964 2523 4045; baseline 0.006 -27"><span class='ocrx_word' id='word_1_277' title='bbox 528 3964 722 4033; x_wconf 85' lang='lat' dir='ltr'>inerat,</span> <span class='ocrx_word' id='word_1_278' title='bbox 749 3972 804 4022; x_wconf 84' lang='lat' dir='ltr'>et</span> <span class='ocrx_word' id='word_1_279' title='bbox 833 3966 914 4023; x_wconf 85' lang='lat' dir='ltr'>sic</span> <span class='ocrx_word' id='word_1_280' title='bbox 935 3977 1021 4024; x_wconf 85' lang='lat' dir='ltr'>est</span> <span class='ocrx_word' id='word_1_281' title='bbox 1050 3968 1322 4040; x_wconf 78' lang='lat' dir='ltr'>latitati03</span> <span class='ocrx_word' id='word_1_282' title='bbox 1352 3976 1582 4028; x_wconf 70' lang='lat' dir='ltr'>autnon</span> <span class='ocrx_word' id='word_1_283' title='bbox 1614 3971 1810 4041; x_wconf 87' lang='lat' dir='ltr'>inerat,</span> <span class='ocrx_word' id='word_1_284' title='bbox 1841 3987 1973 4045; x_wconf 86' lang='lat' dir='ltr'>ergo</span> <span class='ocrx_word' id='word_1_285' title='bbox 2009 3971 2072 4030; x_wconf 86' lang='lat' dir='ltr'>fit</span> <span class='ocrx_word' id='word_1_286' title='bbox 2101 3972 2171 4032; x_wconf 87' lang='lat' dir='ltr'>de</span> <span class='ocrx_word' id='word_1_287' title='bbox 2198 3986 2360 4035; x_wconf 79' lang='lat' dir='ltr'>novo,</span> <span class='ocrx_word' id='word_1_288' title='bbox 2400 3974 2523 4031; x_wconf 90' lang='lat' dir='ltr'>Non</span> 
     </span>
    </p>
   </div>
  </div>
 </body>
</html>
