2800 4492
619 379 729 422 111.
757 343 834 408 ζ-
861 378 1290 426 ouonmnnwn
1343 378 1615 427 omnum
1998 361 2119 422 323

121 494 370 566 quamvis
401 494 498 550 ire
507 493 578 550 sit
604 493 776 564 magis
809 493 1141 549 meritorium
1168 509 1332 565 quam
1364 493 1559 560 redire,
1585 508 1754 565 genus
1781 493 1959 567 operis
1983 509 2121 550 con-

124 582 431 647 sidet-‚ando
499 621 504 628 -

189 671 268 726 Ad
309 672 542 744 primum
581 687 710 742 ergo
748 671 1057 736 dicendum,
1099 671 1244 744 quod
1275 629 1407 726 illud
1451 671 1786 769 pro-positum
1815 672 2120 745 exponendi

119 774 177 814 se
209 761 368 815 morti
401 767 620 833 propter
650 759 942 826 Christum,
988 759 1177 816 habuit
1207 760 1373 816 etiam
1409 759 1511 814 iste
1542 758 1595 814 in
1623 759 1840 830 eund03
1875 777 1973 817 nec
2011 759 2117 820 hoc

122 849 372 906 meritum
393 848 724 922 perdidit‚·si
747 865 806 906 se
836 865 866 904 a
893 854 1116 921 peccato
1147 849 1443 906 immunem
1466 847 1783 907 custodivit.

753 1077 756 1080 ⁴
809 1045 1204 1124 QUAESTIO
1249 1045 1428 1113 V111.

193 1203 395 1260 Deinde
437 1205 582 1261 circa
630 1204 1035 1261 matrimonium
1062 1205 1294 1278 quaesita
1337 1211 1465 1260 sunt
1510 1204 1617 1261 duo
1668 1221 1682 1259 z
1728 1206 1789 1258 ⁴0
1832 1205 1877 1261 si
1920 1206 2121 1280 aliquis

125 1293 454 1366 despondeat
481 1294 721 1368 aliquam
751 1311 846 1365 per
873 1295 1037 1350 verba
1066 1294 1134 1348 de
1167 1294 1368 1362 futuro,
1403 1299 1459 1348 et
1489 1300 1680 1366 postea
1706 1293 1999 1351 carnaliter
2020 1311 2121 1352 co-

124 1390 369 1453 gnoscat,
437 1398 541 1438 non
586 1383 806 1456 quidem
849 1383 1006 1457 quasi
1052 1382 1521 1440 consentiens-in·
1555 1383 1981 1451 matrimonium,
2024 1384 2118 1440 sed

48 1520 52 1524 .
125 1471 457 1532 solummodo
501 1471 685 1527 volens
722 1471 1093 1528 fraudulenter
1129 1471 1402 1543 surripere
1439 1471 1686 1544 copulam
1732 1471 2025 1538 carnalem,
2073 1473 2120 1528 si

126 1559 465 1630 postmodum
492 1559 780 1628 contrabat
807 1575 930 1617 cum
956 1558 1061 1616 alia
1091 1575 1184 1632 per
1215 1558 1376 1615 verba
1408 1559 1475 1616 de
1502 1560 1775 1630 praesenti,
1808 1569 1991 1616 utrum
2028 1575 2120 1615 se-

124 1649 297 1702 cunda
341 1649 410 1704 sit
441 1665 574 1704 uxor
611 1651 762 1720 ejus;
803 1653 863 1704 2⁰
896 1649 951 1704 >si
986 1647 1068 1703 vir
1097 1653 1318 1704 accuset
1353 1663 1577 1702 uxorem
1622 1647 1691 1702 de
1728 1647 1995 1703 adulterio
2019 1663 2121 1704 oc-

125 1735 289 1804 culto,
321 1745 499 1793 utrum
531 1736 722 1794 mulier
753 1743 1002 1794 teneatur
1025 1731 1094 1792 in*
1119 1736 1326 1810 judicio
1351 1751 1511 1793 suum
1543 1741 1827 1810 peccatum
1852 1737 2118 1795 confiteri.

791 1915 1244 2016 ARTIQULUS
1301 1916 1443 1978 XV.

139 2046 355 2110 Utrum
382 2047 489 2108 ille
509 2045 618 2126 qui
639 2048 915 2128 coqnooit
938 2049 1266 2110 carnaliter
1285 2065 1465 2128 quam
1486 2046 1905 2126 spoponderat,
1926 2049 2125 2126 possit

204 2135 408 2196 habere
435 2153 676 2198 uxorem
705 2137 881 2199 illam
909 2154 1042 2197 cum
1083 2155 1203 2214 qua
1239 2140 1447 2214 postea
1488 2135 1789 2196 contrahit
1808 2153 1921 2213 per
1946 2137 2122 2198 verba

206 2222 276 2284 de
293 2225 579 2300 presenti.
603 2259 684 2269 —
729 2225 810 2302 (4,
843 2225 986 2286 dist.
1037 2224 1138 2298 27,
1170 2229 1292 2288 cto-t.
1327 2224 1390 2298 2,
1424 2228 1629 2305 quast.
1664 2225 1723 2296 2,
1736 2225 1812 2333 -3,
1844 2240 2033 2306 corp.;
2065 2229 2123 2289 et

204 2312 349 2373 dist.
378 2313 479 2396 28,
509 2317 630 2374 art
664 2291 752 2393 3).

194 2444 350 2501 Circa
379 2446 612 2517 primum
649 2445 728 2502 sic
761 2444 1177 2518 procedebatur.
1205 2443 1433 2500 Videtur
1459 2443 1605 2516 quod
1632 2443 1721 2498 ille
1747 2444 1839 2516 qui
1868 2443 2123 2515 cognovit

123 2533 414 2590 carnaliter
447 2550 610 2606 quam
637 2533 999 2606 desponderat
1027 2549 1118 2605 per
1144 2531 1311 2590 verba
1349 2532 1417 2587 de
1446 2531 1646 2600 futuro,
1690 2548 1797 2587 non
1824 2533 1998 2604 possit
2021 2531 2124 2587 ha·

123 2621 250 2677 bere
290 2636 513 2676 uxorem
551 2621 700 2676 illam
734 2636 857 2676 cum
888 2636 994 2692 qua
1027 2629 1214 2693 postea
1243 2619 1517 2676 contrabit
1554 2637 1651 2693 per
1680 2620 1843 2678 verba
1873 2621 1940 2676 de
1977 2637 2125 2693 prae-

123 2710 285 2766 senti.
314 2709 526 2764 Judicio
567 2710 710 2764 enim
738 2709 995 2766 Ecclesiae
1023 2708 1366 2781 compelli-tur
1403 2715 1551 2764 stare
1588 2725 1710 2770 cum
1737 2710 1929 2782 prima,
1958 2725 2121 2783 quam

121 2798 414 2854 carnaliter
433 2798 704 2869 cognovit.
728 2799 830 2854 Sed
860 2799 1099 2854 Ecclesia
1127 2804 1305 2871 potest
1325 2797 1504 2854 facere
1531 2815 1787 2871 personas
1813 2798 2122 2870 illegitimas

121 2889 191 2943 ad
219 2886 668 2944 contrahendum.
713 2888 853 2958 Ergo
898 2887 1113 2944 videtur
1153 2887 1296 2961 quod
1340 2887 1465 2943 talis
1508 2903 1611 2943 non
1652 2887 1820 2960 possit
1862 2903 1985 2943 cum
2015 2885 2121 2944 alia

35 3041 58 3057 υ
121 2974 349 3032 muliere
383 2967 582 3031 habere
622 2976 1060 3043 matrimonium;
1102 2984 1156 3032 et
1186 2977 1262 3032 ita
1307 2975 1398 3030 illa
1430 2991 1552 3031 c-um
1584 2992 1690 3048 qua
1718 2975 1957 3031 secundo
1986 2988 2121 3030 con-

119 3063 291 3120 traxit
315 3079 410 3135 per
436 3061 602 3118 verba
626 3063 693 3119 de
721 3064 996 3136 praesenti,
1029 3079 1135 3121 non
1161 3066 1269 3118 erit
1295 3079 1432 3119 uxor
1458 3079 1576 3119 sua.

189 3149 296 3206 Sed
343 3157 531 3204 contra
579 3157 679 3215 est,
725 3151 869 3223 quod
917 3158 1070 3214 error
1117 3151 1348 3206 bominis
1393 3168 1496 3207 non
1535 3150 1856 3223 praejudicat
1902 3150 2120 3206 veritati

115 3237 474 3295 matrimonii.
497 3238 601 3294 Sed
647 3255 708 3293 ex
754 3254 936 3294 errore
973 3238 1204 3294 hominis
1231 3241 1611 3311 praesumentis
1640 3254 1758 3294 esse
1801 3254 2121 3316 consensum

118 3329 210 3383 ubi
253 3321 354 3383 snit
381 3327 674 3384 carnaliter
702 3327 914 3400 copula,
945 3328 1214 3398 contingit
1251 3326 1397 3399 quod
1435 3343 1528 3398 per
1555 3327 1822 3400 judicium
1863 3326 2122 3384 Ecclesiae

115 3417 462 3489 compellitur
509 3416 708 3489 aliquis
746 3414 893 3472 illam
930 3415 1128 3471 habere
1163 3431 1326 3488 quam
1367 3417 1621 3486 cognovit
1662 3417 1955 3473 carnaliter
1999 3424 2121 3488 post

66 3554 70 3557 .
114 3512 458 3561 contractum
487 3523 580 3580 per
606 3505 769 3560 verba
798 3504 863 3561 de
899 3504 1100 3561 futuro.
1129 3504 1268 3576 Ergo
1300 3520 1402 3559 non
1432 3505 1751 3576 praejudicat
1780 3505 1996 3560 veritati
2028 3519 2123 3558 se-

115 3593 284 3649 cundi
305 3594 650 3658 matrimonii,
669 3594 813 3668 quod
840 3601 922 3650 est
947 3594 1052 3652 rite
1075 3599 1417 3649 contractum
1436 3609 1533 3666 per
1556 3592 1721 3649 verba
1747 3594 1814 3648 de
1841 3592 2117 3665 praesenti.

186 3680 508 3751 Respondeo
535 3682 843 3749 dicendum,
877 3683 1021 3756 quod
1051 3682 1192 3738 sicut
1221 3682 1330 3740 Leo
1366 3683 1505 3754 Papa
1538 3681 1689 3744 dicit,
1731 3697 1897 3736 cansa
1926 3680 2121 3735 matri-

114 3769 285 3826 monii
329 3774 412 3824 est
438 3783 729 3826 consensus
760 3787 853 3842 per
891 3771 1055 3828 verba
1095 3772 1162 3826 de
1207 3771 1459 3846 praesenti
1505 3782 1811 3839 expressus,
1854 3768 1969 3822 sine
2010 3782 2119 3839 quo

110 3866 302 3914 cetera
327 3856 495 3912 etiam
515 3870 636 3910 cum
659 3858 800 3912 coitu
827 3859 1114 3914 subsecuta
1141 3857 1463 3913 frustantur.
1491 3857 1716 3911 Remota
1746 3861 1926 3910 autem
1952 3870 2120 3910 causa

108 3953 431 4006 removetur
455 3945 679 4004 effectus
713 3962 724 4002 τ
753 3947 912 4015 unde,
939 3963 1062 4002 cum
1089 3947 1142 4002 in
1173 3946 1346 4017 primo
1377 3943 1721 4002 matrimonio
1751 3948 2117 4018 ponatur-non
