2800 4492
503 285 584 352 46
979 302 1038 353 s:
1075 303 1307 352 ‘monam
1348 302 1674 358 AQmNA'rIs
1715 301 2028 351 croscum

506 419 657 490 mini,
677 425 739 478 ut
756 421 1066 494 hujusmodi
1093 424 1311 496 propria
1332 424 1537 480 virtute
1563 427 1795 496 quaerat,
1807 421 1905 479 sed
1920 427 2008 478 est
2034 419 2086 478 ei
2112 418 2501 487 necessarium,

507 517 568 566 ut
592 526 656 567 ea
674 509 859 567 divina
889 511 1222 569 revelatione
1247 519 1561 584 cognoscat.
2530 505 2537 510 ⁴

575 597 658 655 Ad
682 601 980 657 secundum
1009 601 1319 669 dicendum,
1347 601 1494 675 quod
1525 602 1669 657 Deus
1696 600 1752 656 in
1780 599 1953 674 prima
1982 614 2163 654 rerum
2190 597 2509 654 conditione

505 686 778 745 hominem
808 689 1106 761 perfectum
1136 689 1373 746 instituit
1402 688 1736 762 perfectione
1762 695 1989 756 naturae,
2020 703 2145 761 quae
2182 686 2404 760 quidem
2448 685 2505 740 in

507 775 609 832 hoc
632 777 899 846 consistit,
933 784 994 834 ut
1016 778 1175 835 homo
1213 777 1413 835 habeat
1449 777 1633 835 omnia
1674 793 1799 851 quae
1837 785 1963 834 sunt
2006 793 2120 834 suae
2158 780 2368 832 naturae
2400 776 2507 831 de·-

507 866 621 922 bita
653 883 664 920 :
697 868 790 924 sed
829 883 994 940 supra
1022 867 1266 924 debitum
1309 873 1522 925 naturae
1560 867 1837 925 adduntur
1874 866 2221 940 postmodum
2266 865 2507 922 humano

507 956 692 1027 generi
733 955 930 1029 aliquae
970 956 1330 1030 perfectiones
1375 972 1444 1013 ex
1488 956 1605 1014 sola
1646 957 1825 1028 gratia
1852 955 2057 1022 divina,
2086 955 2227 1010 inter
2263 970 2387 1027 quae
2420 959 2508 1009 est

507 1043 662 1112 fides»,
691 1049 750 1100 ut
777 1053 930 1118 patet
954 1045 1120 1117 Ephe.
1150 1059 1212 1113 11,
1247 1045 1339 1102 ubi
1363 1045 1433 1102 de
1460 1045 1567 1102 fide
1596 1044 1817 1111 dicitur,
1850 1044 1997 1116 quod
2032 1050 2117 1100 est
2150 1042 2251 1098 Dei
2278 1044 2504 1099 donum.
2570 1072 2579 1076 -

560 1131 643 1188 Ad
663 1134 885 1190 tertium
903 1133 1213 1202 dicendum,
1235 1133 1379 1208 quod
1406 1133 1629 1191 cuilibet
1648 1133 1705 1188 in
1726 1133 2119 1190 beatitudinem
2142 1132 2383 1189 tendenti
2402 1148 2510 1187 ne-

507 1221 804 1279 cessarium
825 1229 909 1280 est
937 1239 1263 1295 cognoscere
1292 1224 1346 1280 in
1377 1223 1575 1296 quibus
1604 1223 1999 1279 beatitudinem
2018 1237 2267 1295 quaerere
2284 1220 2503 1288 debeat,

509 1317 564 1366 et
587 1310 853 1382 qualiter:
876 1312 1020 1384 quod
1038 1310 1259 1385 quidem
1284 1311 1497 1369 facilius
1524 1311 1643 1367 fieri
1672 1326 1778 1367 non
1794 1317 1993 1384 potest,
2010 1325 2174 1384 quam
2198 1326 2296 1383 per
2320 1309 2504 1374 fidem,

507 1413 634 1454 cum
655 1399 883 1455 rationis
910 1400 1193 1473 inquisitio
1217 1401 1286 1457 ad
1317 1400 1449 1457 talia
1487 1400 1769 1473 pervenire
1793 1415 1899 1456 non
1947 1399 2135 1471 possit,
2168 1398 2272 1453 nisi
2317 1396 2510 1454 multis

507 1487 874 1558 praecognitis,
903 1503 1026 1559 quae
1051 1502 1158 1543 non
1187 1493 1270 1543 est
1297 1487 1457 1544 facile
1470 1487 1630 1543 scire.
1661 1487 1775 1542 Nec
1802 1486 1967 1542 etiam
2014 1484 2192 1558 potuit
2236 1499 2359 1539 cum
2396 1481 2511 1538 mi-

507 1573 626 1629 nori
674 1565 934 1647 periculo,
983 1591 1108 1631 cum
1161 1575 1398 1632 humana
1463 1575 1745 1649 inquisitio
1797 1579 2018 1647 propter
2075 1572 2511 1628 imbecillitatem

506 1660 812 1718 intellectus
839 1664 1008 1718 nostri
1033 1663 1104 1718 sit
1134 1663 1308 1720 facilis
1333 1663 1402 1720 ad
1432 1680 1690 1732 errorem,
1706 1670 1761 1720 et
1788 1663 1891 1718 hoc
1914 1663 2081 1719 etiam
2105 1668 2293 1734 aperte
2318 1669 2510 1717 osten-

509 1748 656 1805 ditur
689 1765 757 1806 ex
793 1751 924 1822 ipsis
952 1751 1307 1824 philosophie,
1335 1753 1428 1825 qui
1461 1769 1559 1825 per
1599 1753 1744 1808 viam
1789 1751 2034 1818 rationis,
2066 1750 2230 1806 finem
2254 1750 2511 1806 humanae

509 1836 640 1894 vitae
666 1843 992 1910 quaerenteS,
1025 1844 1078 1894 et
1105 1840 1322 1896 modum
1353 1840 1701 1912 perveniendi
1731 1841 1783 1896 in
1810 1839 1989 1911 ipsum
2014 1853 2118 1894 non
2144 1837 2504 1903 invenientes,

509 1926 566 1981 in
589 1941 802 1982 errores
822 1927 1154 2001 multiplices
1177 1934 1232 1984 et
1263 1929 1606 2000 turpissimos
1636 1928 1962 1994 inciderunt,
1982 1927 2117 1984 adeo
2139 1925 2244 1983 sibi
2272 1926 2511 1984 invicem
2532 1927 2539 1933 ’

509 2013 912 2086 dissentientes,
940 2020 1001 2072 ut
1039 2017 1133 2074 vix
1166 2017 1418 2087 duorum,
1448 2024 1543 2074 aut
1588 2017 1749 2073 trium
1796 2021 1941 2072 esset
1976 2017 2043 2072 de
2080 2013 2165 2070 his
2201 2031 2297 2087 per
2322 2014 2513 2072 omnia

508 2104 810 2160 communis
835 2119 941 2160 una
965 2105 1254 2172 sententia,
1288 2122 1415 2163 cum
1445 2114 1623 2162 tamen
1649 2121 1744 2177 per
1765 2104 1927 2161 iidem
1951 2103 2232 2161 videamus
2258 2103 2313 2160 in
2342 2117 2511 2161 unam

511 2190 834 2249 sententiam
865 2191 1030 2249 etiam
1055 2192 1315 2266 plurimos
1339 2193 1631 2250 convenire
1651 2192 1897 2266 populos

579 2279 664 2337 Ad
710 2288 965 2354 quartum
1011 2281 1321 2350 dicendum,
1354 2282 1501 2355 quod
1543 2282 1999 2354 quandocumque
2040 2279 2281 2353 acceptis
2322 2278 2511 2352 aliquo

512 2368 672 2426 modo
700 2371 1013 2438 assentitur,
1028 2376 1242 2444 oportet
1267 2386 1386 2426 esse
1411 2369 1619 2442 aliquid
1646 2369 1789 2442 quod
1821 2368 2043 2425 inclinet
2065 2369 2133 2425 ad
2163 2383 2471 2426 asssensum
2488 2385 2511 2425 t

511 2457 654 2514 sicut
695 2457 874 2514 lumen
913 2457 1234 2520 naturass-ter
1276 2449 1512 2515 inditum
1562 2459 1616 2513 in
1660 2457 1762 2514 hoc
1804 2458 1947 2531 quod
1989 2458 2283 2514 assentitur
2316 2458 2533 2532 primis·

513 2547 790 2620 principiis
828 2564 924 2618 per
954 2557 1027 2603 'se
1052 2545 1320 2616 notisffet
1345 2543 1602 2620 ‘ipsorum
1640 2546 2029 2620 principiorum
2060 2545 2264 2602 veritas
2307 2547 2364 2602 in
2404 2547 2514 2603 hoc

513 2634 657 2706 quod
683 2635 980 2690 assentitur
1007 2635 1443 2691 conclusionibus
1480 2635 1651 2701 scitis»,
1684 2640 1739 2690 et
1768 2634 1966 2708 aliquae
2010 2634 2513 2692 verisimilitudines

515 2721 568 2777 in
602 2720 707 2777 hoc
751 2722 895 2795 quod
935 2723 1262 2779 assentimus
1299 2722 1384 2783 his
1426 2738 1551 2795 quae
1588 2723 1912 2796 opinamur:
1946 2739 2070 2797 quae
2098 2724 2143 2779 si
2172 2723 2375 2780 fuerint
2402 2723 2532 2782 ali-·

513 2809 834 2882 quantulum
869 2810 1142 2878 fortiores,
1172 2810 1435 2868 inclinant
1454 2812 1537 2869 ad
1577 2812 1923 2877 credendum,
1952 2817 2115 2886 prout
2141 2812 2274 2868 fides
2307 2813 2529 2869 dicitur·

513 2898 694 2971 opinio
716 2899 907 2970 Juvata
936 2898 1257 2968 rationibuS,
1297 2901 1391 2956 sed
1436 2899 1491 2955 id
1532 2901 1678 2973 quod
1720 2900 1947 2958 inclinat
1990 2901 2060 2958 ad
2102 2901 2529 2958 assentiendum·

514 2987 793 3060 principiis
826 2986 1136 3054 intellectiS‚
1180 2995 1275 3045 aut
1316 2987 1752 3046 conclusionibus
1780 2988 1951 3056 scitiS,
1992 2997 2076 3046 est
2103 2989 2378 3046 sufficiens
2418 2989 2514 3046 in-

516 3075 811 3145 ductivum,
837 3077 978 3132 unde
1001 3075 1147 3147 cogit
1172 3076 1238 3133 ad
1261 3093 1563 3144 assensum,
1584 3083 1637 3133 et
1656 3084 1738 3133 est
1762 3077 2036 3133 sufficiens
2060 3079 2127 3134 ad
2151 3078 2511 3150 judicandum

515 3165 583 3220 de
609 3164 718 3220 illis
752 3165 947 3237 quibus
971 3167 1286 3221 assentitur.
1317 3165 1472 3235 Quod
1504 3181 1631 3222 vero
1661 3165 1884 3221 inclinat
1912 3167 1979 3222 ad
2009 3164 2339 3238 opinandum
2366 3183 2513 3240 qua-

514 3251 892 3325 litercumque,
935 3253 1019 3310 vel
1064 3253 1229 3310 etiam
1258 3254 1494 3321 fortiter,
1538 3269 1643 3309 non
1684 3259 1767 3310 est
1796 3253 2069 3310 sufficiens
2096 3254 2375 3311 ductivum
2413 3271 2515 3313 ra·-

518 3340 698 3409 tioniS,
730 3340 872 3397 unde
901 3357 1002 3398 non
1033 3342 1196 3413 cogit,
1230 3358 1330 3399 nec
1358 3359 1457 3416 per
1478 3343 1581 3399 hoc
1608 3348 1789 3414 potest
1815 3341 2001 3398 haberi
2035 3342 2336 3416 perfectum
2355 3343 2515 3415 judi-

515 3430 660 3487 cium
689 3428 756 3486 de
795 3429 880 3486 his
920 3429 1117 3502 quibus
1161 3433 1477 3489 assentitur.
1518 3429 1671 3488 Unde
1721 3438 1776 3487 et
1819 3431 1875 3485 in
1919 3430 2025 3486 fide
2075 3447 2184 3504 qua
2232 3431 2289 3486 in
2334 3432 2511 3488 Deum

515 3519 804 3587 credimuS‚
845 3534 953 3574 non
987 3519 1160 3576 solum
1189 3527 1272 3576 est
1309 3521 1555 3591 acceptio
1585 3535 1763 3575 rerum
1792 3516 1989 3593 quibus
2026 3519 2371 3587 assentimuS,
2412 3521 2513 3578 sed

517 3607 722 3683 aliquid
767 3607 912 3680 quod
953 3607 1176 3664 inclinat
1206 3608 1275 3664 ad
1311 3622 1612 3675 assensum,
1659 3614 1712 3663 et
1740 3607 1844 3664 hoc
1889 3615 1973 3665 est
2014 3608 2195 3664 lumen
2233 3607 2526 3682 quoddam·

516 3698 660 3770 quod
702 3705 785 3752 est
811 3695 1029 3753 habitus
1058 3695 1206 3764 fidei,
1248 3695 1512 3752 divinitus
1552 3697 1719 3753 menti
1748 3695 2001 3754 humanae
2029 3695 2267 3752 infusum
2305 3713 2319 3752 t
2362 3697 2513 3769 quod

516 3785 734 3858 quidem
763 3783 1116 3841 sufficientius
1145 3790 1227 3840 est
1265 3783 1334 3839 ad
1364 3783 1721 3841 inducendum
1752 3799 1913 3859 quam
1945 3785 2127 3858 aliqua
2164 3784 2516 3842 demonstra-

516 3873 613 3941 tio,
653 3889 761 3947 qua
801 3874 1223 3946 etsi-nunquam
1264 3871 1459 3933 salsum
1486 3873 1869 3946 concludatur,
1902 3877 2085 3934 tamen
2114 3871 2425 3952 frequenter
2450 3873 2513 3931 in
