2800 4492
553 278 676 343 354
1031 295 1098 344 s..
1127 295 1364 344 mou
1401 293 1733 349 Acunum
1770 293 2085 344 ornacum

559 417 776 470 tenetur
819 413 1210 472 dare-meliori
1259 412 1440 489 quoad
1484 413 1629 470 hoc:
1676 428 1785 470 non
1830 411 1975 470 enim
2020 411 2205 484 potest
2248 423 2375 466 esse
2420 407 2579 484 quod

554 517 726 558 unum
752 503 1008 574 praeferat
1032 503 1190 559 alteri
1231 504 1334 558 nisi
1364 509 1587 576 propter
1619 502 1860 575 aliquam
1906 515 2131 560 causam
2162 517 2177 555 z
2209 514 2336 574 quae
2359 499 2405 556 si
2439 498 2581 572 qui-

557 592 682 647 dem
711 593 982 664 pertineat
1007 593 1075 649 ad
1099 592 1360 649 honorem
1386 593 1486 648 Dei
1519 599 1575 648 et
1607 591 1897 649 utilitatem
1919 590 2197 656 Ecclesiae,
2224 591 2343 662 jam
2384 603 2575 662 quan-

560 687 676 746 tum
719 681 786 736 ad
825 679 928 737 hoc
966 681 1071 736 iste
1100 688 1184 738 est
1212 681 1429 750 melior3
1462 681 1509 736 si
1540 680 1847 742 autemilta
1876 696 2041 736 causa
2077 678 2143 735 ad
2176 678 2279 734 hoc
2308 695 2414 734 non
2439 694 2574 750 per-

559 769 752 835 tineat,
783 770 890 824 erit
917 771 1164 842 acceptio
1199 786 1581 843 personarum,
1606 786 1730 842 quae
1761 777 1914 826 tanto
1962 777 2045 824 est
2081 768 2320 838 gravior,
2358 772 2575 838 quanto

559 856 615 910 in
647 857 807 912 rebus
841 858 1040 914 divinis
1069 859 1451 930 committitur.
1470 859 1623 916 Unde
1646 875 1811 931 super
1853 857 1985 912 iilud
2014 857 2205 913 Jacob.-
2237 871 2301 922 11,
2339 857 2421 911 Tu
2452 855 2573 911 sede

561 944 647 1014 hic
677 945 816 1012 bene,
841 955 972 1014 etc.,
1003 947 1138 1004 dicit
1171 948 1368 1004 Glossa
1403 947 1691 1020 Augustini
1717 965 1731 1002 ι
1758 947 1817 1003 Si
1842 947 1979 1002 hanc
2002 946 2315 1002 distantiam
2352 945 2573 1000 sedendi

560 1040 612 1090 et
652 1035 832 1090 standi
872 1036 944 1091 ad
985 1037 1207 1092 honores
1250 1035 1617 1093 ecclesiasticos
1648 1036 1968 1106 referamus,
2000 1051 2107 1090 non
2152 1041 2229 1090 est
2264 1033 2577 1104 putandum

561 1119 668 1176 leve
703 1137 807 1179 esse
833 1129 1103 1194 peccatum
1142 1123 1202 1177 in
1230 1122 1525 1200 acceptione
1563 1137 1915 1194 personarum
1944 1121 2133 1176 habe-re
2160 1119 2318 1192 fidem
2346 1118 2572 1174 Domina·

561 1207 768 1283 plorioe.
801 1209 930 1274 Quis
955 1211 1094 1265 enim
1121 1209 1266 1280 ferat
1293 1209 1423 1282 eteqi
1459 1209 1673 1265 divitem
1716 1209 1786 1264 ad
1824 1208 1994 1265 sedem
2036 1207 2252 1264 honoris
2294 1205 2569 1270 Ecclesiae,

563 1303 850 1369 contempto
872 1314 1107 1370 paupere
1129 1299 1393 1354 sanctiore
1422 1305 1474 1355 et
1500 1297 1847 1354 instructiore
1865 1297 1894 1353 ?

635 1383 702 1443 Et
727 1403 822 1459 per
844 1384 948 1442 hoc
975 1392 1127 1461 patet
1157 1387 1437 1459 responsio
1465 1387 1534 1443 ad
1564 1385 1799 1458 objecta.

1262 1564 1503 1625 ARTIC
1511 1565 1717 1626 ULUS
1780 1563 1862 1625 X.

575 1735 580 1742 ‚
643 1697 860 1763 Utrum
876 1715 1112 1781 pauper
1141 1703 1413 1762 teneatur
1440 1698 1697 1761 decimas
1724 1698 1918 1761 solvet·
1920 1715 1949 1762 e
1970 1697 2154 1760 diviti
2173 1697 2499 1762 sacerdoti.

1163 1789 1227 1868 (⁹
1193 1790 1323 1863 .-2‚
1353 1794 1561 1869 quaest.
1591 1789 1691 1862 87,
1726 1793 1849 1850 aunt
1885 1789 1971 1866 1).

575 1991 580 1994 Ι
638 1919 719 1977 Ad
741 1928 996 1993 quartum
1021 1910 1457 1996 sic—proceditur.
1485 1924 1538 1977 4.
1572 1921 1798 1978 Videtur
1828 1920 1975 1994 quod
2020 1935 2229 1994 pauper
2266 1936 2373 1976 non
2411 1915 2575 1977 tene-

569 2015 659 2066 tur
704 2011 945 2066 decimas
973 2009 1185 2066 solvere
1214 2011 1371 2066 diviti
1414 2011 1709 2067 sacerdoti.
1736 2009 1865 2078 ldep
1904 2010 2218 2066 institutum
2252 2023 2339 2064 est
2377 2015 2441 2064 ut
2470 2011 2576 2066 de-

568 2100 725 2155 cimae
767 2098 1048 2155 solvantur
1102 2099 1170 2156 ad
1226 2101 1682 2176 sustentationem
1724 2099 2095 2155 ministrorum
2143 2097 2423 2154 Ecclesiae.
2464 2099 2573 2154 Sed

568 2188 822 2244 sacerdos
867 2189 1020 2244 dives
1056 2187 1220 2244 habet
1267 2188 1403 2244 alias
1446 2188 1589 2244 unde
1629 2194 1989 2244 sustentetur.
2017 2186 2157 2258 Ergo
2196 2201 2302 2242 non
2356 2195 2486 2243 sunt
2518 2187 2574 2242 ci

566 2267 796 2334 decimae
819 2276 1110 2343 solvendae,
1143 2282 1197 2333 et
1223 2277 1497 2350 praecipue
1518 2293 1550 2333 a
1576 2291 1832 2349 paupere.

637 2370 689 2424 2.
714 2367 1071 2433 Praeterea,in
1098 2356 1280 2422 multis
1304 2366 1467 2423 terris
1495 2364 1724 2422 decimae
1749 2381 1853 2421 non
1883 2363 2360 2437 solvuntur3quod
2389 2371 2575 2420 tamen

563 2455 780 2528 praeiati
808 2445 1162 2527 corrigerent,
1179 2455 1224 2511 si
1255 2453 1501 2510 homines
1523 2469 1591 2510 ex
1613 2453 1940 2510 necessitate
1962 2454 2103 2526 juris
2128 2452 2301 2510 divini
2329 2454 2576 2510 decimas

563 2543 775 2600 solvere
816 2550 1152 2600 tenerentur.
1173 2543 1296 2599 Non
1337 2558 1467 2615 ergo
1508 2542 1727 2598 videtur
1768 2542 1913 2614 quod
1956 2542 2271 2614 praesertim*
2300 2557 2576 2614 pauperes

564 2639 854 2689 teneantur
883 2630 1094 2688 solvere
1120 2632 1362 2688 decimas
1385 2631 1649 2687 divitibus
1674 2629 2071 2687 sacerdotibus.

633 2721 739 2777 Sed
779 2726 969 2776 contra
1004 2727 1088 2775 est
1129 2721 1274 2792 quod
1318 2721 1601 2786 Dominus,
1640 2719 1834 2775 Matth.
1875 2734 2047 2786 xxm,
2080 2722 2169 2785 23,
2201 2718 2399 2779 dicit·
2447 2719 2581 2777 Hoeo

565 2785 805 2880 oportuit
825 2807 1020 2878 faeere,
1046 2807 1256 2863 scilicet
1273 2808 1541 2880 judicium
1563 2814 1618 2864 et
1639 2806 1947 2874 veritatem,
1971 2813 2021 2863 et
2047 2807 2142 2864 illa
2164 2823 2272 2864 non
2299 2809 2523 2865 omitter
2524 2826 2573 2874 e,

566 2895 774 2952 scilicet
799 2911 862 2952 ea
883 2911 1006 2969 quae
1035 2896 1306 2969 pertinent
1333 2897 1402 2952 ad
1432 2897 1768 2952 decimarum
1794 2895 2141 2952 solutionem.

637 2985 926 3051 Praeterea,
956 2986 1086 3042 Luc.
1114 2999 1282 3056 xvm,
1315 2987 1402 3053 42,
1431 2984 1734 3041 Pharisaeus
1762 2983 1943 3040 dicit:
1976 2982 2218 3040 Decimas
2246 2983 2311 3039 do
2338 2984 2578 3042 omnium
2682 3057 2695 3066 ,

565 3090 681 3148 quae
703 3073 958 3148 possideo.
1334 3113 1340 3120 -

633 3163 952 3235 Respondeo
977 3162 1284 3230 dicendum,
1307 3161 1472 3236 quod,
1501 3163 1644 3218 sicut
1667 3161 2023 3236 Philosophus
2043 3161 2239 3220 docet'
2224 3179 2281 3218 ιη
2306 3179 2341 3218 v
2369 3162 2573 3230 Euhie„

561 3251 802 3306 medium
831 3251 1063 3321 justitias
1091 3252 1358 3324 accipitur
1407 3267 1514 3306 non
1544 3251 1718 3306 solum
1746 3252 1927 3324 quoad
1956 3268 2073 3318 nos,
2115 3251 2258 3307 sicut
2287 3250 2341 3307 in
2373 3254 2578 3310 ceteris

561 3337 876 3406 virtutibus,
907 3337 1003 3395 sed
1032 3338 1197 3396 etiam
1225 3338 1524 3396 secundum
1552 3354 1667 3395 rem
1698 3358 1711 3394 z
1754 3341 1885 3412 quia
1912 3340 2124 3396 scilicet
2154 3339 2207 3396 in
2238 3340 2364 3396 aliis
2390 3341 2579 3404 virtu--¹

561 3426 710 3485 tibus
755 3427 1110 3484 attenduntur
1165 3425 1396 3486 diversae
1442 3429 1787 3495 conditiones
1848 3444 2219 3501 personarum,
2268 3428 2579 3486 secundum

540 3531 702 3590 quas
739 3514 979 3574 medium
1021 3515 1449 3586 diversificatum
1481 3516 1623 3573 sicut
1651 3517 1799 3574 circa
1834 3517 2004 3588 ciboS,
2036 3516 2183 3590 quod
2222 3525 2309 3573 est
2340 3517 2580 3574 muttum

518 3620 535 3647 -·
560 3603 676 3675 uni,
703 3613 788 3660 est
812 3619 1044 3677 paucum
1069 3604 1330 3662 alterive!
1357 3605 1729 3675 moderatum
1755 3606 1849 3662 sed
1876 3607 1929 3661 in
1954 3605 2173 3678 justitia
2198 3621 2307 3662 non
2326 3607 2583 3662 variatur

563 3693 804 3750 medium
848 3694 1145 3751 secundum
1175 3693 1421 3752 diversas
1465 3710 1714 3768 personae
1741 3695 2102 3763 conditioneS‚
2140 3694 2237 3752 sed
2269 3695 2584 3751 attenditur

563 3782 737 3839 solum
781 3782 851 3840 ad
894 3783 1256 3857 quantitatem
1302 3783 1401 3839 rei.
1447 3783 1553 3853 Qui
1595 3785 1740 3841 enim
1782 3786 1913 3840 emit
1950 3799 2065 3841 rem
2106 3783 2368 3858 aliquam,
2411 3783 2585 3856 debet

567 3877 781 3936 tantum
807 3872 1016 3932 solvere
1039 3880 1306 3946 quantum
1331 3872 1497 3943 valet,
1522 3873 1637 3934 sive
1664 3891 1696 3932 a
1720 3889 1976 3948 paupere,
2002 3874 2119 3933 sive
2148 3890 2179 3931 a
2207 3873 2379 3931 divite
2402 3883 2585 3934 emat.
