2800 4492
649 356 654 367 ·
743 341 836 392 ιι.
863 358 945 376 -—
968 319 1038 392 ιιι
1075 330 1346 394 nonrmu
1383 347 1466 396 nn
1506 325 1831 400 rarum-un
2160 341 2287 406 -101

269 446 442 530 -'pridr
469 459 526 514 et
563 458 837 531 potentior
871 459 1146 532 potentia,
1195 464 1258 517 ut
1302 461 1507 518 dicitur
1546 479 1589 520 x
1627 466 1903 525 Meta.·Et
1941 477 2163 545 propter
2188 475 2293 533 hoc

286 552 506 620 oportet
549 563 668 604 esse
697 558 762 603 εει
807 547 925 605 sine
954 549 1184 608 materia
1219 565 1346 624 quae
1387 561 1473 609 est
1514 555 1779 624 potentia,
1810 563 1869 613 et
1893 557 2101 633 absque
2138 573 2291 622 motu

285 636 385 710 qui
407 641 490 692 est
513 631 672 694 'actus
699 635 986 716 existentis
1007 637 1062 692 in
1083 639 1347 710 potentia,
1370 646 1428 696 et
1448 640 1755 714 hujusmodi
1777 654 1903 703 sunt
1929 664 2019 706 res
2044 651 2247 711 divinae
2273 672 2287 712 ε

285 724 421 797 quia'
445 725 491 782 si
518 725 762 781 divinum
792 725 1002 782 alicubi
1027 725 1234 797 existit,
1265 727 1322 783 in
1353 727 1450 786 tali
1488 736 1685 788 natura
1714 732 2061 795 immateriali
2094 747 2151 796 et
2182 741 2290 800 im-

284 813 472 870 mobili
514 813 995 880 maxime'existit,
1041 823 1103 870 ut
1138 815 1342 872 dicitur
1369 833 1431 874 vr
1456 819 1620 876 Meta.
1665 821 1989 894 Hujusmodi
2030 844 2159 901 ergo
2200 848 2289 888 res
2380 822 2391 831 ’

265 900 503 969 divinae,
535 901 666 974 quia
692 906 820 956 sunt
856 901 1124 975 principia
1153 904 1394 961 omnium
1431 907 1660 976 entium,
1691 915 1748 964 et
1774 917 1902 968 s‘unt
1937 913 2290 977 nihilominus
2328 913 2333 918 ’

281 991 341 1047 in
379 1001 452 1046 se·
485 988 698 1046 naturae
727 987 1038 1063 completae,
1084 990 1374 1064 dupliciter
1412 997 1639 1052 tractari
1667 1006 1913 1070 possunt.
1944 1003 2063 1061 Uno
2100 1009 2283 1077 modo,

263 1087 445 1154 =prout
467 1084 595 1135 sunt
620 1078 893 1151 principia¹
907 1081 1215 1136 communia
1237 1082 1480 1139 omnium
1505 1086 1715 1142 entium
1741 1103 1754 1142 :
1784 1088 1892 1145 alio
1912 1092 2093 1162 modo,
2125 1107 2287 1168 prout

277 1173 409 1226 sunt
441 1167 500 1223 in
527 1181 713 1223 seres
747 1166 1022 1239 quaedam.
1067 1167 1206 1238 Quia
1243 1176 1429 1227 autem
1466 1171 1777 1245 hujusmodi
1814 1177 1991 1251 prima
2019 1177 2287 1259 principia

277 1257 532 1329 quamvis
567 1255 678 1312 sint
717 1255 774 1310 in
816 1270 874 1324 se
902 1256 1138 1313 maxime
1173 1263 1323 1327 nota,
1359 1265 1543 1317 tamen
1587 1262 1897 1342 intellectus
1934 1284 1993 1325 se
2020 1269 2185 1330 habet
2215 1277 2285 1332 ad

273 1359 345 1400 *ea
382 1339 525 1400 sicut
559 1343 749 1400 oculus
788 1349 1016 1402 noctuae'
1047 1345 1116 1402 ad
1146 1344 1332 1404 lumen
1375 1347 1525 1417 solis,
1553 1355 1615 1406 ut
1646 1351 1849 1409 dicitur
1878 1371 1923 1412 11
1960 1359 2160 1431 Meta.;
2188 1380 2284 1435 per

259 1431 461 1489 >lumen
484 1431 750 1490 naturalis
772 1433 1000 1492 rationis
1022 1436 1309 1506 pervenire
1338 1453 1444 1493 non
1462 1453 1759 1511 possumus
1780 1441 1837 1498 in
1862 1459 1927 1501 ea
1954 1447 2058 1503 nisi
2082 1464 2282 1507 secun-

274 1522 408 1578 dum
435 1523 582 1596 quod
621 1522 680 1578 in
707 1538 772 1580 ea
801 1535 898 1594 per
932 1523 1160 1580 effectus
1199 1523 1451 1580 ducimur
1492 1543 1507 1582 ε
1538 1533 1596 1585 et
1639 1527 1745 1584 hoc
1784 1531 1946 1588 modo
1974 1535 2281 1612 Philosophi

271 1609 337 1674 in
355 1625 420 1668 ea
439 1616 822 1682 pervenerunt,
849 1609 993 1666 sicut
1015 1610 1220 1668 dicitur
1246 1612 1404 1669 Rom.
1435 1629 1455 1670 ι
1483 1630 1497 1670 t
1527 1613 1827 1674 Invisibilia
1845 1619 1967 1686 Dei,
1992 1630 2101 1679 etc.
2127 1625 2281 1683 Unde

257 1704 331 1754 'et
375 1697 680 1771 hujusmodi
709 1714 800 1754 res
835 1699 1038 1757 di'vinae
1065 1715 1170 1756 non
1201 1707 1513 1758 tractantur
1539 1719 1571 1760 a
1599 1704 1957 1780 philosophis,¹
1985 1711 2090 1769 nisi
2118 1724 2280 1786 prout

273 1794 404 1844 sunt
440 1803 621 1844 rerum
661 1785 902 1843 omnium
929 1787 1208 1861 'principia
1235 1804 1250 1844 t
1276 1797 1332 1845 et
1361 1791 1483 1848 ideo
1511 1798 1893 1864 petractantur
1918 1797 1975 1855 in
2008 1799 2104 1858 illa
2142 1803 2280 1861 doc-

271 1877 438 1944 trina,
469 1876 526 1932 in
555 1891 662 1950 qua
687 1882 964 1949 ponuntur
990 1875 1084 1932 illa
1109 1891 1235 1950 quae
1261 1884 1388 1934 sunt
1413 1882 1725 1941 communia
1753 1885 2003 1946 omnibus
2036 1891 2276 1966 entibus,

269 1981 398 2039 quae
441 1965 604 2022 habet
639 1963 946 2035 subjectum
987 1980 1085 2022 ens
1131 1965 1185 2021 in
1228 1973 1493 2039 quantum
1530 1975 1617 2026 est
1644 1982 1760 2039 ens,
1800 1981 1857 2031 et
1884 1975 2003 2034 haec
2044 1980 2273 2042 scientia

269 2053 416 2127 apud
443 2055 592 2126 ipsos
614 2052 844 2109 scientia
873 2052 1058 2108 divina
1087 2053 1310 2111 dicitur.
1339 2055 1436 2111 Est
1459 2064 1645 2114 autem
1668 2059 1808 2117 alius
1829 2064 2022 2122 modus
2040 2082 2273 2142 cognos-

251 2139 430 2210 -cendi
473 2141 784 2214 huiusmodi
823 2157 913 2196 res
956 2157 1064 2198 non
1105 2143 1406 2201 secundum
1436 2146 1582 2218 quod
1622 2164 1717 2221 per
1744 2151 1971 2210 effectus
2014 2159 2279 2217 manifes-

268 2239 477 2297 tantur,
517 2230 615 2286 sed
649 2215 958 2286 ‘secundum
997 2230 1143 2302 quod
1183 2231 1320 2304 ipsae
1364 2233 1576 2305 seipsas
1610 2238 1981 2300 manifestant.
2022 2237 2093 2300 Et
2133 2246 2278 2306 hunc

245 2319 489 2376 -modum
517 2318 670 2391 ponit
711 2321 903 2390 Apost.
942 2318 1121 2374 ICor.
1165 2335 1207 2377 11
1241 2337 1254 2374 t
1292 2319 1421 2386 Quoe
1458 2321 1560 2378 Dei
1594 2332 1723 2382 sunt
1760 2343 1912 2386 nemo
1956 2333 2121 2410 novit,
2167 2337 2275 2393 nisi

263 2407 498 2480 spiritus
538 2405 660 2462 Dei.
689 2404 806 2464 Nos
854 2411 1054 2472 autem,
1099 2412 1208 2463 etc.
1252 2407 1320 2464 Et
1366 2406 1803 2471 ibidemzNobia
1846 2425 2023 2476 autem
2066 2425 2271 2480 revela-

241 2497 365 2562 vit,
407 2501 515 2551 etc.
563 2494 632 2550 Et
658 2508 756 2566 per
796 2493 941 2550 hunc
985 2493 1210 2552 modum.
1250 2501 1558 2573 tractantur
1604 2515 1691 2556 res
1730 2501 1933 2562 divinae
1970 2512 2269 2584 secundum

243 2584 413 2658 ‘quod
442 2585 495 2639 in
523 2581 718 2654 seipsis
744 2582 1068 2649 subsistunt,
1105 2588 1161 2639 et
1191 2598 1299 2640 non
1341 2583 1518 2640 solum
1548 2597 1707 2658 prout
1734 2598 1862 2648 sunt
1900 2610 2081 2653 rerum
2118 2602 2274 2672 prin-

263 2673 442 2746 cipia..
468 2672 558 2729 Sic
585 2671 753 2743 igitur
775 2671 1065 2743 theologia,
1101 2673 1218 2730 sive
1248 2674 1481 2732 scientia
1516 2675 1721 2746 divina,
1753 2689 1837 2736 est
1872 2681 2266 2758 duplex.·Una,

261 2763 320 2818 in
343 2777 451 2834 qua
473 2761 887 2817 considerantur
908 2776 998 2816 res
1019 2760 1219 2823 divinae
1245 2777 1351 2820 non
1377 2771 1639 2837 tanquam
1664 2767 1971 2840 subjectum
1998 2777 2262 2848 scientiae,

244 2845 360 2906 'sed
405 2857 664 2923 tanquam
709 2848 1038 2922 principium
1079 2848 1330 2922 subjecti,
1377 2857 1434 2906 et
1478 2853 1605 2911 talis
1648 2864 1733 2914 est
1772 2857 2060 2934 theologia,
2103 2884 2268 2940 quam

262 2936 570 3010 Philosophi
609 2943 1032 3010 prosequuntur,
1074 2953 1201 3010 quae
1241 2939 1350 2995 alio
1393 2940 1610 3000 nomine
1636 2945 2009 3022 metaphysica
2045 2953 2264 3014 dicitur.

259 3026 383 3092 Alia
405 3042 535 3082 vero
559 3041 686 3098 quae
711 3025 858 3099 ipsas
885 3040 974 3082 res
997 3025 1210 3082 divinas
1233 3027 1544 3085 considerat
1567 3039 1789 3103 propter
1814 3035 2024 3108 seipsas
2050 3047 2111 3098 ut
2132 3045 2268 3100 sub·

251 3115 464 3188 jectum
501 3114 766 3179 scientiae‚
799 3119 856 3170 et
900 3113 1018 3170 haec
1045 3123 1130 3171 est
1160 3115 1454 3188 theologia,
1500 3133 1627 3190 quae
1662 3135 1819 3178 sacra
1854 3123 2138 3199 Scriptura
2176 3132 2266 3188 di-

237 3199 403 3260 ·citur
431 3219 444 3257 ε
482 3209 717 3275 utraque
745 3208 928 3258 autem
954 3209 1038 3258 est
1060 3203 1130 3258 de
1159 3201 1244 3258 his
1281 3219 1407 3278 quae
1443 3212 1573 3261 sunt
1600 3216 1854 3280 separata
1881 3227 1915 3270 a
1952 3213 2182 3278 materia
2208 3228 2265 3278 et

256 3297 411 3347 motu
427 3291 738 3347 'secundum
775 3285 914 3360 esse,
951 3290 1049 3346 sed
1077 3289 1443 3352 diversimodo
1470 3297 1770 3354 secundum
1798 3301 1944 3372 quod
1974 3305 2264 3380 dupliciter

256 3387 440 3452 potest
475 3378 684 3452 aliquid
713 3394 745 3435 a
773 3378 1004 3435 materia
1039 3394 1160 3434 esse
1189 3391 1504 3452 separatum
1532 3389 1588 3440 et
1616 3394 1767 3443 motu
1792 3393 2093 3450 secundum
2121 3413 2261 3457 esse.

255 3469 376 3525 Uno
405 3467 566 3523 modo
593 3467 693 3535 sic,
721 3465 866 3540 quod
895 3465 964 3522 de
991 3467 1205 3524 ratione
1229 3467 1307 3524 rei
1331 3485 1460 3548 quae
1484 3481 1739 3544 separata
1767 3476 1986 3548 dicitur,
2020 3483 2097 3543 sit
2114 3487 2264 3558 ‘quod

234 3556 406 3613 ‚nullo
449 3555 612 3612 modo
649 3571 682 3612 a
719 3555 1042 3637 materiabet
1085 3563 1235 3612 motu
1282 3573 1402 3614 esse
1428 3561 1649 3632 possit:
1689 3569 1748 3624 et
1774 3564 1880 3623 hoc
1905 3569 2067 3626 modo
2094 3573 2259 3646 Deus,

253 3653 314 3702 ct
343 3643 543 3716 'Angeli
584 3643 842 3702 dicuntur
869 3659 989 3700 esse
1024 3659 1059 3702 a
1085 3646 1317 3704 materia
1353 3652 1413 3702 et
1454 3655 1605 3705 motu
1644 3657 1905 3725 separati.
1936 3658 2057 3715 Alio
2096 3663 2262 3720 modo

250 3733 355 3798 sic,
387 3731 534 3804 quod
559 3747 664 3787 non
689 3731 762 3788 sit
787 3731 856 3787 de
884 3730 1094 3797 ratione
1122 3733 1242 3804 ejus
1264 3735 1410 3808 quod
1431 3736 1504 3792 sit
1536 3737 1589 3791 in
1608 3743 1851 3799 vmateria
1877 3751 1933 3800 et
1958 3756 2128 3817 motu,
2159 3752 2257 3808 sed

249 3822 426 3897 possit
454 3836 576 3877 esse
602 3820 720 3876 sine
758 3809 986 3878 materia
1029 3827 1086 3876 et
1113 3828 1284 3889 motu,
1317 3815 1569 3896 quamvis
1593 3829 1919 3903 quandoque
1948 3829 2257 3896 inveniatur

245 3911 308 3969 in
335 3907 570 3967 materia
599 3923 614 3968 ς
657 3914 713 3964 et
748 3909 830 3973 sic
863 3924 978 3980 ens,
1017 3917 1074 3969 ct
1101 3909 1432 3984 substantia,
1476 3920 1530 3970 et
1556 3917 1822 3990 potentia,
1852 3927 1910 3976 et
1937 3928 2095 4003 actus
2126 3935 2258 3988 sunt
