2800 4492
2504 253 2561 263 -s-

559 297 637 362 12
1000 313 1081 365 ts.
1125 315 1360 364 rnouAE
1397 309 1727 368 antimum
1746 305 2096 360 'croscum'

559 427 804 506 ciendae,
833 433 979 508 quod
1016 441 1185 518 novas
1220 424 1425 492 formas
1454 431 1567 492 ab
1594 431 1678 488 eis
1713 422 2000 504 recipiant.
2031 429 2100 488 Et
2134 417 2399 488 similiter
2447 431 2558 488 ιιοιι

565 530 784 599 oportet
797 526 940 599 quod
958 515 1111 582 mens
1129 523 1362 582 humana
1381 537 1509 598 quae
1548 527 1799 578 movetur
1820 535 1857 576 a
1876 521 1990 578 Deo
2019 519 2089 578 ad
2116 521 2557 623 cognoscendum

562 615 889 674 naturaliter
905 615 1142 688 cognita,
1167 629 1306 672 nova
1327 615 1448 671 luce
1504 609 1883 684 perfundatur.

633 705 1270 773 Adsextumdicendum‚
1290 703 1437 779 quod
1489 700 1633 759 sicut
1659 700 1794 758 dicit
1817 705 1996 772 Augu
2023 715 2133 757 vm
2174 715 2337 774 super
2378 701 2555 760 Gene-

549 791 624 848 ad
643 791 903 858 litteram,
920 791 1180 848 sicutaer
1203 790 1541 846 illuminatur
1561 806 1593 846 a
1619 790 1821 846 lumine
1846 796 2135 862 praesente,
2151 791 2297 864 quod
2328 790 2558 848 sifuerit

554 879 751 936 absens
796 881 1056 936 continuo
1096 878 1434 947 tenebratur,
1475 879 1553 936 ita
1594 894 1749 936 mens
1786 878 2092 936 illustratur
2138 895 2170 938 a
2210 881 2345 948 Deo,
2373 886 2429 936 et
2478 881 2558 937 ita

555 966 723 1025 etiam
748 969 926 1025 lumen
957 967 1212 1026 naturale
1228 983 1445 1069 semper
1470 967 1659 1024 Deus
1645 984 1701 1023 ιιι
1730 967 1913 1024 anima
1948 975 2173 1046 causat,
2190 984 2297 1024 non
2322 967 2471 1026 aliud
2502 975 2559 1026 et

554 1044 726 1125 aliud,
752 1057 848 1114 sed
874 1058 1066 1115 idem:
1095 1072 1212 1114 ιιοιι
1226 1055 1371 1114 enim
1410 1064 1493 1113 est
1535 1072 1699 1114 causa
1730 1056 1847 1113 fieri
1876 1055 1992 1130 ejus
2032 1032 2225 1125 solum,
2257 1059 2352 1115 sed
2390 1058 2560 1116 etiam

555 1161 676 1203 esse
689 1146 891 1218 ipsius.
923 1147 982 1203 In
1024 1146 1127 1204 hoc
1163 1161 1294 1218 ergo
1335 1145 1593 1202 continue
1620 1147 1765 1202 Deus
1795 1150 2053 1224 operatur
2096 1146 2152 1202 in
2180 1152 2381 1214 mente,
2411 1147 2559 1220 quod

552 1235 610 1290 in
637 1234 755 1308 ipsa
781 1234 961 1292 lumen
991 1235 1240 1292 naturale
1267 1240 1461 1291 causat
1498 1237 1554 1289 et
1586 1233 1765 1310 ipsum
1792 1234 2001 1306 dirigit,
2030 1241 2087 1292 et
2129 1237 2211 1292 sic
2256 1251 2408 1292 mens
2450 1250 2558 1292 ιιοιι

552 1323 670 1379 sine
693 1325 1011 1398 operatione
1039 1325 1220 1380 causae
1249 1323 1441 1397 primae
1461 1322 1527 1378 -in
1553 1323 1719 1380 suam'
1738 1324 2113 1396 operationem
2142 1323 2411 1398 procedit.

621 1412 706 1470 Ad
743 1414 1039 1486 septimum
1067 1413 1378 1481 dicendum,
1412 1412 1557 1486 quod
1588 1411 1877 1470 voluntas
1880 1428 2159 1488 nunquam
2200 1417 2381 1514 potest
2420 1411 2560 1469 bene

553 1501 691 1558 velle
715 1504 832 1558 sine
859 1503 1045 1559 divino
1070 1501 1380 1559 instinctu·
1414 1507 1595 1573 potest
1636 1507 1821 1558 autem
1861 1501 1999 1558 bene
2044 1501 2184 1559 velle
2219 1501 2338 1558 sine
2363 1503 2562 1574 gratiae
2632 1508 2639 1516 “

552 1575 843 1676 infusione,
874 1575 970 1647 sed
1019 1605 1126 1648 non
1160 1587 1461 1645 meritorie.
1487 1589 1556 1645 Et
1590 1588 1843 1647 similiter
1880 1590 2193 1647 intellectus
2229 1606 2336 1647 non
2379 1597 2561 1662 potest

551 1677 668 1734 sine
690 1678 876 1735 divino
896 1683 1058 1734 motu
1067 1677 1359 1736 veritatem
1379 1693 1783 1750 quamcumque
1806 1661 2151 1750 cognoscere,
2169 1685 2350 1752 potest
2373 1683 2561 1735 autem

553 1767 672 1844 eine
695 1767 818 1824 no‘vi
850 1767 1070 1823 luminis
1099 1766 1387 1835 infusione,
1416 1767 1667 1840 quamvis
1695 1781 1803 1824 non
1828 1783 1892 1824 ea
1921 1783 2048 1841 quae
2074 1768 2381 1870 naturalem
2424 1781 2562 1840 cog-

555 1840 821 1912 uitionem
845 1855 1137 1912 excedunt.

567 1943 706 2001 Ad
735 1951 991 2002 octavum
1015 1928 1327 2013 dicendum,
1359 1944 1507 2020 quod
1529 1943 1634 2003 hoc
1653 1943 1774 2020 ipso
1801 1945 1949 2021 quod
1994 1947 2142 2004 Deus
2177 1946 2234 2003 in
2278 1925 2435 2002 nobis
2471 1943 2565 2004 lu-

555 2048 680 2089 men
706 2033 958 2090 naturale
985 2034 1359 2095 conservando
1381 2043 1594 2104 causat,
1621 2041 1679 2092 et
1713 2035 1892 2109 ipsum
1929 2033 2117 2107 dirigit
2143 2035 2212 2092 ad
2240 2033 2559 2091 vivendum.

558 2122 911 2200 manifestum
951 2131 1054 2190 est,
1091 2123 1239 2197 quod
1295 2124 1573 2198 perceptio
1622 2125 1872 2200 yeritatis
1922 2123 2027 2180 sibi
2059 2123 2347 2197 *praecipue
2397 2101 2565 2178 debet
2624 2109 2642 2116 ⁵

558 2208 790 2283 ascribi,
821 2211 965 2288 sicut
1005 2212 1252 2286 operatio
1277 2212 1441 2282 artis',
1477 2213 1651 2286 magis
1688 2211 1951 2270 acribitur
1990 2211 2189 2271 artifici
2226 2227 2393 2286 quam
2428 2209 2561 2269 arti.

1260 2390 1716 2472 AR'mctJLUs
1777 2391 1859 2456 11.

648 2521 868 2590 Utrum
895 2505 1054 2590 mens
1075 2523 1338 2589 humana
1359 2503 1557 2606 possit
1583 2525 1665 2590 ad
1690 2523 1811 2598 Dei
1832 2523 2117 2590 notitiam
2142 2521 2479 2604 pervenire.

631 2645 715 2714 Ad
735 2657 1036 2713 secundum
1063 2657 1145 2713 sic
1173 2653 1507 2728 proceditur.
1538 2659 1593 2714 t.
1618 2657 1848 2715 Videtur
1869 2655 2016 2731 quod
2044 2657 2190 2712 Deus
2224 2654 2372 2712 nullo
2396 2654 2563 2711 modo

555 2741 736 2819 ‘possit
757 2747 1013 2818 cognosci
1039 2761 1074 2803 a
1095 2745 1272 2802 nobis·
1302 2746 1442 2803 Illud
1466 2746 1611 2803 enim
1640 2745 1787 2820 quod
1828 2745 1885 2802 in
1916 2759 2129 2802 summo
2157 2743 2330 2816 gradu
2360 2749 2567 2800 nostrae

560 2829 888 2906 cognitionis
925 2833 1080 2891 nobis
1118 2835 1458 2907 incognitum
1496 2840 1761 2898 remanet,
1804 2834 1952 2908 nullo
1995 2833 2158 2891 modo
2196 2841 2281 2890 est
2337 2848 2369 2889 a
2405 2831 2567 2888 nobis

558 2918 924 2995 cognoscibile
957 2940 970 2979 :
1003 2922 1177 2980 sedin
1208 2922 1603 2997 perfectissimo
1636 2923 1807 2998 gradu
1834 2929 2037 2980 nostrae
2077 2919 2408 2994 cognitionis
2450 2915 2567 2976 Deo

559 3029 670 3070 non
699 3008 1096 3085 conjungimur,
1127 3013 1229 3070 nisi
1255 3015 1414 3088 quasi
1448 3013 1654 3086 ignoto,
1680 3019 1740 3070 ut
1766 3011 1901 3070 dicit
1928 3013 2157 3086 Dionys·
2190 3027 2211 3068 1
2251 3025 2374 3082 cap.
2410 3009 2569 3081 Mys—

563 3099 690 3158 ticae
729 3101 1042 3173 theologiae3
1069 3118 1197 3175 ergo
1225 3103 1374 3159 Deus
1408 3101 1553 3158 nullo
1585 3103 1764 3169 modo,
1796 3106 1880 3158 est
1906 3117 1938 3158 a
1979 3101 2134 3157 nobis
2158 3096 2567 3170 cognoscibilis.

561 3198 570 3202 ·
635 3193 687 3245 2.
715 3175 870 3255 Item,
904 3203 1062 3245 omne
1091 3179 1235 3263 quod
1263 3189 1629 3262 cognoscitur,
1661 3205 1758 3262 per
1789 3183 2031 3261 aliquam
2068 3187 2299 3244 sormam
2328 3199 2572 3255 cognos-

560 3277 710 3335 citur
741 3295 754 3333 :
781 3278 896 3345 sed,
925 3278 1067 3335 sicut
1096 3279 1230 3336 dicit
1263 3284 1464 3352 Augu„
1500 3280 1645 3334 Deus
1668 3293 1883 3353 omnem
1911 3277 2141 3334 formam
2180 3275 2355 3332 nostri
2393 3272 2569 3329 intel·

565 3367 738 3424 lectus
759 3366 1117 3440 subterfugit3
1144 3383 1272 3442 ergo
1295 3368 1443 3424 nullo
1467 3366 1629 3442 modo
1658 3373 1743 3424 est
1773 3384 1805 3424 a
1825 3366 1982 3422 nobis
2004 3363 2409 3437 cognoscibilis.

627 3461 690 3513 ·3.
729 3457 886 3524 Item,
933 3455 1313 3529 cognoscentis
1346 3462 1404 3512 et
1450 3455 1852 3528 cognoscibilis,
1899 3461 2115 3529 oportet
2161 3468 2281 3510 esse
2323 3449 2571 3524 aliquam

568 3531 996 3622 proportionem,
1036 3547 1180 3602 sicut
1215 3553 1272 3602 et
1307 3546 1569 3616 potentiae
1608 3545 1905 3618 cujuslibet
1940 3544 2007 3601 ad
2050 3557 2209 3599 suum
2247 3541 2568 3613 objectumz

564 3635 660 3708 sed
700 3635 841 3722 inter
879 3634 1215 3690 intellectum
1261 3641 1510 3690 nostrum
1555 3643 1610 3692 et
1652 3636 1823 3690 Deum
1869 3632 2015 3704 nulla
2056 3625 2239 3705 potest
2272 3645 2393 3686 esse
2436 3643 2576 3702 pro-

565 3725 763 3797 portic,
798 3725 939 3780 sicut
964 3739 1064 3779 nec
1091 3723 1232 3778 inter
1259 3721 1535 3779 infinitum
1563 3729 1618 3780 et
1643 3723 1875 3791 finitum,
1908 3737 2038 3794 ergo
2072 3718 2385 3808 intellectus
2421 3717 2574 3774 nullo

565 3813 732 3870 modo
760 3817 940 3886 potest
968 3813 1142 3867 Deum
1169 3826 1518 3883 cognoscere.

639 3903 692 3958 t.
722 3901 880 3970 Item,
911 3914 1036 3958 cum
1063 3898 1309 4022 potentia
1348 3905 1407 3960 et
1452 3905 1611 3959 actus
1649 3900 1981 3960 reducantur
2011 3896 2068 3956 in
2092 3895 2239 3957 idem
2262 3911 2454 3971 genus,
2475 3900 2573 3955 ut-
