2800 4492
11 2710 24 2963 “uu-nunna·

557 357 683 425 338·
1039 385 1091 456 β.
1135 382 1367 428 rumim:
1408 367 1736 433 Aoutmrls
1778 367 2087 428 opuscum

563 498 722 564 robis,
753 513 859 554 nou
884 514 1050 554 eseam
1075 499 1233 572 calio
1260 501 1439 566 mod0,
1468 499 1597 574 quia
1621 499 1843 556 confuse
1870 502 1927 556 et
1958 497 2265 555 inordinate
2296 491 2561 570 proponit,

563 605 666 642 uon
704 587 1000 660 praeferens
1026 589 1233 660 majora
1275 588 1592 656 minoribuS,
1624 596 1814 646 contra
1839 587 1894 644 id
1934 587 2079 660 quod
2109 587 2410 658 Gregorius
2438 585 2566 641 dicit

565 677 616 730 iu
656 676 923 732 Pastorali
966 693 978 730 ε
1007 676 1093 732 Sic
1119 676 1387 733 laudanda
1418 683 1539 732 sunt
1570 678 1703 733 bona
1729 693 1953 742 summa,
1982 692 2048 732 ne
2076 675 2446 748 despiciantur
2478 673 2566 730 ul-

563 765 694 818 tima
709 781 727 832 ,·
759 764 834 820 sic
857 765 1152 820 nutrienda
1179 773 1303 823 sunt
1332 766 1465 822 bona
1494 766 1702 832 ultima,
1743 783 1808 821 ne
1832 765 1956 821 dum
1988 765 2225 838 sufficere
2254 763 2569 826 creduntur,-

561 848 887 926 uequaqum'n
919 855 1172 910 tendatur
1209 855 1279 910 ud
1305 861 1529 911 stemma.
1567 855 1635 910 Et
1664 855 1717 910 in
1758 853 1843 910 his
1872 853 2089 910 casibus
2122 853 2569 910 tenetur.doctor

561 958 626 997 ex
651 945 807 1014 cujus
836 944 1082 1000 doctrina
1111 943 1370 1000 damnum
1396 943 1681 1016 spirituale
1706 943 1926 1010 accidit,
1961 948 2150 998 contra
2180 942 2283 997 hoc
2310 941 2565 997 damnum

561 1033 859 1087 remedium
887 1049 1086 1106 ponere
1113 1034 1165 1088 in
1193 1042 1458 1106 quantum
1486 1041 1683 1104 potest,
1709 1033 2027 1105 exponendo
2048 1031 2242 1087 saltem
2262 1029 2563 1086 doctrinam

560 1113 734 1175 suam.
776 1120 906 1177 Alio·
941 1121 1102 1177 modo
1138 1129 1318 1194 potest
1347 1123 1663 1192 contingere
1702 1137 1769 1176 ex
1797 1120 2014 1177 defectu
2054 1119 2314 1188 aliorum3
2349 1126 2477 1190 puta
2518 1118 2562 1172 si

563 1208 751 1280 aliqui,
791 1209 1022 1264 dicendo
1053 1210 1235 1282 aliqua
1283 1226 1530 1276 erronea,
1577 1209 1893 1266 inducerent
1932 1208 2176 1263 homines
2217 1209 2283 1264 ad
2330 1206 2565 1280 aliquam

562 1297 912 1368 religionem,·
947 1307 1134 1371 utpote
1163 1299 1207 1353 si
1243 1298 1489 1354 dicerent
1514 1299 1660 1371 quod
1689 1298 2021 1370 quicumque
2050 1297 2219 1352 intrat
2250 1295 2411 1350 talem
2437 1294 2571 1350 reli-⁴

560 1386 793 1457 gionem,
827 1389 1012 1443 statim
1047 1389 1148 1449 erit
1178 1387 1408 1460 {equalis
1438 1387 1613 1442 meriti
1646 1389 1785 1466 sicu-t
1817 1389 2017 1443 Beatus
2045 1388 2255 1442 Petrus·
2285 1385 2352 1440 Et
2382 1385 2433 1439 in
2465 1383 2573 1438 hocf

560 1491 690 1530 casu
718 1492 822 1531 non
852 1483 1066 1531 tenetur
1094 1493 1308 1533 cessare
1347 1493 1379 1532 a
1409 1491 1506 1531 sua
1534 1475 1803 1532 doctrina.
1839 1476 2049 1530 Intrare
2073 1473 2566 1544 enim.religionem

561 1571 781 1635 propter
805 1561 1045 1621 'errorem
1081 1582 1184 1620 non
1215 1572 1298 1621 est
1326 1564 1547 1620 bonum.
1581 1564 1734 1620 Unde
1764 1564 1843 1621 sie
1873 1579 1978 1619 non
2010 1563 2239 1620 retrahit
2264 1562 2507 1617 homines
2536 1577 2570 1616 a

561 1652 774 1708 meliori
803 1653 943 1710 bono
971 1654 1094 1709 talis
1119 1655 1308 1709 doctor
1337 1671 1350 1708 :
1383 1663 1438 1710 et
1464 1653 1566 1710 hoo
1594 1661 1676 1709 est
1706 1653 1850 1726 quod
1877 1640 2174 1724 Gregorius
2198 1651 2333 1707 dicit
2358 1652 2407 1705 in
2436 1651 2571 1706 Pas-

564 1741 724 1796 torali
763 1759 776 1796 ε
809 1742 955 1797 Sicut
985 1743 1199 1799 incauta
1231 1743 1423 1798 locutio
1446 1742 1502 1796 in
1529 1758 1769 1798 errorem
1786 1741 2085 1814 protrahit,
2112 1740 2191 1796 ita
2224 1739 2572 1797 indiscretum

561 1829 834 1886 silentium
863 1847 945 1886 eos
972 1830 1063 1902 qui
1087 1830 1300 1887 erudiri
1321 1837 1593 1903 potera-nt,
1620 1831 1681 1886 in
1706 1847 1894 1910 errore
1916 1828 2258 1902 derelinquit.

635 1918 702 1974 Et
729 1934 823 1990 per
849 1918 948 1975 hoc
975 1927 1126 1991 patet
1155 1920 1433 1992 responsio
1456 1920 1524 1976 ad
1545 1920 1779 1992 objecta.

1255 2119 1651 2205 QUAESTIO
1696 2120 1881 2190 XIII.

638 2275 844 2334 Deinde
875 2279 1020 2336 circa
1063 2278 1344 2352 religiosos
1386 2279 1618 2354 quaesita
1659 2285 1787 2336 sunt
1814 2279 1923 2337 duo
1966 2295 1979 2332 ε
2028 2278 2087 2333 40
2120 2282 2299 2364 utrum
2331 2274 2587 2350 religiosi·

569 2369 856 2424 teneantur
887 2368 1158 2440 patienter
1187 2368 1420 2426 tolerare
1444 2371 1671 2441 injurias
1700 2369 1803 2424 sibi
1833 2368 2035 2438 sactas3
2063 2371 2125 2425 2⁰
2152 2373 2333 2423 utrum
2358 2366 2451 2422 ille
2477 2366 2587 2439 qui·

519 2489 525 2496 ·
560 2459 710 2529 jurat
731 2473 790 2514 se
816 2455 920 2513 non
944 2459 1273 2514 intraturum
1293 2458 1628 2530 religionem,
1654 2459 1823 2530 possit
1846 2457 1993 2514 licite
2012 2455 2325 2528 religionem
2342 2456 2577 2513 intrare.
2673 2526 2681 2531 .

1199 2636 1655 2724 ARTIQULUS
1697 2636 1925 2700 XXVI.

565 2733 796 2832 'Utrum
850 2764 1124 2849 reliyiosi
1175 2770 1417 2832 debeant
1468 2771 1723 2834 tolerare
1770 2787 1911 2834 suos
1963 2770 2431 2850 imp-aquatores.
2492 2801 2588 2819 -—-

651 2859 812 2936 (2-2,
840 2864 1048 2936 quaest.
1080 2858 1216 2930 108,
1249 2863 1370 2920 art.
1408 2861 1464 2933 l,
1498 2861 1579 2920 ad
1599 2861 1661 2936 2,
1687 2864 1743 2922 et
1766 2863 1825 2934 4,
1858 2863 1913 2924 et
1940 2864 2149 2939 quast.
2180 2860 2318 2934 188,
2355 2863 2477 2920 art.
2504 2860 2576 2934 3,

648 2945 730 3006 ad
759 2947 823 3021 13
857 2951 913 3008 et
939 2952 1136 3024 opuso'.
1175 2948 1269 3020 19,
1303 2964 1439 3026 cap.
1468 2949 1590 3028 17).

638 3078 792 3135 Circa
817 3081 1054 3152 primum
1075 3081 1154 3136 sic
1179 3081 1507 3152 proceditur.
1537 3083 1589 3137 l.
1615 3082 1843 3139 Videtur
1866 3084 2011 3157 quod
2052 3084 2287 3156 religiosi
2332 3101 2436 3141 non
2465 3081 2581 3139 de-

567 3167 732 3224 beant
761 3169 993 3225 tolerare
1023 3186 1149 3226 suos
1179 3169 1604 3242 impugnatores.>
1638 3173 1695 3226 ln
1735 3173 2141 3245 impugnatione
2170 3174 2313 3229 enim
2354 3173 2582 3246 perfec-

567 3262 745 3311 torum
786 3259 1028 3312 virorum
1076 3259 1220 3314 Deus
1260 3261 1647 3332 impugnatur:
1684 3261 1823 3316 unde
1869 3262 2135 3316 Dominus
2175 3262 2336 3318 Saulo
2381 3276 2585 3332 perse-

567 3345 752 3415 quenti
791 3345 1084 3416 discipulos
1113 3347 1310 3405 Christi
1354 3350 1509 3417 dixit,
1540 3353 1774 3405 Actuum
1810 3364 1890 3416 rx,
1925 3353 1956 3404 4
1991 3368 2003 3404 ι
2031 3350 2207 3415 Saule,
2238 3349 2413 3414 Saule,
2442 3349 2589 3420 quid

565 3449 646 3486 me
681 3433 1050 3504 persequeris?
1083 3436 1186 3490 Sed
1229 3437 1454 3508 perfecti
1488 3439 1588 3494 viri
1628 3454 1735 3492 non
1778 3438 1975 3494 debent
2020 3436 2426 3512 impugnatores
2470 3437 2591 3492 Dei
2660 3437 2671 3446 '

568 3521 821 3577 tolerare.
849 3522 988 3594 Ergo
1015 3539 1190 3595 neque
1215 3525 1621 3597 impugnatores
1646 3515 1913 3598 proprios„

637 3615 687 3666 2.
721 3612 1009 3676 Praeterea,
1049 3610 1276 3683 quilibet
1319 3614 1591 3684 perfectus
1632 3616 1794 3672 debet
1838 3617 2059 3672 obviare
2102 3617 2188 3672 his
2226 3633 2351 3690 quae
2396 3615 2589 3672 statui

563 3701 912 3769 perfectionis
933 3702 1286 3772 praejud'icant
1307 3719 1320 3763 ;
1342 3704 1482 3756 unde
1512 3705 1802 3776 Apostolus
1828 3706 1979 3774 dicit,
1997 3707 2044 3760 ll
2074 3707 2140 3762 ad
2166 3707 2469 3770 Corint.v1‚
2496 3709 2535 3760 3
2570 3721 2585 3758 :

567 3788 640 3844 Ut
663 3806 766 3843 non
791 3790 1126 3861 vituperetur
1152 3791 1513 3847 ministerium
1537 3799 1795 3848 nostrum.
1830 3795 1933 3850 Sed
1981 3811 2073 3866 per
2121 3794 2225 3874 l300
2253 3793 2394 3865 quod
2440 3809 2599 3864 per-⁶

565 3875 696 3926 secti
746 3878 1148 3948 impugnantur,
1193 3881 1358 3934 statui
1416 3881 1761 3950 perfectionis
1808 3883 2120 3955 derogatur.
2149 3875 2293 3954 Ergo
2340 3882 2593 3956 perfecti

565 3961 664 4014 viri
697 3979 798 4018 uon
829 3967 1027 4022 debent
1055 3967 1282 4023 tolerare
1315 3983 1440 4024 suos
1468 3971 1890 4042 impugnatores,
2130 3963 2133 3966 ⁴
