2800 4492
680 337 789 380 xii.
821 325 902 366 .·...
927 338 1358 394 cunonem-um
1399 342 1767 392 novocomum
1791 350 1805 387 :2
2153 331 2233 395 ‘29’

219 450 456 508 diiectae.
482 449 801 520 ’Quodlibet
847 457 1029 509 au'tem
1071 453 1266 511 horum
1309 458 1475 513 trium
1506 459 1896 519 certitudinem
1943 455 2138 533 habet,-
2174 476 2229 522 et

221 547 404 595 tamen
461 541 844 596 necessitatem
891 558 1000 597 non
1049 543 1294 615 imponit.
1341 546 1409 617 Et
1436 550 1593 619 ³quod
1660 554 2000 621 praescientia
2044 556 2226 611 divina
2264 597 2269 602 .

218 628 602 683 certitudinem
653 626 872 695 habeat,
911 636 1094 701 patet.
1146 632 1292 687 Deus
1331 635 1476 689 enim
1508 643 1802 709 cognoscit
1850 656 1937 696 res
1978 642 2224 699 nobiliori

219 716 380 771 modu
406 732 574 789 quam
613 732 712 772 nos
749 732 1164 785 cognoscamus,
1208 721 1348 776 Nam
1389 725 1631 794 cognitio
1661 728 1847 783 nostia
1888 730 1987 785 est
2002 731 2055 785 in
2084 730 2228 787 tem-

219 821 374 876 pore;
419 812 494 859 et
519 804 642 861 ideo
692 806 922 863 intuitus
972 816 1157 863 noster
1207 810 1431 881 respicit
1482 828 1571 865 res
1616 818 1917 873 secundum
1948 820 2225 877 rationem
2276 863 2280 868 -

220 893 496 966 temporis,
530 892 738 952 scilicet
781 894 1084 965 praesentis,
1118 898 1404 967 praeteriti,
1440 906 1497 955 et
1524 899 1727 969 suturi3
1772 914 1835 959 ut
1874 907 2083 983 scilicet
2130 926 2225 965 co·-

216 991 442 1053 gnoscat
486 982 762 1052 praeterita
807 989 866 1037 ut
907 985 1205 1055 praeterita,
1249 989 1542 1057 praesentia
1591 996 1648 1045 ut
1694 994 2007 1061 praesentia,
2046 996 2257 1053 sutura·

216 1081 274 1126 ut
301 1070 510 1135 sutura,
541 1079 595 1125 et
618 1070 1096 1130 certitudinaiiter.
1135 1074 1386 1143 Cognitio
1410 1091 1541 1132 vero
1572 1078 1757 1134 divina
1786 1088 1869 1134 est
1893 1096 2055 1154 supra
2085 1092 2227 1141 tem·-
2280 1122 2284 1127 -

216 1175 331 1231 pua,
371 1166 428 1214 et
474 1168 820 1215 mensuratur
844 1162 1154 1217 aeternitate
1185 1162 1390 1232 solum;
1423 1173 1479 1220 et
1518 1165 1641 1221 ideo
1686 1182 1789 1223 non
1818 1174 2099 1240 cognoscit
2134 1172 2227 1230 'res
2268 1217 2273 1222 -
2360 1177 2364 1180 ’

215 1254 374 1321 prout
403 1254 529 1303 sunit
555 1248 607 1301 in
635 1256 896 1319 tempore,
922 1249 1018 1320 sed
1052 1257 1212 1319 prout
1237 1259 1364 1305 sunt·
1388 1251 1441 1307 in
1468 1256 1797 1322 aeternitate,
1826 1258 2035 1316 scilicet
2067 1268 2227 1334 prout
2269 1309 2273 1313 ,

215 1336 540 1407 praesentia;
568 1344 621 1391 et
647 1335 748 1391 hoc
777 1344 888 1391 tam
913 1340 1224 1395 necessaria
1247 1355 1411 1411 quam
1438 1343 1809 1421 contingi-ntia
1836 1363 1849 1413 ;
1875 1348 2017 1403 unde
2042 1350 2225 1405 omnia

210 1423 490 1496 cognoscit
531 1431 810 1495 tamquam
849 1425 1138 1495 praesentia
1181 1427 1236 1483 iu
1274 1443 1368 1483 sua
1401 1432 1891 1501 proesentiatitate„
1920 1436 2053 1491 Cum
2096 1453 2224 1507 ergo

210 1514 376 1569 etiam
425 1512 732 1568 intellectus
769 1520 993 1573 ,noster-
1039 1514 1501 1587 certitudinaiiter
1552 1530 1847 1589 cognoscat
1910 1528 2223 1595 praesentia,

211 1602 381 1657 multo
406 1602 576 1671 magis
598 1602 744 1657 Deus
763 1602 944 1661 omnia
969 1602 1071 1659 sibi
1098 1604 1388 1675 praesentia
1412 1608 1873 1667 certitudinaiiter
1897 1615 2178 1684 cognoscit
2208 1634 2221 1670 ι

209 1707 276 1745 ex
305 1704 414 1762 quo
445 1689 590 1748 nulia
631 1691 932 1748 necessitas
966 1690 1128 1747 rebus
1155 1693 1390 1763 cognitis
1438 1695 1716 1752 inducitur
1756 1716 1769 1753 z
1802 1700 1943 1756 sicut
1976 1702 2225 1760 videmus

207 1779 354 1852 quod
389 1777 587 1849 aliquis
613 1778 852 1835 existens
883 1778 938 1834 in
981 1778 1102 1835 loco
1129 1782 1409 1848 eminenti,
1450 1782 1601 1842 videt
1640 1787 2100 1845 certitudinaiiter
2130 1808 2227 1848 or.-

207 1869 392 1923 diuem
434 1866 764 1927 venienti-um
809 1868 1136 1940 aliquorum,
1183 1876 1240 1925 et
1283 1872 1529 1929 euntium
1568 1890 1665 1946 per
1707 1876 1855 1943 vias;
1890 1885 1945 1933 et
1984 1879 2123 1935 atius
2170 1881 2225 1937 in
2268 1898 2273 1905 ·

205 1956 370 2029 piano
395 1955 652 2021 existens
685 1972 789 2011 non
819 1956 972 2013 videt
1005 1959 1104 2015 nisi
1140 1975 1265 2031 quae
1301 1970 1429 2017 sunt
1456 1960 1559 2020 sibi
1590 1968 1911 2034 praesentia3
1944 1976 1999 2023 et
2040 1978 2225 2025 tamen
2262 2020 2271 2025 -

207 2043 518 2099 hominibus
546 2044 666 2099 ist-is
695 2061 760 2099 ex
789 2045 891 2103 hoc
917 2045 1062 2101 uuila
1099 2046 1398 2103 necessitas
1438 2050 1737 2119 imponitur
1774 2070 1787 2105 :
1820 2070 1946 2111 uam
1976 2056 2079 2111 hoc
2114 2074 2222 2113 non

205 2141 292 2189 est
321 2132 428 2187 nisi
450 2149 517 2189 ex
546 2132 646 2190 hoc
676 2132 822 2205 quod
854 2134 906 2188 in
940 2133 1052 2190 aito
1081 2135 1322 2192 existens
1351 2136 1597 2191 intuetur
1624 2140 1805 2195 omnia
1840 2148 1899 2196 ut
1931 2146 2224 2213 praesentia

203 2238 334 2295 qnae
376 2221 524 2276 eunti
566 2223 619 2275 in
650 2221 809 2292 plano
838 2230 966 2277 sunt
1007 2222 1304 2295 praeterita,
1345 2224 1559 2279 scilicet
1600 2225 1690 2285 illa
1732 2244 1857 2300 quae
1886 2238 2033 2287 retro
2064 2243 2236 2306 sunt,

204 2309 518 2384 praesentia,
561 2310 652 2365 illa
691 2310 900 2367 scilicet
943 2326 1069 2385 quae
1095 2320 1222 2369 sunt
1250 2312 1414 2384 juxta
1442 2328 1532 2383 se;
1570 2322 1627 2373 et
1655 2315 1859 2393 sutura,
1894 2318 1985 2375 ilia
2013 2322 2224 2380 scilicet

203 2414 332 2471 quae
362 2398 634 2453 anteriora
665 2402 812 2452 sunt.

277 2486 432 2556 Quod
479 2496 664 2572 autem
707 2485 961 2542 voluntas
1006 2485 1192 2541 divina
1235 2488 1623 2547 certitudinem
1665 2489 1889 2561 habeat,
1940 2500 1997 2550 et
2020 2458 2223 2553 tamen

203 2577 590 2633 necessitatem
619 2590 722 2631 non
748 2574 1009 2645 imponat,
1036 2574 1114 2629 sic
1141 2582 1311 2646 patet.
1342 2575 1605 2635 Vol-nutas
1631 2581 1777 2635 enim
1800 2583 1895 2638 Dei
1922 2593 2005 2640 est
2030 2586 2220 2643 efficax

203 2670 260 2720 et
291 2662 532 2734 perfecta
554 2661 720 2718 causa
743 2661 984 2721 omnium
1011 2676 1195 2717 rerum
1226 2679 1241 2720 z
1275 2664 1402 2735 quia
1426 2666 1608 2724 omnia
1634 2684 1997 2745 quoecumque
2027 2675 2217 2739 votuit,

204 2752 471 2808 Dominus
501 2748 650 2807 fecit.
695 2749 862 2821 Cujus
891 2748 1154 2821 perfectio
1182 2757 1238 2827 et
1275 2750 1519 2809 efficacia
1554 2764 1783 2828 apparet
1810 2776 1875 2815 ex
1916 2760 2042 2831 hoc,
2074 2764 2219 2834 quod

205 2857 312 2897 non
343 2838 520 2895 solum
551 2845 732 2893 movet
771 2842 826 2891 et
863 2845 1056 2913 causat
1082 2854 1190 2907 reS,
1229 2841 1324 2897 sed
1353 2842 1522 2902 etiam
1546 2844 1643 2900 dat
1677 2846 1757 2902 eis
1796 2848 1960 2907 tatem
2000 2852 2219 2910 modum

203 2926 488 2991 causandi,
525 2926 576 2979 in
611 2931 887 2998 quantum⁴
903 2926 1128 2983 cuilibet
1154 2928 1230 2983 rei
1247 2928 1686 2993 ‚determinatum
1718 2938 1937 2995 modum
1966 2940 2215 3006 contulit,

204 3033 314 3089 quo
342 3030 469 3071 suos
493 3015 718 3077 effectus
741 3015 1086 3086 produceret.
1114 3016 1289 3085 Unde,
1322 3020 1453 3090 quia
1480 3022 1594 3091 ipse
1624 3021 1797 3097 voluit
1820 3027 2073 3097 quaedam
2102 3043 2221 3083 esse
2254 3071 2263 3081 ,

205 3108 260 3161 in
293 3106 545 3159 universo
579 3103 908 3169 necessaria,
941 3110 997 3157 et
1025 3104 1277 3175 quaedam
1311 3106 1705 3178 contingentia,
1734 3113 2023 3168 constituit
2050 3131 2221 3187 quas·

204 3196 334 3249 dam
357 3208 554 3248 causas
576 3191 776 3264 quibus
799 3191 1030 3247 contulit
1054 3202 1112 3249 ut
1135 3194 1515 3264 contingenter
1534 3206 1846 3264 causarent,
1874 3211 1930 3257 et
1950 3205 2227 3277 quasdam·

155 3282 163 3289 “
205 3282 408 3353 quibus
451 3279 685 3335 contulit
740 3285 800 3333 ut
846 3281 1154 3336 necessario
1213 3292 1507 3340 causarent
1550 3284 1797 3355 effectus.
1850 3289 2004 3347 Unde
2047 3293 2221 3353 ’voluit

205 3371 374 3425 istum
395 3368 476 3423 vel
505 3368 653 3423 i'iium
675 3368 926 3423 effectum
958 3383 1062 3423 non
1091 3368 1267 3426 solum
1293 3385 1432 3437 esse,
1461 3372 1557 3429 sed
1578 3376 1745 3433 etiam
1767 3376 1871 3433 iiio.
1886 3381 2049 3437 modo
2074 3398 2215 3451 esse,
2252 3422 2259 3428 -

204 3456 417 3513 scilicet
442 3456 524 3511 vel
549 3457 947 3527 contingenter,
977 3455 1060 3511 vel
1086 3458 1434 3529 necessarim
1462 3462 1606 3518 sicut
1629 3466 1774 3535 quod
1802 3467 1973 3524 voluit
2000 3470 2219 3527 Petrum

203 3564 313 3603 non
351 3544 525 3601 solum
571 3561 812 3611 currere,
859 3544 953 3600 sed
985 3546 1152 3601 etiam
1181 3548 1565 3620 contingenter
1598 3568 1851 3623 currere;
1882 3566 1939 3641 et
1967 3558 2220 3615 similiter

201 3632 381 3691 voluit
410 3635 575 3690 istum
599 3627 875 3691 hominem
903 3633 1134 3701 salvare,
1173 3632 1268 3691 sed
1303 3652 1370 3692 eo
1399 3630 1571 3693 modo
1585 3646 1648 3696 ut
1671 3642 1858 3702 arbitr
1848 3644 1883 3701 ii
1890 3630 2219 3705 libertatem

204 3739 312 3780 non
323 3716 636 3795 perderet
658 3723 728 3780 Et
768 3723 849 3779 sic
890 3723 1036 3796 quod
1079 3723 1274 3780 Petrus
1303 3724 1390 3780 vei
1430 3726 1696 3785 Martinus
1740 3732 2005 3817 salvetur,
2054 3736 2219 3794 habet

203 3814 346 3871 duas
379 3827 610 3881 causas;
658 3828 822 3869 unam
861 3813 1074 3871 scilicet
1115 3813 1477 3886 voluntatem
1484 3812 1783 3889 divinam,
1792 3830 1849 3878 et
1889 3822 2032 3883 haeo·
2054 3826 2220 3884 habet

204 3901 623 3973 certitudinem
659 3900 826 3959 aliam
853 3900 1084 3961 liberum
1121 3900 1431 3993 arbitrium,
1466 3910 1523 3961 et
1550 3902 1669 3973 haee
1688 3906 1865 3973 habet
1891 3914 2219 3987 contingen-

713 4014 770 4069 8.
800 4016 956 4067 Tuon.
989 4018 1465 4073 Ao.01=usem.A.-
1494 4018 1551 4069 ΙΙ
1575 4044 1641 4061 -
1662 4020 1723 4073 34
