2800 4492
725 376 745 413 .·
799 332 912 383 x11.
943 349 1023 361 —
1053 334 1481 410 ouonunn‘tfuu
1513 334 1769 413 nonunt-3
2132 319 2278 387 *475

2128 380 2161 409 k..
2176 382 2195 405 ’.
2218 388 2247 406 .-

265 442 523 503 viderent
550 445 718 517 resin
727 448 967 527 propria
995 455 1238 513 natura*
1271 457 1324 509 et
1345 451 1617 527 praecipue
1646 450 1751 512 hoc
1772 449 2029 513 videtur
2014 467 2069 513 m
2093 451 2276 513 anima

231 532 504 611 :hi-isti,
524 550 649 608 qnae
678 534 749 597 ab
777 536 932 595 initio
961 552 1076 597 suae
1109 536 1402 599 creationis
1424 540 1577 599 videt
1603 538 1851 628 Verbum
1886 545 1941 599 et
1982 539 2037 597 in
2074 539 2273 603 Verbo.

231 627 240 636 ”
309 624 664 723 'Respondeo
711 624 1021 726 dicendum,
1060 626 1206 727 quod
1235 610 1489 707 Angelus
1526 629 1611 691 vel
1658 620 1843 690 anima
1880 628 2039 715 simul
2092 634 2275 715 potest

261 710 500 769 videre
487 730 542 768 ιη
570 712 749 770 Verbo
775 722 830 771 et
854 714 908 770 in
938 714 1156 788 propria
1180 724 1419 779 natura:
1452 726 1507 777 et
1534 717 1639 778 hoc
1666 709 1918 797 expresse
1953 724 2133 791 potest
2170 705 2275 774 88·

257 798 386 859 beri
435 801 505 857 ab
539 804 862 878 Augustino,
892 803 984 875 lib.
1017 806 1088 871 W
1109 820 1282 894 super
1323 806 1579 867 Genesim
1624 809 1693 865 ad
1731 806 1997 893 litteram,
2026 806 2115 865 ubi
2162 806 2277 861 vult

216 922 244 963 ς
264 890 430 965 quod
436 889 557 947 dies
581 892 656 947 illi
696 898 750 951 et
779 909 1022 985 vespere
1033 902 1089 952 et
1119 910 1276 955 mane
1301 894 1371 953 in
1385 888 1467 955 eis
1494 910 1599 951 808
1628 901 1756 955 sunt
1802 895 2039 959 ordinati
2075 910 2279 953 secun-

242 978 433 1034 'dum'
448 980 867 1048 successionem,
898 982 992 1039 sed
1015 976 1213 1039 solum
1254 984 1444 1047 ordine
1494 988 1757 1043 naturae.
1787 984 1931 1065 unde
1986 984 2148 1045 simul
2190 990 2276 1043 est

263 1066 478 1139 primus
502 1068 622 1125 dies
642 1086 767 1125 cum
790 1071 1049 1139 secundo,
1072 1077 1128 1127 et
1157 1086 1315 1129 mane
1340 1088 1465 1129 cum
1494 1089 1739 1146 vespere,
1760 1080 1815 1128 et
1842 1073 1922 1129 ita
1944 1061 2106 1129 simul
2138 1074 2276 1130 visio

265 1172 454 1211 rerum
483 1156 540 1211 in
561 1157 738 1215 Verbo
763 1165 818 1214 et
846 1160 902 1215 in
925 1162 1145 1261 propria
1173 1167 1390 1219 natura.
1419 1162 1574 1232 Quod
1618 1161 1859 1237 qualiter
1894 1161 2150 1235 possibile
2178 1164 2271 1233 sit,

263 1241 568 1299 videndum
591 1249 696 1301 est.

341 1330 572 1403 Operari
599 1332 870 1409 siquidem
889 1348 997 1414 non
1023 1336 1240 1407 proprie
1267 1298 1588 1393 attribuitur
1608 1336 1888 1409 potentiae,
1916 1336 2012 1403 sed
2042 1336 2119 1393 rei
2142 1336 2274 1393 sub-

241 1410 486 1480 ,sistenti
512 1436 638 1494 quae
667 1438 764 1495 per
787 1406 1086 1503 potentiam
1111 1430 1409 1499 operatum
1438 1434 1496 1481 ut
1536 1426 1653 1497 ipsa
1687 1415 1931 1508 potentia
1964 1424 2275 1481 intellectus

266 1524 378 1564 non
407 1508 479 1565 sit
509 1524 739 1581 operans
769 1512 823 1565 in
847 1511 1218 1584 intelligentie,
1241 1513 1336 1569 sed
1365 1506 1540 1585 magis
1568 1514 1900 1587 operationis
1922 1512 2271 1585 principium.

267 1598 426 1653 Sicut
467 1604 678 1654 autem.
689 1601 932 1700 potentie
967 1601 1301 1663 intellectiva
1329 1610 1413 1661 est
1445 1600 1769 1675 principium
1803 1600 2184 1673 intelligendi·
2170 1618 2251 1673 lp
2260 1602 2274 1655 i

267 1686 615 1758 substantiae,
655 1688 733 1745 ita
778 1690 988 1763 species
1033 1689 1390 1763 intelligibilis
1436 1698 1520 1749 est
1568 1690 1898 1773 principium
1936 1682 2275 1761 intelligendi

269 1774 375 1851 ipsi
424 1777 702 1848 potentiae.
729 1778 902 1849 Unde,
935 1778 1078 1835 sicut
1120 1795 1228 1837 una
1273 1779 1579 1841 substantia
1617 1774 1801 1857 potest
1826 1778 1986 1839 simul
2028 1778 2275 1839 diversos

269 1871 431 1919 actus
453 1864 990 1922 habere'secundum
1020 1866 1265 1927 diversas
1293 1868 1585 1949 potentiae,
1616 1858 1681 1927 ‘ut
1721 1868 1903 1929 anima
1948 1866 2105 1927 simul
2156 1866 2274 1923 vult

269 1958 327 2009 et
355 1952 638 2025 intelligit3
673 1952 750 2010 ita
775 1970 840 2009 ex
881 1971 990 2015 una
1019 1958 1264 2033 potentia
1305 1952 1641 2018 intellectiva
1680 1962 1908 2031 possunt
1954 1955 2114 2015 simul
2145 1970 2277 2031 pro-

269 2041 392 2096 dire
441 2041 642 2099 diversi
675 2049 874 2111 actus,
925 2044 969 2099 si
1018 2045 1176 2107 simul
1225 2045 1458 2119 diversis
1510 2042 1791 2119 speciebus
1843 2043 2277 2127 intelligibilibus

270 2130 513 2185 uniatur.
545 2132 698 2190 Hanc
725 2132 869 2193 enim
912 2148 1136 2193 causam
1176 2132 1395 2219 Algazel
1440 2133 1681 2203 assignat
1719 2148 1889 2211 quare
1923 2148 2029 2193 non
2054 2136 2139 2189 est
2166 2132 2277 2191 im-

271 2218 531 2291 possibile
575 2219 737 2275 simul
779 2220 948 2277 multa
988 2220 1308 2293 intelligere,
1337 2221 1467 2295 quia
1507 2220 1718 2281 scilicet
1760 2236 1867 2279 non
1896 2228 1980 2282 est
2018 2219 2275 2301 possibile

273 2306 608 2365 intellectum
652 2308 814 2369 simul
857 2298 1135 2373 informari
1183 2309 1367 2371 multis
1398 2308 1720 2389 speciebus
1740 2309 1799 2369 in
1838 2316 1965 2368 actu
2014 2308 2271 2381 perfecte,

271 2396 410 2453 sicut
443 2412 541 2457 nec
569 2397 710 2451 idern
743 2413 940 2473 corpus
964 2386 1186 2469 figurari
1219 2398 1378 2459 simul
1413 2398 1643 2456 diversis
1690 2396 1896 2477 figuris.
1920 2396 2069 2455 Visio
2091 2406 2275 2451 autem

273 2500 384 2557 qua
408 2485 646 2556 Angelus
677 2485 824 2547 videt
852 2503 940 2547 res
971 2487 1024 2545 in
1041 2488 1275 2571 proprie
1301 2492 1516 2558 nature,
1551 2486 1611 2543 fit
1650 2501 1746 2560 per
1789 2484 2031 2563 speciem
2070 2482 2278 2545 intelli-

273 2573 495 2648 gibilem
523 2582 868 2633 conci-eatam
902 2574 986 2635 vel
1017 2575 1253 2661 infusam
1294 2574 1670 2636 inhaerentem.
1699 2572 1851 2633 Visio
1880 2578 2065 2635 autem
2092 2588 2275 2633 rerum

271 2661 330 2717 in
359 2662 536 2719 Verbo
578 2659 639 2719 fit
677 2680 774 2739 per
813 2664 987 2742 ipsam
1023 2656 1262 2745 speciem
1303 2661 1486 2729 Verbi,
1518 2662 1633 2722 sive
1668 2663 1983 2733 essentiam,
2016 2677 2140 2735 quse
2165 2677 2273 2721 non

273 2757 359 2805 est
382 2750 672 2824 mhaeiens,
703 2752 798 2811 sed
832 2752 878 2811 ei
921 2752 1226 2813 intellectus
1267 2751 1451 2810 unitur
1486 2752 1631 2811 sicut
1674 2749 2021 2825 intelligibili.
2052 2750 2273 2825 Species

271 2849 461 2895 autem
485 2831 774 2909 concreata
802 2840 1072 2927 inhaerens
1097 2856 1203 2902 808
1228 2847 1493 2919 repugnat
1522 2840 1709 2901 unioni
1739 2839 2051 2901 intellectus
2066 2840 2273 2921 Angeli

273 2928 343 2986 ad
371 2924 628 3005 Verbum,
657 2947 780 2991 cum
809 2946 913 2991 non
943 2933 1016 2989 sit
1047 2932 1207 2993 unius
1239 2930 1497 2997 rationis,
1524 2937 1579 2990 et
1608 2931 1726 3009 ipsa
1752 2930 1983 3029 species,
2010 2936 2067 2991 et
2108 2929 2277 3009 quid·

271 3018 408 3091 quid
433 3028 516 3081 est
544 3011 892 3105 perfectionis
937 3022 994 3079 in
1038 3002 1316 3081 intellectu
1355 3020 1619 3093 angelico,
1664 3019 1735 3075 sit
1774 3018 1930 3093 quasi
1974 3017 2275 3077 materialis

272 3108 560 3181 dispositio
591 3109 656 3169 ad
683 3108 830 3168 illam
849 3108 1068 3169 beatam
1091 3108 1364 3167 unionem.
1388 3107 1543 3167 Unde
1566 3104 1728 3163 simul
1754 3122 1820 3163 ex
1848 3103 2128 3165 intellectu
2152 3107 2273 3167 An-

271 3196 379 3267 geli
428 3197 672 3269 procedit
711 3197 954 3279 operatio
989 3196 1208 3271 duplex
1246 3197 1384 3262 Una,
1418 3195 1628 3253 ratione
1663 3192 1877 3253 unionis
1910 3192 1981 3252 ad
2010 3192 2267 3261 Verbum,

272 3300 384 3357 qua
409 3284 618 3341 scilicet
645 3285 795 3347 videt
829 3301 914 3344 res
953 3286 1006 3347 in
1038 3284 1246 3353 Verbo;
1270 3284 1396 3347 alia,
1428 3282 1637 3345 ratione
1676 3280 1879 3355 speciei
1913 3276 2270 3355 intelligibilis

271 3391 382 3447 qua
408 3374 749 3441 informatur,
770 3389 878 3446 qua
903 3373 1052 3429 videt
1082 3387 1168 3426 res
1193 3372 1244 3426 in
1265 3372 1487 3444 propria
1507 3376 1723 3426 natura.
1745 3371 1859 3427 Nec
1882 3372 2051 3431 etiem
2078 3371 2131 3435 iu
2164 3387 2272 3428 888

269 3464 466 3519 harum
495 3463 870 3537 operationum
897 3460 1213 3521 debilitatur
1251 3476 1345 3537 per
1381 3460 1739 3521 attentionem
1781 3460 1852 3517 ad
1894 3459 2145 3521 alteram.
2173 3456 2269 3514 sed

271 3545 448 3622 magis
489 3552 846 3617 confortatur,
873 3566 997 3610 cum
1041 3565 1148 3610 una
1193 3549 1266 3605 sit
1307 3550 1449 3609 ratio
1486 3548 1743 3629 alterius;
1780 3549 1923 3608 sicut
1964 3548 2145 3623 imago
2190 3546 2280 3611 rei.

271 3644 407 3699 visae
435 3640 773 3701 confortatur
811 3640 940 3717 dum
969 3638 1222 3701 videtur
1209 3656 1262 3698 in
1293 3645 1421 3703 ectu
1458 3638 1614 3698 oculo
1639 3637 1931 3711 exteriori3
1952 3636 2097 3697 actio
2126 3634 2271 3697 enim

271 3730 630 3787 beatitudinis
658 3730 713 3784 in
735 3712 913 3785 beatis
949 3737 1037 3791 est
1074 3730 1216 3791 ratio
1258 3728 1549 3803 cujuslibet
1592 3722 1817 3789 alterius
1850 3704 2081 3787 actionis
2112 3724 2167 3803 in
2192 3722 2271 3803 eis

269 3823 529 3883 iuvenlae,

344 3908 412 3971 Et
443 3924 539 3985 per
559 3906 666 3970 boc
689 3914 839 3984 patet
863 3908 1172 3991 responsio
1163 3907 1234 3969 ad
1261 3906 1517 3983 primum·
