2800 4492
534 346 616 408 50
1014 364 1066 409 s.
1112 363 1344 408 'rnouAE
1385 348 1714 414 Aounun‘s
1755 362 2065 411 causeum

536 479 710 551 magis
734 478 976 551 seipsum
1003 479 1197 536 incitat
1219 480 1382 536 homo
1412 480 1481 536 ad
1506 480 1774 535 orandum
1796 484 1853 534 et
1894 478 2223 549 gemendum
2265 476 2553 544 humilius,

536 566 703 641 atque
731 568 1048 623 ferventius,
1087 587 1112 620 n
1142 568 1233 625 Sic
1261 584 1390 640 ergo
1419 583 1607 624 omnes
1633 575 1789 624 actus
1818 568 2016 641 quibus
2042 583 2099 623 se
2135 567 2297 623 homo
2329 566 2556 637 subjicit

536 652 797 711 Deo'sive
833 656 942 712 sint
967 658 1183 724 mentiS,
1219 658 1337 713 sive
1363 657 1627 730 corporis,
1670 657 1736 712 ad
1766 656 2085 727 religionem
2112 656 2410 729 pertinent.
2445 653 2554 710 Sed

539 745 668 817 quia
710 761 928 817 eavquae
969 746 1230 817 proximis
1258 751 1481 818 propter
1518 748 1691 801 Deum
1720 745 2127 816 impenduntur,
2155 744 2258 817 ipsi
2295 744 2409 797 Deo
2446 742 2558 797 im-

539 834 867 906 penduntur,
910 840 1124 890 constat
1153 835 1299 907 quod
1339 833 1409 890 ad
1444 834 1692 891 eamdem
1732 833 2007 907 pertinent
2044 831 2459 904 subjectionem,
2500 832 2558 886 in

539 923 651 995 ‘qua
673 922 852 978 cultus
875 923 1153 993 religionis
1176 924 1448 988 consistit,
1480 929 1537 979 et
1561 924 1640 978 sic
1667 922 1959 993 diligenter
1982 918 2351 977 consideranti
2380 936 2559 993 appa-

541 1017 628 1067 ret
655 1027 872 1067 omnem
917 1018 1102 1084 actum
1134 1012 1339 1068 bonum
1377 1012 1449 1068 ad
1494 1011 1812 1089 religionem
1858 1011 2152 1083 pertinere.
2178 1009 2334 1066 Unde
2368 1012 2556 1080 Augu.

543 1098 678 1154 dicit
705 1098 851 1170 quod
877 1115 1067 1154 verum
1089 1099 1419 1155 sacrificium
1440 1104 1523 1153 est
1542 1112 1702 1153 omne
1725 1113 1861 1169 opus
1886 1096 2033 1169 quod
2054 1097 2251 1167 agitur,
2280 1104 2342 1152 ut
2361 1104 2561 1152 sancta

545 1187 808 1243 societate
835 1186 1198 1244 inhaereamus
1228 1189 1360 1253 Deo,
1395 1196 1577 1243 tamen
1604 1186 1843 1259 quodam
1872 1186 2081 1242 ordine.
2118 1186 2297 1241 Primo
2326 1184 2473 1239 enim
2504 1190 2563 1240 et

543 1272 919 1349 principaliter
939 1276 1004 1332 ad
1038 1276 1244 1332 cultum
1271 1274 1593 1349 praedietum
1612 1276 1887 1347 pertinent
1916 1280 2073 1331 actus
2096 1275 2293 1329 mentis
2316 1273 2561 1329 ordinati

546 1366 604 1419 in
632 1365 826 1419 Deum.
869 1363 1136 1431 Secundo,
1169 1371 1324 1421 actus
1351 1366 1596 1451 corporis
1624 1364 1716 1437 qui
1743 1364 1811 1420 ad
1842 1363 1940 1418 hos
1964 1362 2301 1428 excitandOS,
2331 1361 2418 1416 vel
2458 1362 2565 1417 de-

547 1452 840 1525 signandos
867 1453 1022 1519 fiunt,
1059 1460 1116 1509 ut
1147 1455 1559 1526 prostratione8‚
1587 1452 1877 1519 sacrificia,
1908 1458 1964 1507 et
1989 1452 2318 1523 hujusmodi.
2345 1451 2559 1520 Terti0‚

547 1541 619 1599 ad
648 1542 898 1597 eumdem
927 1542 1134 1598 cultum
1160 1543 1437 1615 pertinent
1462 1557 1652 1597 omnes
1676 1549 1833 1598 actus
1858 1540 1950 1596 alii
1980 1541 2037 1595 in
2062 1540 2368 1612 proximum
2406 1539 2567 1595 ordi-

548 1634 664 1686 nati
709 1638 930 1703 propter
973 1632 1169 1686 Deum.
1213 1631 1280 1686 Et
1324 1637 1507 1685 tamen
1548 1630 1691 1685 sicut
1733 1630 2155 1699 magnanimitas
2194 1634 2276 1684 est
2305 1628 2567 1701 quaedam

523 1720 726 1772 'virtus
754 1718 1023 1790 specialiS,
1053 1706 1304 1790 quamvis
1333 1719 1576 1774 omnium
1606 1720 1870 1775 virtutum
1904 1718 2118 1775 actibus
2145 1724 2329 1774 utatur
2358 1733 2571 1774 secun-

551 1806 682 1861 dum
703 1804 996 1878 specialem
1025 1806 1292 1861 rationem
1320 1806 1541 1878 objecti,
1575 1815 1763 1880 utpote
1794 1810 2109 1879 conjectans
2150 1822 2347 1877 magna
2377 1806 2436 1861 in
2464 1821 2571 1861 ac-

553 1894 701 1949 tibus
737 1890 992 1949 omnium
1015 1894 1282 1951 virtutum
1313 1912 1326 1949 :
1360 1895 1437 1951 ita
1476 1895 1643 1952 etiarn
1686 1896 1877 1966 religio
1906 1905 1988 1952 est
2022 1894 2275 1968 specialis
2302 1895 2481 1950 virtus
2510 1896 2569 1950 in

553 1982 766 2039 actibus
783 1982 1024 2039 omnium
1039 1982 1306 2039 virtutum
1330 2000 1343 2037 :
1365 1983 1658 2055 specialem
1676 1983 1943 2040 rationem
1963 1984 2161 2055 objecti
2186 1982 2561 2049 consideratae,

554 2070 763 2127 scilicet
791 2070 904 2125 Deo
934 2069 1194 2136 debitum,
1224 2070 1304 2126 sic
1331 2072 1477 2130 enim
1520 2077 1603 2125 est
1629 2072 1861 2147 justitiae
1891 2087 2036 2142 pars.
2081 2065 2163 2127 illi
2194 2077 2375 2127 tamen
2406 2077 2568 2125 actus

556 2158 866 2230 specialiter
897 2156 1145 2229 religioni
1173 2160 1539 2230 assignantur,
1572 2160 1665 2231 qui
1694 2159 1891 2215 nullius
1916 2159 2139 2215 alterius
2161 2160 2384 2215 virtutis
2412 2166 2563 2226 sunt,

555 2247 697 2304 sicut
740 2247 1150 2319 prostratione3‚
1201 2255 1256 2303 et
1298 2246 1630 2319 hujusmodi,
1682 2247 1736 2301 in
1773 2247 1972 2320 quibus
2018 2247 2341 2303 secundario
2382 2246 2571 2303 cultus

555 2336 655 2391 Dei
683 2336 954 2391 consistit.
985 2337 1064 2391 Ex
1091 2351 1198 2407 quo
1226 2342 1378 2408 patet
1409 2335 1557 2407 quod
1586 2340 1742 2391 actus
1771 2332 1895 2391 fidei
1933 2337 2164 2408 pertinet
2188 2336 2413 2409 quidem
2442 2351 2571 2391 ma-

559 2424 820 2482 terialiter
861 2426 930 2481 ad
978 2425 1316 2495 religionem,
1344 2425 1489 2480 sicut
1518 2430 1573 2479 et
1616 2423 1846 2480 aliarum
1887 2424 2173 2488 virtutum,
2206 2430 2262 2479 et
2306 2411 2478 2495 magis
2509 2424 2569 2478 in

555 2522 822 2587 quantum
857 2514 981 2571 fidei
1017 2521 1173 2571 actus
1203 2518 1286 2569 est
1310 2513 1518 2585 primus
1556 2518 1736 2568 motus
1764 2514 1963 2568 mentis
1991 2514 2047 2567 in
2088 2514 2281 2579 Deum,
2312 2514 2409 2568 sed
2449 2512 2571 2567 for·

556 2603 770 2659 maliter
817 2619 848 2659 a
890 2602 1152 2672 religione
1192 2600 1569 2671 distinguitur,
1617 2608 1807 2673 utpote
1844 2600 2007 2657 aliam
2051 2600 2318 2657 rationem
2364 2600 2568 2671 objecti

555 2690 928 2748 considerans·
967 2689 1234 2747 Convenit
1267 2689 1436 2743 etiam
1478 2688 1613 2743 fides
1648 2704 1775 2745 cum
1818 2689 2077 2761 religione
2107 2696 2332 2761 propter
2364 2688 2470 2745 hoc
2510 2689 2570 2745 in

557 2785 825 2852 quantum
857 2777 1112 2833 fidesest
1154 2775 1433 2847 religionis
1461 2792 1628 2833 causa
1665 2785 1720 2833 et
1748 2778 2095 2849 principium.
2124 2778 2243 2833 Non
2270 2778 2414 2832 enim
2459 2776 2571 2833 ali-

561 2868 686 2940 quis
729 2866 954 2937 eligeret
1001 2864 1206 2919 cultum
1243 2865 1356 2919 Deo
1403 2864 1675 2933 exhibere,
1714 2866 1817 2921 nisi
1857 2865 1962 2921 fide
2004 2871 2215 2920 teneret
2239 2866 2417 2938 Deum
2446 2881 2571 2921 esse

562 2963 886 3023 creatorem,
913 2949 1348 3025 gubernatorem,
1378 2960 1433 3009 et
1455 2962 1917 3009 remuneratorem
1936 2953 2298 3009 humanorum
2318 2960 2567 3009 actuum.

563 3046 688 3117 Ipsa
724 3051 904 3099 tamen
945 3042 1135 3112 religio
1173 3056 1276 3097 non
1319 3048 1404 3097 est
1442 3042 1617 3097 virtus
1656 3041 1959 3113 theologica
2005 3059 2017 3095 ε
2062 3040 2227 3097 habet
2271 3042 2444 3097 enim'
2469 3058 2570 3114 pro

565 3131 795 3189 materia
818 3131 973 3205 quasi
994 3146 1180 3186 omnes
1204 3136 1378 3197 actuS,
1407 3136 1469 3185 ut
1494 3130 1639 3199 fidei,
1663 3129 1748 3186 vel
1773 3126 1991 3186 virtutis
2021 3129 2266 3197 alteriuS,
2294 3146 2433 3203 quos
2453 3131 2575 3187 Deo

564 3228 823 3293 tanquam
867 3218 1081 3275 debitos
1117 3219 1293 3287 oss'ert,
1340 3220 1435 3273 sed
1466 3220 1638 3275 Deum
1684 3217 1849 3275 habet
1890 3234 1986 3291 pro
2031 3219 2156 3274 fine.
2202 3217 2393 3275 Colere
2421 3220 2570 3275 enim

561 3311 734 3365 Deum
758 3316 840 3365 est
866 3307 1178 3379 hujusmodi
1202 3317 1376 3375 actus,
1413 3317 1472 3363 ut
1502 3309 1615 3363 Deo
1640 3307 1873 3374 debitos,
1902 3308 2117 3385 offerre.

585 3406 606 3416 ·
629 3398 699 3454 Et
724 3414 817 3469 per
841 3396 958 3453 haec
987 3404 1138 3470 patet
1165 3396 1446 3471 responsio
1466 3396 1535 3453 ad
1564 3396 1777 3468 objecta
1806 3397 2007 3453 omnia.

1255 3577 1713 3639 ARTIOULUS
1755 3578 1865 3638 111.

613 3715 830 3781 Utrum
855 3712 1006 3794 fide-s·
1033 3695 1806 3862 οᾶνὶειίαηαῖοοφὶυσηίεηιὲον
1832 3709 2173 3775 nominetur
2200 3710 2522 3785 catholica,

1305 3818 1371 3863 ve
1432 3817 1715 3864 urnversa
1744 3819 1818 3864 ιε.

638 3930 724 3997 Ad
769 3936 993 3997 tertium
1037 3936 1118 3995 sic
1159 3934 1489 4009 proceditur.
1536 3936 1589 3991 l.
1620 3934 1850 3994 Videtur
1900 3934 2048 4007 quod
2090 3934 2227 3991 fides
2266 3932 2573 3994 christiana
