2800 4492
411 321 418 347 .,
487 269 568 338 30
963 289 1016 340 ει
1059 289 1293 338 ‘1quAE
1332 285 1665 343 mmmm·
1699 285 2007 338 croscum
2086 285 2093 296 ⁴

490 405 823 482 negationes,
855 407 972 466 sive
1007 409 1358 470 habitudines
1388 409 1458 466 ad
1490 407 1625 466 alias
1654 423 1759 465 res.
1786 407 1859 463 Et
1898 407 2031 463 talia
2074 403 2248 462 multa
2278 403 2347 461 de
2379 404 2499 460 Deo
2548 423 2560 456 .-

491 498 706 570 probari
735 503 963 572 possunt
991 505 1045 554 et
1075 515 1139 572 ex
1167 497 1451 572 principiis
1482 495 1804 556 naturaliter
1833 497 1996 564 notis,
2026 501 2082 551 et
2117 511 2184 552 ex
2214 493 2499 568 principiis

491 586 638 642 fidei.
1371 622 1379 630 .-
2132 639 2139 646 ,

561 677 644 732 Ad
671 681 926 750 quartum
943 674 1253 746 dicendum,
1279 672 1427 750 quod
1454 677 1511 732 in
1532 676 1777 750 qualibet
1800 673 2031 735 scientia
2050 679 2175 732 sunt
2202 673 2309 730 alia
2334 670 2494 743 quasi

490 763 776 838 principia,
808 772 864 825 et
892 764 1262 840 aliqua‘quasi
1291 765 1685 822 conclusione&
1714 764 1879 825 Ratio
1907 779 2037 836 ergo
2066 777 2191 836 quae
2218 759 2500 818 inducitur
2546 823 2553 829 ι

491 857 546 912 in
571 855 816 911 scientiis
839 855 1103 928 praecedit·
1125 869 1404 912 assensum
1422 854 1803 923 conclusionis„
1820 853 1915 910 sed
1940 853 2189 926 sequitur
2212 865 2498 908 assensum
2549 890 2555 897 .

492 945 882 1020 principiorum
908 959 1035 1001 cum
1071 961 1139 1003 ex
1183 945 1264 1001 eis
1304 945 1587 1017 procedat.
1625 943 1855 1004 Articuli
1900 949 2083 1000 autem
2125 941 2253 998 fidei
2298 939 2355 995 in
2392 938 2505 995 hac

493 1031 733 1089 scientia·
758 1049 866 1090 non
899 1040 1026 1090 sunt
1073 1034 1230 1107 quasi
1275 1033 1675 1102 conclusiones,
1712 1033 1808 1089 sed
1854 1031 2013 1105 quasi
2056 1028 2325 1103 principia
2369 1043 2497 1100 quae

495 1123 662 1178 etiam
730 1123 1094 1181 defenduntur
1158 1122 1230 1178 ab
1281 1114 1755 1196 impugnantibus,
1814 1121 1959 1177 sicut
2020 1125 2076 1175 et
2138 1116 2497 1189 Philosophus

495 1213 528 1266 4
559 1211 835 1284 Metaphy.
858 1211 1102 1285 disputat
1127 1217 1316 1268 contra
1350 1219 1615 1283 negantes
1643 1208 1911 1284 principia
1945 1225 1958 1264 τ
1990 1215 2046 1264 et
2073 1206 2497 1264 manifestantur

495 1315 592 1371 per
631 1298 845 1372 aliquas
883 1299 1288 1367 similitudines;
1323 1308 1514 1364 contra
1553 1297 1822 1372 principia
1862 1297 2187 1354 naturaliter
2228 1299 2358 1350 nota
2400 1309 2497 1366 per

495 1387 884 1456 inductionem,
917 1403 1024 1446 non
1049 1396 1232 1446 autem
1258 1389 1469 1445 ratione
1494 1387 1925 1444 demonstrativa
1953 1385 2269 1458 probantur.
2546 1385 2550 1392 '

565 1476 647 1532 Ad
694 1476 945 1550 quintum
992 1477 1301 1544 dicendum,
1352 1476 1498 1549 quod
1548 1477 1715 1533 etiam
1762 1473 2118 1532 in-scientiis
2183 1469 2499 1528 humanitus
2545 1499 2553 1512 -

496 1565 714 1622 traditis
755 1572 882 1621 sunt
918 1566 1170 1638 quaedam
1203 1565 1475 1638 'principia
1516 1565 1572 1620 in
1608 1564 1936 1638 quibusdam
1975 1578 2163 1618 earum
2214 1577 2339 1634 quae
2390 1576 2498 1616 non

497 1661 622 1710 sunt
645 1654 896 1710 omnibus
915 1661 1063 1719 nota,
1083 1653 1177 1709 sed
1207 1661 1423 1725 oportet
1446 1667 1511 1709 ea
1530 1667 1833 1726 supponere
1858 1667 1889 1709 a
1918 1649 2288 1724 superioribus
2316 1649 2502 1706 scien-

498 1743 590 1799 tiis
621 1745 808 1798 :-sicut
861 1742 919 1798 in
973 1741 1217 1798 scientiis
1248 1741 1638 1799 subalternatis
1678 1746 2058 1814 supponuntur
2100 1748 2155 1797 et
2200 1740 2500 1796 creduntur

501 1829 680 1902 aliqua
712 1847 743 1886 a
773 1830 1141 1902 superioribus
1169 1829 1415 1886 scientiis
1438 1829 1958 1896 subalternantibus,
1978 1837 2033 1886 et
2055 1827 2365 1902 huiusmodi
2391 1843 2501 1884 non

501 1926 626 1976 sunt
656 1937 751 1992 per
778 1935 836 1975 se
866 1925 994 1976 nota
1030 1919 1132 1974 nisi
1159 1918 1531 1990 superioribus
1560 1919 1824 1976 scientiis.
1844 1919 1924 1974 -Et
1960 1917 2065 1975 hoc
2101 1917 2261 1974 modo
2298 1933 2358 1973 se
2395 1916 2501 1974 ha-

499 2007 628 2063 bent
657 2007 872 2064 articuli
902 2009 1046 2077 fidei,
1075 2009 1167 2081 qui
1193 2015 1321 2064 sunt
1345 2007 1611 2082 principia
1647 2009 1809 2082 hujus
1836 2008 2083 2065 scientiae
2116 2007 2183 2063 ad
2224 2006 2504 2078 cognitio-

499 2113 622 2152 nem
655 2097 915 2164 divinam,
945 2097 1175 2170 quiaea
1205 2113 1330 2170 quae
1369 2103 1497 2154 sunt
1544 2114 1641 2170 per
1680 2113 1741 2154 se
1783 2103 1912 2152 nota
1959 2097 2013 2152 in
2055 2093 2302 2161 scientia,
2332 2111 2501 2168 quam

497 2186 644 2241 Deus
667 2183 831 2240 habet
858 2185 926 2240 de
961 2186 1160 2259 seipso,
1189 2187 1653 2260 supponuntur‘in
1678 2183 1908 2243 scientia
1936 2192 2140 2253 nostra,
2175 2190 2231 2240 et
2258 2183 2509 2240 creditur.

498 2273 548 2329 ei
574 2271 728 2328 nobis
752 2273 854 2328 hoc
880 2273 1142 2331 indicanti
1169 2291 1266 2347 per
1294 2291 1421 2332 suos
1444 2275 1685 2342 nuntios,
1704 2274 1852 2332 sicut
1880 2272 2127 2331 medicus
2152 2272 2328 2330 credit
2356 2271 2517 2346 phy-·
2544 2298 2549 2302 ·

497 2361 612 2416 sico
640 2367 877 2434 quatuor
899 2377 1017 2418 esse
1045 2361 1335 2420 elementa.

544 2449 648 2506 ·Ad
690 2457 906 2506 sextum
941 2450 1251 2519 dicendum,
1283 2452 1431 2526 quod
1474 2449 1795 2526 apparentia
1836 2448 2083 2508 scientias
2134 2448 2382 2523 procedit
2431 2465 2505 2508 ex

384 2597 389 2602 ,
497 2537 817 2610 apparentia
845 2537 1256 2611 principiorum.
1281 2537 1437 2596 Unde
1476 2538 1704 2596 scientia
1731 2553 1838 2595 non
1870 2537 2003 2595 facit
2045 2551 2306 2610 apparere·
2342 2535 2507 2610 prin-

496 2623 658 2696 cipia,
689 2623 820 2679 facit
848 2639 1111 2697 apparere
1147 2624 1525 2681 conclusiones
1552 2641 1565 2680 ε
1593 2630 1649 2680 et
1682 2641 1780 2698 per
1824 2623 1969 2682 hunc
2010 2624 2231 2681 modum
2265 2624 2504 2681 scientia

498 2711 567 2767 de
595 2727 706 2784 qua
725 2725 873 2767 nunc
901 2711 1192 2784 loquimur,
1224 2727 1332 2768 non
1360 2711 1493 2768 facit
1529 2728 1793 2787 apparere
1814 2729 1881 2771 ea
1903 2713 1972 2770 de
1990 2712 2189 2787 quibus
2229 2716 2313 2768 est
2340 2711 2497 2778 fide3‚
2594 2701 2601 2706 ’

501 2798 596 2854 sed
617 2813 686 2855 ex
712 2799 791 2855 eis
813 2797 948 2855 facit
975 2814 1238 2873 apparere
1266 2801 1374 2857 alia
1396 2815 1495 2874 per
1519 2801 1738 2858 modum
1762 2817 1871 2876 quo
1896 2803 1965 2858 de
2010 2801 2201 2876 primis
2224 2799 2503 2858 certitudo

502 2885 752 2944 habetur.

567 2977 654 3033 Ad
688 2975 979 3050 septimum
1019 2977 1328 3046 dIcendum,
1357 2978 1504 3052 quod
1550 2978 1840 3053 cujuslibet
1883 2979 2128 3036 scientiae
2170 2976 2501 3052 principium

501 3075 585 3124 est
599 3065 906 3124 intellectus
931 3079 1145 3142 semper
1168 3068 1388 3141 quidem
1412 3069 1668 3141 primum,
1684 3068 1779 3125 sed
1806 3084 1911 3125 non
1926 3084 2141 3142 semper
2168 3067 2497 3140 proximum,

497 3155 665 3212 immo
708 3154 1000 3229 aliquando
1037 3156 1173 3213 fides
1213 3164 1298 3214 est
1344 3157 1651 3231 proximum
1690 3157 2017 3230 principium
2058 3155 2321 3223 scientias,
2354 3155 2503 3212 sicut

497 3247 650 3316 patet
682 3241 738 3298 in
774 3243 1024 3300 scientiis
1066 3243 1453 3303 subalternatis
1481 3262 1498 3303 z
1528 3245 1660 3319 quia
1695 3259 1885 3302 earum
1916 3244 2312 3311 conclusioneS,
2354 3243 2504 3300 sicut

496 3347 565 3388 ex
589 3331 834 3404 proximo
864 3333 1128 3406 principio
1158 3336 1459 3414 procedunt
1500 3349 1567 3392 ex
1606 3335 1711 3392 fide
1750 3351 1937 3392 eorum
1965 3351 2091 3408 quae
2118 3338 2502 3407 supponuntur

497 3433 532 3476 a
579 3419 843 3490 superiori
887 3421 1140 3491 scientia,
1165 3424 1263 3481 sed
1301 3423 1446 3480 sicut
1491 3438 1524 3480 a
1563 3423 1831 3496 principio
1873 3423 2069 3496 primo,
2102 3422 2171 3478 ab
2216 3419 2501 3477 intellectu

499 3507 796 3581 superioris
829 3509 1070 3578 scientis,
1117 3511 1212 3586 qui
1259 3512 1326 3568 de
1368 3512 1455 3568 his
1502 3513 1768 3568 creaturis
1808 3527 1905 3586 per
1957 3511 2296 3568 intellectum
2332 3507 2503 3566 habet
2542 3571 2549 3578 ,

498 3595 884 3656 certitudinem
911 3615 925 3653 z
952 3606 1008 3654 et
1037 3599 1290 3655 similiter
1325 3596 1489 3671 hujus
1526 3600 1773 3656 scientiae
1814 3599 2145 3672 principium
2192 3597 2503 3670 proximum

499 3691 584 3740 est
611 3685 762 3752 fides
795 3685 893 3742 sed
935 3688 1171 3759 primum
1199 3695 1284 3742 est
1311 3686 1622 3744 intellectus
1656 3688 1893 3755 divinus,
1926 3688 2014 3743 cui
2062 3703 2177 3744 nos.
2200 3685 2499 3752 credimuS‚

502 3773 598 3829 sed
643 3773 782 3830 fides
817 3782 901 3831 est
955 3776 1017 3831 in
1057 3775 1232 3842 nobis,
1275 3784 1336 3832 ut
1380 3777 1761 3847 perveniamus
1798 3777 1866 3833 ad
1892 3775 2328 3847 ,intelligendum
2373 3789 2503 3846 quae

502 3859 796 3930 credimus,
827 3861 1064 3929 sicutsi
1108 3860 1342 3925 infertor·
1361 3862 1541 3921 sciens
1562 3863 1825 3930 addiscat,
1865 3862 2167 3936 superioris
2188 3861 2539 3930 scientiam,.
