2800 4492
690 302 779 352 ιι.
806 319 886 338 --
911 305 976 352 m
1029 303 1298 352 nonnum
1339 307 1419 352 ms
1460 307 1791 354 'rann-'ram
2164 293 2245 358 95

223 418 400 487 tibus,
429 424 488 476 et
512 418 640 476 talis
665 418 964 480 abstractio
983 417 1077 480 'est
1111 419 1439 481 universalis
1464 435 1497 480 a
1526 419 1863 497 particulari.
1888 421 1959 480 Et
2000 425 2078 484 ita
2116 431 2245 482 sunt

228 509 354 564 duae
383 507 789 572 absh-actiones
823 507 1164 568 intellectus.
1195 513 1312 569 Una
1333 523 1465 586 'quoe
1491 513 1787 586 respondet.
1828 511 2017 570 unioni
2054 514 2245 571 formae

231 604 290 652 et·
315 597 582 665 materiae,
599 597 1020 656 vel-accidentis
1041 597 1098 658 et
1125 601 1378 673 subjecti,
1397 607 1453 657 et
1477 598 1596 658 haec
1619 601 2029 659 estabstractio
2053 602 2244 660 formae

116 734 131 755 ,
222 701 266 740 a
291 685 525 743 materia
553 683 828 742 sensibili..
847 687 972 744 Alia
991 703 1120 761 quae
1147 685 1439 762 respondet
1478 690 1663 751 unioni
1693 689 1865 747 totius
1888 697 1945 746 et
1968 689 2165 763 partis;
2186 698 2241 746 et

227 773 356 830 huic
368 775 674 846 respondet⁴
687 771 991 832 abstractio
1005 775 1333 836 univer-salis
1350 794 1384 834 a
1401 778 1741 851 particulari,
1757 793 1881 852 quae
1898 785 1983 836 est
2004 780 2242 836 abstrac-

98 910 127 941 ὲ
227 863 311 918 tio
336 864 536 932 totius,
561 865 751 938 inqua
779 865 1160 928 consideratur·
1188 867 1437 924 absolute
1481 873 1679 924 natura
1712 867 1900 940 aliqua
1930 869 2239 945 secundum

237 966 384 1008 suam
415 953 687 1009 rationem
715 954 1062 1010 essentialem
1093 955 1162 1012 ab
1203 954 1463 1013 omnibus
1502 956 1923 1030 partibuS,·quae
1962 969 2074 1012 non
2114 964 2243 1012 eunt

229 1039 415 1110 partes
435 1039 663 1113 speciei,
687 1040 790 1096 sed-
808 1037 936 1096 sunt
961 1043 1149 1114 partes
1167 1037 1565 1102 accidentales,
1582 1043 1702 1099 Non
1722 1049 1917 1110 autem
1946 1043 2242 1099 inveniun-

241 1135 317 1183 tur
341 1125 750 1185 abstractiones
791 1126 1196 1203 eisop'positae,
1219 1131 1419 1204 quibus
1451 1147 1592 1206 -pars
1634 1131 1983 1188 abstrahatur
2025 1147 2057 1192 a
2080 1138 2238 1199 toto,

233 1215 577 1274 beelmateria
601 1233 636 1279 a
663 1217 839 1275 forma
867 1219 1036 1292 zqula
1079 1235 1206 1290 pars
1247 1225 1588 1292 non-potest
1629 1219 1873 1278 abstrahi
1914 1235 1949 1277 a
1986 1225 2108 1276 toto
2142 1237 2243 1294 per

233 1305 593 1375 intellectum,
615 1306 660 1363 si
685 1306 760 1362 sit
781 1307 851 1363 de
875 1307 1127 1380 partibus
1141 1308 1411 1376 mater-ias,
1442 1309 1498 1364 in
1530 1321 1764 1380 quar-iim
1789 1307 2107 1365 definitione
2136 1325 2243 1383 pov-

239 1393 378 1450 :nitur
403 1399 624 1450 totum:
657 1392 745 1450 vel
771 1393 955 1467 'potest
991 1392 1309 1455 etiam-sine
1338 1399 1471 1453 ,toto
1512 1409 1651 1462 esse,
1682 1395 1729 1451 si
1774 1395 1849 1450 sit
1888 1395 1955 1450 de
1994 1395 2243 1468 partibus

237 1481 626 1553 speciei‚·.sicut
655 1481 798 1538 linea
817 1483 934 1540 sine
961 1481 1256 1554 triangulO,
1283 1482 1369 1540 vel
1401 1481 1594 1539 littera·
1614 1482 1732 1538 sine
1756 1482 1987 1555 syllaba,
2010 1483 2095 1538 vel
2126 1484 2244 1540 ele·-

247 1579 478 1627 mentum
515 1571 636 1627 sine
665 1571 942 1628 mixt0.-1n
977 1571 1066 1628 his
1104 1578 1294 1630 >autem
1327 1584 1461 1645 ³quae
1502 1571 1804 1629 secuudum
1838 1584 1967 1627 esse
2004 1579 2239 1643 possunt

243 1675 357 1716 esse
377 1660 570 1723 divisa,
605 1661 784 1732 magis·
809 1660 974 1717 babet
1009 1661 1189 1718 locum
1216 1661 1493 1733 separatio
1518 1675 1685 1734 quam
1721 1660 2039 1719 abstractio.
2070 1660 2239 1717 Simi-

245 1747 364 1804 {liter
384 1755 566 1805 autem
592 1764 720 1804 cum
742 1748 976 1805 dicimus
1000 1750 1230 1806 formam
1259 1748 1512 1806 abstrahi·
1532 1764 1581 1804 a·
1600 1748 1851 1816 materia,
1886 1761 1989 1804 non
2030 1745 2237 1808 intelli·-

241 1837 385 1906 gitur
409 1835 477 1893 de
498 1835 674 1892 forma
702 1835 1053 1898 substantiali
1085 1854 1098 1893 ι
1130 1837 1262 1910 quia
1288 1837 1465 1894 sor—ma
1493 1831 1873 1892 substantialis
1908 1835 2234 1900 etmateria

254 1924 346 1979 sibi
371 1926 815 1999 correspondenS,
847 1925 1252 1998 dependentad
1283 1926 1631 1992 invicemsut
1662 1939 1829 1980 unum
1857 1925 1976 1980 sine
2000 1926 2239 1981 alienon

243 2014 410 2086 possit
434 2011 680 2088 intelligi,
701 2029 774 2071 eo
802 2014 950 2088 quod
995 2015 1248 2087 proprius
1283 2020 1443 2073 actus
1483 2015 1536 2070 in
1568 2015 1797 2087 propria
1826 2013 2077 2070 materia
2118 2014 2193 2069 sit
2222 2031 2235 2070 z

245 2102 346 2158 -sed
369 2098 684 2174 intelligitur
710 2103 780 2159 de
809 2102 982 2162 forma
1011 2103 1357 2171 accidentali,⁴
1385 2117 1511 2177 quae
1535 2111 1620 2160 est
1647 2103 1931 2177 quantitas
1954 2108 2013 2158 et
2040 2097 2236 2174 figura,

258 2206 288 2245 a
328 2205 425 2263 qua
461 2192 680 2265 quidem
735 2182 970 2249 materia
1010 2191 1283 2248 sensibilis
1319 2209 1414 2265 per
1461 2191 1800 2250 intellectum
1832 2191 2106 2248 abstrahi·
2134 2207 2240 2247 non

253 2285 436 2350 potest,
466 2295 592 2336 cum
621 2281 920 2353 qualitates
948 2280 1233 2337 sensibiles
1256 2295 1361 2337 non
1394 2281 1607 2354 possint
1636 2279 1867 2352 intelligi
1892 2295 2001 2336 non
2034 2281 2243 2353 praeins-

253 2367 456 2426 :tellecta
479 2371 809 2444 quantitate,
843 2371 986 2428 sicut
1015 2376 1166 2444 patet
1197 2371 1252 2428 in
1281 2360 1569 2442 superficie
1604 2376 1659 2424 et
1688 2368 1871 2425 colore
1899 2386 1911 2424 τ
1936 2385 2039 2424 nee
2075 2370 2241 2430 etiam

255 2462 420 2528 potest
446 2459 673 2532 intelligi
702 2475 822 2516 esse
846 2448 1152 2532 subjectum
1177 2448 1377 2525 metue,
1408 2458 1555 2530 quod
1575 2473 1685 2513 non
1712 2456 2033 2528 intelligitur
2061 2470 2243 2530 quan—

257 2551 382 2602 tum.
409 2548 720 2608 Substantia
743 2554 931 2604 autem
958 2564 1083 2622 quae
1111 2553 1200 2604 est
1221 2547 1473 2612 materia,
1506 2543 1870 2616 intelligibilis
1900 2559 2049 2599 esse
2042 2550 2245 2618 potest

256 2637 367 2692 sine
391 2639 739 2710 quantitate:
769 2637 917 2693 unde
945 2622 1296 2693 considerare
1339 2633 1704 2718 substantia-m
1743 2632 1863 2690 sine
1909 2632 2238 2706 quantitate,

257 2729 418 2800 magis
443 2729 677 2801 pertinet
699 2723 768 2784 a'd
793 2743 967 2799 genus
987 2725 1350 2800 separationis
1377 2713 1544 2797 quam
1559 2723 1978 2781 abstractionis,
2002 2723 2101 2780 Sic
2133 2723 2242 2795 igi-

259 2817 379 2872 'tur
366 2833 417 2872 m
443 2818 758 2891 operatione
795 2815 1106 2873 intellectus
1129 2814 1326 2888 triplex
1351 2813 1636 2870 distinctio
1683 2813 1977 2868 invenitur.
1995 2813 2120 2870 Una
2150 2829 2243 2869 ee·-

261 2905 476 2962 oundum
503 2906 910 2980 operationem
904 2891 1224 2962 intellectus
1265 2903 1643 2976 componentis
1670 2907 1727 2956 et
1766 2901 2083 2969 dividentiS,
2117 2919 2242 2975 quae

262 2997 513 3068 separatio
540 2997 747 3053 dicitur
775 2994 1010 3067 proprie,
1043 3000 1098 3049 et
1129 2993 1250 3050 haec
1280 2991 1544 3064 competit
1586 2990 1833 3047 scientiae
1872 2989 2093 3056 divinae,
2126 2991 2241 3046 s‘ive

270 3085 546 3160 metaphys.
579 3085 702 3141 Alia
735 3083 1034 3140 secundum
1074 3081 1467 3154 operationem,
1500 3095 1625 3153 quae
1663 3079 1861 3135 format
1906 3078 2244 3150 quidditates

259 3187 457 3240 rerum,-
451 3189 594 3247 -quae
618 3178 704 3229 est
739 3169 1040 3228 abstractio
1079 3185 1110 3226 a
1149 3169 1379 3226 materia
1426 3167 1687 3233 sensibili,
1738 3173 1795 3222 et
1825 3166 1945 3222 haec
1980 3167 2243 3239 competit

261 3264 543 3344 metaphys,
564 3263 754 3320 Tertia
778 3246 1078 3317 secundum
1119 3257 1519 3332 oppositionem
1564 3256 1909 3312 universalis·
1936 3272 1967 3314 a
1995 3257 2245 3329 particu-

265 3347 368 3418 lari,
395 3357 448 3406 et
480 3351 600 3408 haec
627 3349 894 3421 competit
929 3348 1098 3404 etiam
1136 3346 1397 3420 physicae,
1426 3351 1481 3400 et
1516 3351 1601 3400 est
1644 3343 1949 3400 communis
1991 3344 2243 3400 omnibus

275 3439 504 3510 scientiis,
533 3439 666 3513 quia
694 3439 752 3494 in
783 3437 929 3493 omni
958 3437 1188 3494 scientia
1215 3432 1655 3508 praetermittitur
1684 3432 1828 3504 quod
1858 3437 1941 3487 est
1971 3447 2069 3505 per
2091 3435 2244 3489 acei-

267 3525 400 3594 dens,
425 3525 767 3602 etaccipitur
787 3525 948 3600 quod
963 3533 1047 3582 est
1074 3541 1172 3600 per
1196 3539 1276 3580 se.
1305 3523 1376 3579 Et
1400 3521 1531 3596 quia
1566 3521 1789 3594 quidam
1820 3534 1923 3578 non
1954 3521 2242 3577 intellexe-

273 3623 380 3671 runt
398 3617 756 3673 differentiam
782 3614 1014 3671 duorum
1042 3613 1353 3668 ultimorum
1383 3628 1417 3669 a
1444 3611 1643 3684 primo,
1671 3607 2019 3666 inciderunt
2007 3625 2062 3664 ιιι
2085 3625 2143 3664 ei
2149 3623 2241 3663 ro

263 3717 386 3774 rem,
431 3711 491 3763 ut
535 3701 808 3782 ponerent
862 3702 1269 3770 mathematica,
1323 3706 1404 3758 et.
1424 3699 1756 3759 universalia
1802 3713 1839 3755 a
1894 3697 2240 3754 sensibilibus

274 3800 514 3865 separata,
544 3799 606 3852 ut
629 3791 980 3872 Pythagorici
1003 3797 1060 3848 et
1086 3789 1372 3848 Platonici.

278 3911 286 3918 -
329 3884 406 3941 Ad
426 3882 866 3960 primumigitur
911 3879 1222 3954 dicendum,
1249 3879 1394 3956 quod
1435 3879 1855 3939 mathematicus
1896 3873 2239 3944 abstrahens,
