2800 4492
511 318 632 382 230
990 337 1040 410 e.
1087 335 1319 382 'ruoaxAE
1363 334 1691 386 momnis
1731 335 2040 386 croscum

514 460 642 524 agat
664 453 732 510 ad
773 452 1005 518 salutem
1047 451 1301 522 aliorum,
1331 452 1376 510 si
1410 450 1570 509 saluti
1601 452 1863 525 propriae,
1893 453 1997 508 etsi
2024 450 2380 519 sufficienter,
2412 465 2531 512 non

409 529 415 537 ⁴
515 547 693 612 tamen
723 541 962 614 perfecte
993 541 1258 600 intendat.

582 631 662 686 Ad
709 631 1002 702 septimum
1041 629 1352 691 dicendum,
1385 630 1533 702 quod
1572 629 1707 686 bene
1753 629 2137 686 administrare
2184 628 2395 702 aliquid
2439 637 2530 686 est

514 719 635 792 plus
660 728 714 775 et
743 719 938 775 minus.
972 718 1123 775 Unde
1153 719 1198 772 si
1226 718 1370 774 illius
1399 719 1489 775 cui
1527 720 1877 774 commissum
1910 725 2013 784 est,
2046 725 2196 774 tanto
2223 719 2296 774 sit
2328 718 2527 773 melior

514 806 938 874 administratiO,
979 815 1184 879 quanto
1223 807 1398 879 majus
1444 813 1528 860 est
1570 807 1716 878 quod
1763 807 1813 862 ei
1860 807 2262 873 committitur;
2313 806 2528 878 absquo
2626 863 2631 866 ,

515 894 852 951 dubitatione
881 895 1020 968 ⁸plus
1071 901 1330 968 meretur.
1378 894 1432 952 Si
1481 910 1608 950 vero
1656 895 1745 966 ille
1792 895 1879 951 cui
1911 896 2087 950 minus
2132 895 2523 960 committitur,

517 982 685 1039 multo
723 983 844 1056 plus
889 983 1016 1039 lacit
1047 999 1210 1056 quam
1243 983 1329 1038 illo
1370 983 1456 1038 cui
1502 985 1677 1055 majus
1705 983 2099 1049 committitur;
2137 983 2355 1038 etiamsi
2388 983 2527 1037 beno

515 1070 703 1138 faciat,
739 1080 918 1130 tamen
959 1073 1099 1129 alius
1128 1071 1247 1145 plus
1290 1081 1557 1140 meretur,-
1594 1072 1740 1145 quod
1770 1072 1935 1128 etiam
1980 1073 2033 1126 in
2078 1072 2239 1127 rebus
2270 1072 2527 1126 humanis

517 1166 785 1232 apparet:
834 1161 928 1235 qui
971 1162 1112 1217 enim
1165 1161 1342 1218 minus
1385 1161 1707 1218 beneficium
1756 1161 2005 1233 percipit,
2034 1161 2079 1215 si
2131 1160 2250 1233 plus
2291 1162 2519 1227 serviat,

517 1250 688 1320 magis
729 1250 889 1304 debet
919 1265 1038 1305 esse
1081 1247 1357 1322 acceptus.
1387 1250 1648 1322 Quamvis
1676 1257 1861 1313 autom
1904 1249 2123 1304 habenti
2157 1265 2350 1304 curam
2397 1251 2524 1304 ani-

421 1375 426 1378 -
516 1353 726 1396 marum
754 1339 826 1393 sit.
857 1338 975 1410 plus
1013 1340 1361 1397 commissum
1393 1339 1754 1411 quantum-ad
1794 1338 2136 1409 dignitatem,
2167 1339 2296 1410 quia
2340 1346 2523 1394 tamen

517 1425 801 1500 religiosus
834 1428 1038 1499 majora
1068 1443 1229 1502 opera
1259 1427 1409 1495 facit,
1437 1436 1493 1482 ut
1518 1427 1725 1484 dictum
1758 1435 1860 1496 cst,
1888 1428 2062 1499 magis
2094 1433 2354 1482 meretur.
2428 1479 2436 1484 .

1239 1625 1633 1702 QUAE-STIO
1686 1625 1801 1691 VII

585 1782 793 1852 Deinde
827 1781 1117 1854 quaesitum
1162 1787 1245 1836 est
1282 1780 1350 1836 de
1396 1780 1483 1838 his
1522 1797 1644 1854 quae
1688 1783 1961 1856 pertinent
1999 1782 2066 1838 ad
2116 1781 2284 1838 laicos
2318 1801 2329 1837 :
2361 1785 2421 1838 ⁴⁰
2451 1783 2521 1838 de

519 1871 896 1935 matrimonio;
932 1876 1110 1924 utrum
1150 1868 1359 1925 scilicet
1400 1870 1595 1929 mulier
1632 1887 1757 1943 quae
1788 1878 1907 1942 post
1937 1878 2119 1926 votum
2164 1871 2519 1927 continentiae

519 1957 776 2012 emissum
803 1949 1075 2012 contraxit
1107 1959 1509 2016 matrimonium
1541 1958 1593 2013 in
1633 1957 1772 2014 facie
1802 1957 2077 2024 Ecclesiae,
2111 1962 2285 2030 possit
2312 1959 2521 2031 absque

518 2051 742 2117 peccato
795 2046 910 2100 viro
956 2060 1053 2100 suo
1098 2045 1388 2106 carnaliter
1432 2047 1809 2110 commisceri;
1866 2051 1925 2103 2⁰
1970 2047 2037 2102 de
2082 2061 2279 2112 usura;
2334 2054 2521 2101 utrum

518 2133 714 2206 aliquis
744 2135 912 2207 possit
943 2132 1089 2190 licite
1116 2134 1348 2194 retinere
1373 2133 1503 2192 illud
1534 2134 1677 2210 quod
1706 2135 2008 2210 acquiritur
2026 2135 2195 2190 licitis
2226 2136 2521 2192 merc-imo·-

521 2222 622 2280 niis
651 2223 717 2278 de
741 2223 972 2300 pecunia
995 2223 1264 2282 usuraria.
1292 2292 1296 2298 Ι

1143 2405 1603 2466 ARTICULUS
1649 2405 1877 2467 XVIII.

529 2540 744 2602 Utrum
789 2539 1008 2600 mulier
1053 2543 1193 2616 post
1241 2542 1447 2599 votum
1504 2537 1878 2598 continentiae
1932 2537 2208 2598 emissum
2252 2537 2318 2597 in
2357 2536 2521 2613 facie

596 2627 908 2698 Ecclesia,
947 2626 1005 2686 si
1044 2628 1341 2703 nupserit,
1380 2627 1579 2703 possit
1622 2626 1838 2704 absque
1857 2631 2098 2704 peccato
2126 2626 2256 2685 vio-0
2294 2642 2521 2685 carna-

597 2716 736 2775 liter
760 2714 1143 2774 commisceri.
1168 2747 1246 2758 -
1271 2712 1354 2792 (4,
1389 2715 1533 2774 dist.
1566 2715 1665 2786 25,
1700 2719 1906 2792 quoest.
1940 2715 1999 2786 2,
2030 2719 2150 2775 art.
2184 2716 2253 2787 3;
2286 2719 2340 2774 et
2364 2714 2512 2774 dist.

591 2803 691 2875 28,
719 2807 926 2879 quoest.
957 2803 1013 2875 1,
1039 2805 1162 2864 cto-t.
1193 2803 1258 2876 13
1293 2801 1439 2862 dist.
1473 2802 1571 2875 38,
1600 2808 1808 2884 qucest.
1845 2805 1901 2877 l,
1930 2807 2053 2864 arb.
2078 2805 2139 2876 3,
2171 2803 2331 2864 etad
2360 2803 2442 2880 1).

584 2932 740 2987 Circa
771 2932 1003 3004 primum
1048 2933 1127 2988 sic
1167 2931 1498 3004 proceditur.
1527 2934 1754 2990 Videtur
1800 2935 1945 3008 quod
1996 2935 2188 2990 mulier
2226 2949 2350 3006 quae
2394 2938 2517 3006 post

516 3027 704 3095 votum·
748 3021 1100 3078 continentiae
1141 3023 1427 3087 emissum,
1476 3023 1529 3078 in
1574 3023 1711 3078 facio
1756 3022 2018 3080 Ecclesiae
2069 3023 2341 3078 contraxit
2387 3037 2513 3076 cum

514 3109 714 3182 alique,
751 3110 921 3182 possit
957 3111 1004 3165 ei
1039 3111 1383 3183 postmodum
1426 3111 1632 3184 absque
1665 3119 1891 3183 peccato
1920 3109 2213 3166 carnaliter
2250 3110 2513 3165 commis-

512 3199 645 3252 ceri.
672 3197 825 3267 Quod
866 3199 1010 3253 enim
1040 3199 1098 3254 lit
1127 3201 1457 3255 auctoritate
1486 3199 1763 3271 Ecclesia),
1793 3207 1945 3258 caret
1977 3204 2219 3270 peccato,
2250 3214 2371 3253 curn
2417 3197 2513 3253 fiat

514 3287 839 3341 auctoritate
883 3285 1100 3352 Christi,
1134 3288 1432 3344 secundum
1477 3287 1607 3344 illud
1656 3289 1921 3361 Apostoli,
1951 3289 1997 3344 11
2028 3288 2095 3343 ad
2141 3287 2383 3344 Corinth.
2424 3303 2505 3342 11:

510 3371 656 3428 Nam
697 3380 746 3429 et
789 3391 876 3445 eqo
905 3376 1040 3445 quod
1075 3375 1290 3442 donavi,
1322 3377 1366 3432 εἰ
1403 3377 1531 3450 quid
1566 3374 1779 3442 dona'vi,
1808 3383 2029 3450 propter
2058 3394 2145 3432 vos
2180 3377 2242 3432 in
2278 3392 2513 3449 persona

512 3461 739 3517 Christi.
783 3462 886 3518 Sed
917 3464 1180 3536 praedicta
1213 3466 1402 3520 mulier
1446 3483 1513 3522 ex
1550 3467 1649 3521 hoc
1681 3467 1795 3538 ipso
1825 3465 1972 3539 quod
2002 3466 2057 3521 in
2087 3465 2224 3521 facie
2250 3465 2511 3523 Ecclesiae

511 3551 782 3606 contraxit
818 3554 1243 3620 matrimonium,
1277 3556 1605 3610 auctoritate
1646 3553 1903 3612 Ecclesiae
1933 3562 2257 3627 potestatem
2298 3554 2511 3628 accepit

510 3639 580 3694 ad
623 3640 954 3697 matrimonii
985 3651 1183 3708 actum,
1219 3643 1308 3714 qui
1341 3651 1425 3699 cst
1464 3643 1700 3699 carnalis
1730 3642 1943 3716 copula.
1978 3645 2119 3716 Ergo
2160 3658 2265 3698 non
2293 3651 2507 3716 peccat,

509 3727 555 3784 si
587 3727 701 3783 viro
728 3743 828 3784 suo
871 3730 1160 3786 carnaliter
1188 3731 1624 3787 commisceatur.

578 3815 682 3872 Sed
731 3823 943 3881 contra.
979 3826 1163 3874 votum
1206 3819 1556 3878 continentiae
1593 3827 1675 3876 est
1716 3821 2069 3878 excellentius
2114 3837 2279 3896 quam
2321 3828 2511 3879 votum

511 3900 876 3972 abstinentiae,
910 3907 1038 3982 quia
1075 3921 1176 3964 non
1211 3913 1284 3966 est
1312 3907 1473 3984 diana
1496 3909 1817 3986 ponderatio
1853 3909 2172 3972 continentis
2204 3910 2417 3983 anima,
2446 3919 2510 3975 ut
