2800 4492
488 309 615 394 432
969 341 1023 392 e.
1067 335 1302 386 tracum
1340 329 1670 392 antimum
1710 337 2021 385 causeum

491 463 676 520 sumat
701 456 1087 516 humiditatem
1114 471 1240 531 quae
1279 463 1363 514 est
1406 455 1475 514 de
1514 455 1748 515 veritate
1776 455 2031 513 humanae
2074 460 2320 526 naturae;
2363 455 2522 513 sicut

495 550 751 610 aurifices
791 554 1068 622 apponunt
1111 546 1393 620 plumbum
1422 551 1668 618 argento,
1712 553 1774 602 ut
1801 544 2059 603 videlicet
2086 544 2142 601 in
2182 544 2521 603 conflatorio

493 645 848 698 consumatur
865 635 1166 711 plumbum,
1190 641 1248 692 et
1270 641 1558 708 argentum
1578 650 1688 690 non
1710 641 2067 691 consumatur
2086 634 2157 691 ab
2178 634 2323 706 igne.
2350 635 2521 692 Unde

491 728 550 786 in
578 726 978 785 resurrectione
1007 725 1225 799 quando
1253 725 1461 782 veritas
1490 723 1979 796 humanae-naturae
2008 725 2113 780 erit
2149 724 2519 798 inconsump-

494 817 684 886 tibilis,
716 817 975 874 alimento
1015 829 1125 871 non
1166 812 1552 885 indigebimuS,
1596 828 1699 868 nec
1737 819 1986 884 resurget
2022 813 2078 869 in
2107 812 2262 869 nobis
2298 813 2517 888 aliquid

497 907 646 981 quod
667 922 735 963 ex
762 902 1021 964 alimento
1048 903 1122 960 sit
1147 909 1490 974 generatum,
1518 901 1615 957 sed
1640 900 1818 956 solum
1843 901 1899 956 id
1923 901 2068 975 quod
2095 901 2199 958 fuit
2222 902 2277 958 in
2304 903 2511 960 Adam.

494 996 601 1054 Sed
621 994 1004 1052 inconvenieus
1025 991 1242 1050 videtur
1269 989 1582 1063 hujusmodi
1613 989 1812 1062 positio
1837 999 2057 1063 propter
2082 990 2208 1058 duo,
2237 997 2514 1063 quantum

495 1085 566 1142 ad
594 1099 832 1157 praesens
857 1082 1094 1156 pertinet
1135 1096 1148 1135 ε
1180 1079 1310 1153 quia
1339 1079 1583 1150 ejusdem
1611 1079 1841 1135 rationis
1873 1085 1958 1135 est
1994 1080 2225 1136 sormam
2267 1080 2515 1154 aliquam

495 1172 629 1231 nibil
675 1172 928 1231 amittere
970 1170 1038 1226 de
1074 1169 1305 1225 materia
1353 1166 1619 1239 subjecta,
1652 1174 1709 1222 et
1736 1165 1871 1223 nibil
1914 1167 1982 1224 de
2018 1183 2160 1244 novo
2196 1169 2508 1242 acquirere,

496 1263 654 1334 cujus
690 1258 1013 1318 substantiae
1041 1266 1096 1314 et
1141 1245 1352 1314 naturae
1381 1256 1512 1312 nihil
1558 1257 1825 1314 accrescit
1867 1271 1968 1312 nec
2006 1257 2240 1328 deperit.
2278 1257 2513 1314 Constat

494 1355 681 1407 autem
721 1348 868 1422 quod
911 1348 1094 1420 aliqua
1121 1347 1348 1403 materia
1386 1361 1513 1418 quae
1552 1353 1669 1402 erat
1694 1345 1951 1402 substans
1979 1345 2231 1402 humanae
2271 1354 2509 1422 naturae,

493 1438 696 1496 desinit
719 1451 839 1495 esse
865 1434 1116 1492 humanae
1139 1442 1353 1492 naturae
1377 1434 1651 1504 substanS,
1678 1435 1821 1490 sicut
1850 1440 2002 1508 patet
2030 1433 2085 1490 in
2110 1439 2287 1491 morte
2308 1435 2513 1492 unius-

494 1527 761 1600 cujusque
793 1523 1049 1604 hominis.
1088 1523 1245 1580 Unde
1285 1521 1388 1578 nisi
1438 1522 1621 1595 aliqua
1658 1523 1890 1578 materia
1929 1522 1997 1578 de
2038 1537 2181 1580 novo
2210 1523 2513 1580 adderetur

494 1614 749 1672 humanae
782 1622 1015 1680 naturae,
1043 1618 1368 1685 sequeretur
1398 1609 1543 1684 quod
1573 1610 1753 1665 minus
1790 1617 1936 1668 esset
1964 1611 2127 1668 modo
2154 1611 2211 1668 id
2246 1612 2396 1686 quod
2424 1619 2512 1670 est

492 1700 563 1757 de
590 1702 826 1758 veritate
863 1704 1078 1756 naturae
1117 1697 1370 1754 humanae
1402 1696 1457 1752 in
1495 1703 1621 1752 actu
1653 1711 1820 1774 quam
1852 1704 2093 1770 tempore
2132 1697 2297 1766 Adae—3
2331 1704 2389 1754 et
2428 1701 2511 1756 sic

497 1793 694 1846 natura
713 1787 916 1862 speciei
939 1801 1046 1843 non
1063 1787 1301 1858 perfecte
1326 1785 1631 1842 salvaretur
1654 1801 1752 1858 per
1778 1786 2203 1856 generationem.
2235 1787 2508 1856 SecundO,

501 1877 632 1950 quia
659 1877 766 1933 ista
792 1875 1046 1943 mutatio,
1080 1890 1246 1948 quam
1275 1873 1784 1946 multiplicationem
1813 1875 2023 1941 dicunt,
2056 1875 2203 1931 nullo
2234 1877 2397 1933 modo
2424 1885 2511 1934 est

498 1965 799 2024 secundum
838 1965 1134 2023 essentiam
1177 1964 1349 2038 ipsius
1392 1963 1659 2034 materiae,
1691 1964 1787 2020 sed
1832 1963 2169 2021 solummodo
2208 1967 2513 2024 secundum

499 2055 886 2130 quantitatem,
928 2053 1016 2127 vel
1059 2054 1427 2111 dimensiones
1472 2053 1522 2108 ei
1576 2053 1906 2110 accidentes.
1958 2055 2081 2110 Non
2131 2055 2279 2111 enim
2320 2055 2514 2112 dicunt

497 2145 644 2218 quod
691 2142 900 2218 aliquid
951 2142 1199 2201 materiae
1245 2142 1312 2200 de
1360 2157 1501 2199 novo
1564 2158 1659 2214 per
1712 2143 2008 2200 essentiam
2080 2147 2358 2216 credetur,
2422 2146 2513 2205 vel

498 2233 718 2292 aliunde
762 2232 1030 2302 addatur3
1073 2231 1168 2288 sed
1207 2231 1354 2305 quod
1387 2230 1481 2287 illa
1518 2230 1710 2287 eadem
1746 2232 1980 2289 materia
2022 2248 2147 2305 quae
2183 2233 2339 2305 prius
2389 2241 2513 2292 erat

393 2336 400 2340 ’
498 2323 692 2391 minor,
726 2327 930 2396 postea
955 2321 1054 2377 fiat
1079 2321 1274 2393 major.
1310 2318 1458 2376 Nihil
1484 2327 1671 2375 autem
1708 2326 1791 2376 est
1821 2319 1969 2376 aliud
2016 2322 2261 2378 rarefieri
2290 2329 2346 2378 et
2373 2338 2511 2380 con-

497 2411 717 2468 densari
741 2424 908 2485 quam
934 2407 1137 2466 mutari
1161 2409 1412 2466 eamdem
1435 2407 1725 2464 materiam
1748 2408 1817 2464 de
1842 2407 2052 2480 magnis
2080 2411 2514 2468 dimensionibus

498 2499 557 2557 in
593 2515 810 2573 parvas,
851 2505 908 2557 et
939 2515 974 2556 e
1003 2513 1286 2556 converso.
1318 2497 1475 2555 Unde
1502 2503 1824 2570 sequeretur
1858 2497 2159 2555 secundum
2191 2501 2514 2572 praedictam

495 2590 841 2663 positionem,
869 2586 1018 2661 quod
1039 2586 1173 2643 illud
1199 2586 1343 2660 quod
1370 2591 1454 2642 est
1474 2585 1543 2641 de
1569 2586 1800 2644 veritate
1822 2585 2077 2644 humanae
2101 2594 2331 2658 naturae,
2361 2607 2513 2648 sem·

499 2692 598 2748 per
619 2677 899 2733 rarefleret
924 2692 1021 2749 per
1042 2677 1360 2732 continuam
1386 2675 1797 2747 generationem
1820 2682 1875 2732 et
1900 2677 2423 2748 augmentationem,
2456 2690 2517 2738 et

499 2772 715 2822 tantum
739 2769 1005 2838 quantum
1034 2765 1302 2820 sustinere
1333 2780 1441 2820 non
1470 2771 1673 2836 posset.
1705 2765 1860 2822 Esset
1891 2766 2037 2822 enim
2054 2767 2171 2839 jam
2201 2767 2334 2824 illud
2364 2771 2515 2843 quod

501 2858 586 2909 est
631 2853 699 2908 de
743 2852 978 2910 veritate
1017 2852 1272 2909 humanae
1317 2858 1549 2923 naturae,
1596 2853 2065 2912 innumerabiliter
2110 2857 2285 2929 magis
2322 2873 2517 2917 rarum

505 2957 673 3018 quam
701 2941 878 3014 ignis3
910 2941 1056 3014 quod
1082 2947 1232 3014 patet
1261 2956 1379 2997 esse
1408 2939 1625 2998 falsum.

569 3032 638 3088 Et
661 3032 784 3088 ideo
812 3030 920 3088 alia
950 3029 1133 3104 opinio
1162 3029 1315 3098 dicit,
1363 3031 1509 3104 quod
1552 3030 1873 3089 alimentum
1915 3035 2254 3092 convertitur
2283 3035 2336 3093 in
2363 3038 2519 3095 veri-

500 3125 674 3179 tatem
704 3121 959 3178 humanae
994 3127 1206 3178 naturae
1235 3120 1409 3193 primo
1438 3125 1493 3176 et
1521 3121 1895 3194 principaliter
1918 3123 2218 3180 secundum
2251 3127 2515 3199 speciem,

503 3225 611 3266 non
642 3218 826 3282 autem
855 3209 1154 3266 secundum
1190 3208 1552 3276 individuum,
1586 3210 1689 3267 nisi
1718 3210 2043 3268 secundario
2077 3229 2090 3267 z
2125 3213 2313 3270 dicunt
2344 3214 2514 3282 enim,

505 3297 650 3372 quod
678 3299 733 3353 in
763 3312 1086 3370 unoquoque
1111 3297 1392 3360 individuo
1415 3297 1669 3355 humanae
1692 3299 1893 3371 speciei
1924 3300 2058 3357 illud
2082 3302 2255 3374 primo
2280 3311 2335 3358 et
2360 3305 2520 3375 prin-

508 3384 763 3459 cipaliter
787 3393 871 3441 est
895 3385 963 3440 de
986 3387 1218 3442 veritate
1242 3385 1494 3443 humanae
1519 3401 1729 3444 naturae
1748 3387 1892 3461 quod
1918 3404 1950 3444 a
1974 3390 2291 3461 parentibus
2317 3393 2518 3462 traxit;

393 3537 409 3550 ,
505 3482 564 3532 et
591 3474 695 3532 hoc
729 3479 960 3531 vocatur
1002 3490 1034 3531 a
1063 3474 1382 3548 Philosopho
1412 3491 1539 3532 caro
1568 3482 1625 3531 et
1667 3492 1727 3533 os
1754 3477 2054 3534 secundum
2100 3481 2358 3552 speciem,
2391 3497 2522 3552 qum

505 3579 724 3639 semper
755 3569 996 3622 manent.
1027 3564 1132 3621 Sed
1161 3566 1291 3639 quia
1319 3564 1474 3632 illud,
1514 3579 1640 3621 cum
1668 3563 1740 3622 sit
1782 3567 2076 3633 modicum,
2110 3583 2217 3624 non
2242 3568 2521 3628 sufficeret

509 3655 578 3712 ad
613 3653 912 3728 perfectam
951 3654 1318 3728 quantitatem
1357 3653 1603 3712 debitam
1647 3654 1902 3713 humanae
1944 3663 2157 3714 naturae
2199 3658 2317 3714 sine
2355 3659 2525 3715 addi-

507 3743 688 3812 tione;
708 3743 834 3799 ideo
855 3743 1168 3816 adjungitur
1187 3742 1320 3799 illud
1344 3743 1493 3816 quod
1512 3759 1578 3800 ex
1599 3742 1858 3800 alimento
1877 3753 2188 3817 generatur,
2213 3763 2322 3803 non
2339 3749 2523 3806 solum

506 3828 579 3886 ad
607 3829 711 3885 boc
739 3829 886 3902 quod
919 3836 1272 3887 conservetur
1301 3828 1435 3885 illud
1465 3829 1612 3903 quod
1649 3830 1753 3888 fuit
1778 3847 1812 3888 a
1841 3832 2031 3904 primis
2064 3834 2385 3906 parentibus
2422 3852 2526 3892 ac·-

507 3921 749 3989 ceptum,
788 3925 852 3975 ut
872 3917 1092 3976 dicebat
1118 3919 1293 3992 prima
1319 3917 1531 3990 opinio;
1563 3919 1658 3976 sed
1688 3919 1758 3976 ad
1786 3919 1890 3978 hoc
1913 3922 2059 3994 quod
2084 3921 2427 3995 compleatur
2454 3941 2529 3984 ex
