2800 4492
485 311 605 372 262
964 325 1016 369 s.
1061 323 1296 370 ‘rnomn
1338 321 1666 376 sommus
1707 321 2020 368 croscum

486 445 543 500 in
569 441 730 498 rebus
759 438 1102 498 naturalibus
1127 438 1316 498 sormae
1345 437 1735 495 substantiales
1760 437 1827 494 ad
1852 436 2269 509 distinguendas
2290 439 2509 512 species

489 547 692 599 rerum,
725 529 805 585 sic
843 535 1028 586 tamen
1069 527 1214 604 quod
1254 543 1288 584 a
1330 527 1599 585 creaturis
1628 525 1877 599 exempla
1919 526 1987 581 ad
2019 527 2192 583 Deum
2217 537 2508 601 assumpta

488 636 600 677 non
625 619 846 676 omnino
871 616 1072 674 similia
1100 625 1249 673 sunt.
1275 616 1334 672 In
1374 616 1538 672 rebus
1568 621 1751 673 autern
1775 615 2114 673 naturalibus
2144 616 2507 690 distinguitur

489 708 695 782 aliquid
724 723 818 780 per
846 706 1075 762 formam
1105 721 1260 761 suam
1291 705 1361 761 ab
1385 705 1493 760 alio
1516 704 1829 776 dupliciter.
1860 705 1980 761 Uno
2006 705 2168 761 modo
2196 707 2505 762 secundum

489 799 758 854 directam
795 795 1192 868 oppositionem
1237 793 1429 850 formae
1468 794 1539 850 ad
1584 793 1933 862 formam;,et
1958 791 2063 849 hoc
2101 794 2261 850 modo
2299 795 2509 852 distin-

489 885 675 961 guitur
711 899 1056 957 unaquaequo
1085 899 1172 938 res
1203 882 1472 939 naturalis
1502 881 1571 937 ab
1609 882 1859 938 omnibus
1888 882 2175 954 speciebus
2213 884 2295 938 sui
2332 901 2506 956 gene-

490 975 735 1048 ris3quae
761 973 964 1029 habent
987 972 1191 1028 formas
1215 971 1832 1044 oppositaS‚secundum
1861 971 2007 1045 quod
2036 988 2207 1043 genus
2236 973 2505 1031 dividitur

490 1063 756 1135 oppositis
783 1060 1137 1129 differentiis3
1166 1051 1309 1116 sicut
1343 1060 1655 1133 sapphyrus
1692 1059 2047 1132 distinguitur
2089 1076 2189 1118 sua
2226 1061 2402 1118 forma
2433 1064 2503 1118 ab

490 1150 740 1206 omnibus
765 1149 886 1206 aliis
912 1148 1199 1222 speciebus
1224 1147 1485 1220 lapidum.
1508 1147 1629 1204 Alio
1654 1149 1814 1203 modo
1844 1149 2199 1220 distinguitur
2223 1166 2311 1204 res
2337 1160 2501 1207 natu-

491 1240 620 1296 ralis
663 1257 760 1314 per
799 1254 956 1296 suam
999 1238 1231 1294 formam
1261 1240 1563 1294 secundum
1590 1237 1791 1293 habere
1829 1244 1885 1292 et
1913 1253 2018 1292 non
2051 1237 2282 1307 habere;
2318 1245 2373 1295 et
2397 1239 2501 1296 hoc

491 1328 651 1382 modo
699 1326 846 1400 quod
885 1324 1048 1381 habet
1092 1326 1332 1399 aiiquam
1375 1324 1609 1381 formam
1663 1323 1989 1390 naturalem,
2022 1324 2381 1396 distinguitur
2433 1327 2501 1382 ab

489 1417 740 1472 omnibus
766 1430 870 1472 non
900 1415 1225 1488 habentibus
1255 1413 1488 1470 formam
1517 1413 1685 1479 illam,
1714 1413 1857 1468 sicut
1886 1411 2192 1487 sapphyrus
2220 1431 2317 1486 per
2346 1431 2499 1486 suam

491 1505 722 1561 formam
753 1483 1055 1560 naturalem
1085 1503 1442 1574 distinguitur
1468 1517 1575 1557 non
1606 1501 1780 1557 solum
1816 1501 1885 1556 ab
1913 1501 2035 1556 aliis
2076 1502 2368 1574 generibus
2415 1503 2501 1560 la-

492 1593 701 1666 pidum
723 1592 827 1648 sed
856 1607 891 1647 a
917 1592 1201 1664 speciebus
1230 1589 1549 1646 animalium
1575 1597 1631 1644 et
1655 1589 1983 1660 plantarum.

561 1684 650 1737 Sir.
674 1698 806 1752 ergo
833 1681 1145 1746 dicendum,
1175 1679 1321 1754 quod
1359 1677 1529 1734 Filius
1565 1695 1663 1734 sua
1698 1677 1961 1734 filiatione
1988 1677 2347 1750 distinguitur
2376 1680 2500 1752 qui-

494 1770 615 1825 dem
643 1787 670 1824 a
711 1771 871 1824 Patre
909 1769 1210 1823 secundum
1237 1767 1633 1840 oppositionem
1670 1768 1954 1823 relativam
1990 1766 2271 1823 filiationis
2300 1768 2368 1824 ad
2399 1785 2501 1840 pa-

498 1859 832 1922 ternitatem,
865 1854 960 1910 sed
1001 1871 1030 1910 a
1074 1856 1278 1927 Spiritu
1316 1863 1507 1911 sancto
1550 1855 1905 1930 distinguitur
1948 1855 2229 1924 fiiiatione,
2264 1867 2361 1929 per
2398 1858 2501 1914 hoc

495 1943 640 2023 quod
677 1941 913 2014 Spiritus
954 1947 1174 1998 sanctus
1201 1957 1308 1997 non
1336 1941 1501 1997 habet
1545 1942 1861 2000 filiationem
1896 1958 2063 2017 quam
2100 1942 2269 1999 Filius
2311 1943 2497 2002 habet.

565 2031 632 2090 Et
660 2046 755 2108 per
779 2030 881 2087 hoc
910 2037 1059 2106 patet
1083 2030 1362 2106 responsio
1387 2030 1458 2088 ab
1477 2031 1714 2105 objecta.

1245 2229 1643 2311 QUAESTIO
1689 2229 1747 2295 V

566 2391 774 2448 Deinde
797 2390 1090 2464 quaesitum
1104 2396 1188 2447 est
1215 2390 1284 2446 de
1307 2388 1443 2446 Filio
1474 2394 1739 2462 quantum
1756 2385 1821 2444 ad
1850 2394 2101 2444 naturam
2128 2396 2498 2462 assumptam;

494 2493 550 2537 et
575 2481 722 2538 circa
747 2481 849 2537 hoc
867 2482 1161 2554 quaesitum
1189 2485 1290 2548 est,
1309 2485 1494 2535 utrum
1523 2479 1597 2536 sit
1622 2493 1789 2536 unum
1819 2492 2046 2535 numero
2074 2493 2273 2564 corpus
2300 2479 2501 2539 Christi

496 2569 718 2628 affixum
741 2571 893 2628 cruci
921 2576 978 2627 et
997 2571 1194 2643 jacens·
1216 2569 1272 2625 in
1297 2570 1569 2642 sepulcro.

1155 2719 1613 2810 Ammonos
1668 2700 1839 2807 vin.

547 2881 767 2946 Utrum
796 2897 1014 2960 corpus
1060 2878 1293 2944 Christi
1332 2881 1400 2940 in
1446 2897 1617 2942 cruce
1642 2885 1699 2943 et
1734 2881 1802 2942 in
1844 2881 2116 2959 sepulcro
2157 2883 2244 2945 sit
2276 2898 2462 2945 unum

839 2986 1108 3032 numero,
1141 3002 1220 3015 —
1249 2969 1312 3048 (3
1332 2973 1504 3048 pcmt.
1537 2969 1881 3048 quma-50,
1918 2975 2042 3032 art.
2068 2971 2154 3051 5).
2229 2993 2234 2997 ·

568 3105 637 3160 Et
675 3104 892 3160 videtur
921 3103 1066 3177 quod
1097 3117 1224 3159 non.
1256 3101 1395 3172 Quia
1426 3105 1790 3186 quaecumque
1819 3102 2077 3160 differunt
2114 3105 2314 3176 specie,
2340 3105 2505 3160 diffe-

499 3200 627 3249 runt
655 3209 899 3249 numero·
925 3193 1032 3249 Sed
1059 3207 1256 3264 corpus
1283 3186 1487 3249 christi
1518 3207 1815 3266 appensum
1847 3192 1901 3247 in
1932 3207 2093 3248 cruce
2135 3199 2193 3248 et
2226 3193 2416 3264 jacens
2445 3192 2501 3248 in‘

496 3280 764 3353 sepulcro,
797 3283 978 3338 differt
1001 3283 1182 3354 specie
1207 3297 1271 3337 eo
1301 3280 1464 3346 modo
1487 3297 1595 3356 quo
1633 3285 1909 3338 mortuum
1938 3293 1993 3338 et
2035 3281 2222 3338 vivum
2245 3281 2500 3374 differunt

495 3371 699 3444 specie.
725 3369 866 3442 Ergo
888 3386 994 3426 non
1027 3376 1110 3427 est
1138 3387 1302 3427 unum
1327 3379 1383 3428 et
1409 3371 1553 3428 idem
1583 3387 1828 3427 numero.

567 3458 674 3516 Sed
699 3465 908 3524 contra,
940 3474 1299 3532 quaecumque
1341 3467 1471 3516 sunt
1500 3476 1667 3516 unum
1696 3466 1754 3517 et
1786 3459 1933 3516 idem
1969 3460 2253 3534 supposito
2279 3461 2364 3518 vel
2393 3459 2505 3536 hy-

499 3547 726 3622 postasi,
759 3553 884 3602 sunt
915 3563 1081 3603 unum
1107 3555 1162 3602 et
1192 3548 1336 3603 idem
1360 3565 1609 3618 numero.
1633 3549 1739 3606 Sed
1764 3564 1964 3621 corpus
1986 3541 2194 3607 “Christi
2227 3551 2418 3622 jacens
2446 3551 2507 3606 in

496 3637 745 3710 sepulcro
793 3645 848 3692 et
894 3651 1194 3708 appensum
1231 3637 1399 3704 cruci,
1434 3645 1517 3692 est
1562 3654 1729 3694 unum
1777 3644 1833 3693 et
1878 3638 2024 3695 idem
2066 3641 2351 3712 supposito
2387 3637 2507 3696 sive

494 3725 798 3800 hypostasi,
827 3726 956 3798 quia
1002 3724 1314 3798 hypostasis
1359 3725 1522 3781 Verbi
1566 3726 1666 3782 Dei
1704 3743 1983 3799 nunquam
2019 3735 2275 3800 separata
2317 3734 2412 3783 est.
2435 3727 2509 3788 ab

498 3815 616 3882 ejus
659 3829 907 3884 corpore.
952 3813 1095 3884 Ergo
1139 3827 1336 3885 corpus
1380 3812 1583 3871 Christi
1631 3820 1713 3871 est
1759 3831 1929 3875 unum
1972 3821 2030 3872 et
2076 3816 2222 3878 idem
2276 3831 2509 3878 numero

501 3915 798 3982 appensum
823 3902 974 3964 cruci
1003 3909 1058 3960 et
1081 3904 1271 3984 jacens
1299 3902 1354 3961 in
1383 3901 1653 3982 sepulcro.
