2800 4492
557 359 676 420 344
1035 376 1086 419 s.
1131 372 1364 418 ἰἰιοιικιι
1406 372 1735 424 ΑοιιιΝΛτιε
1775 367 2088 420 orusc'umt

629 490 950 562 Respondeo
994 489 1304 557 dicendum,
1329 489 1476 562 'quod
1524 490 1699 545 omnis
1745 490 1888 546 actio
1934 491 2327 563 cujuscumque
2351 491 2427 546 rei
2472 495 2549 548 est

561 597 657 651 per
695 578 926 637 formam
955 585 1169 636 naturae
1195 577 1343 634 illius
1371 579 1471 634 rei.
1498 579 1638 635 Nam
1662 579 1767 634 etsi
1793 578 1903 636 sint
1931 578 2131 653 aliquae
2166 578 2358 636 formae
2404 581 2548 636 acci-

559 668 807 725 dentales
831 667 1097 740 principia
1123 667 1401 724 actionum
1436 667 1666 739 aliqu'us
1696 669 1793 736 rei,
1822 674 2037 740 oportet
2070 669 2216 742 quod
2240 667 2543 740 buJusmodi

561 757 806 813 actiones
849 758 1200 825 reducantur,
1251 757 1394 811 sicut
1443 756 1497 812 in
1544 757 1779 827 primum
1833 756 2179 829 principium.
2230 761 2285 812 in
2333 756 2555 812 formam

561 845 872 918 specificam
913 843 1058 900 illius
1095 845 1172 900 rei
1218 844 1432 915 agentis
1444 861 1466 911 ,·
1492 844 1635 901 sicut
1671 845 1815 900 actio
1858 843 2057 900 caloris
2096 845 2239 916 ignis
2283 845 2557 902 reducitur

562 935 704 990 sicut
753 935 820 988 ad
865 933 1098 1006 primu-m
1143 932 1473 1004 principium
1516 931 1571 988 in
1628 931 1857 988 sormam
1902 932 2319 990 substantialem
2366 933 2551 1006 ipsius,

559 1039 687 1095 quae
711 1030 795 1078 est
817 1022 982 1078 etiam
1008 1021 1336 1094 principium
1359 1021 1603 1077 omniurn
1632 1021 1996 1096 accidentium
2029 1023 2369 1094 propriorum
2396 1021 2552 1094 igniS.

560 1111 629 1167 Et
667 1111 790 1166 ideo
835 1116 1052 1182 oportet
1087 1125 1148 1164 se
1189 1109 1348 1165 aliter
1376 1109 1575 1166 habere
1616 1110 1672 1166 in
1718 1109 2025 1166 actionibus
2073 1109 2305 1182 alicujus
2348 1113 2425 1166 rei
2456 1111 2557 1167 ha-

561 1198 739 1254 bentis
777 1205 1028 1254 naturam
1069 1197 1390 1271 simplicem,
1427 1213 1591 1270 quam
1636 1198 1691 1253 in
1720 1197 2029 1255 actionibus
2064 1197 2297 1270 alicujus
2334 1201 2410 1277 rei
2461 1200 2561 1256 lia-

559 1287 739 1343 bentis
771 1292 1021 1342 naturam
1049 1286 1429 1358 compositam.
1456 1285 1510 1342 Si
1542 1286 1686 1342 enim
1727 1286 1893 1342 suerit
1921 1286 2128 1360 aliquid
2164 1286 2371 1344 habens
2398 1296 2562 1344 natu-

559 1391 677 1434 ram
703 1374 1023 1446 simplicem,
1050 1374 1226 1429 omnis
1255 1375 1398 1430 actio
1428 1376 1547 1445 ejus
1586 1374 1691 1430 erit
1736 1375 2038 1431 secundum
2072 1375 2465 1447 proprietatem
2506 1385 2559 1434 et

560 1462 780 1525 modum
825 1462 968 1519 illius
1012 1471 1253 1530 naturae;
1296 1460 1441 1535 quod
1494 1478 1599 1517 non
1642 1461 1929 1534 contingit,
1971 1463 2018 1518 si
2058 1462 2258 1519 babeat
2312 1476 2560 1521 naturam

559 1552 940 1652 compositam.
968 1551 1158 1608 Omnis
1187 1551 1330 1607 enim
1357 1551 1501 1607 actio
1531 1549 1673 1622 ignis
1710 1557 1795 1606 est
1834 1551 2133 1608 secundum
2175 1553 2562 1626 proprietatem

559 1647 774 1701 naturae
804 1640 984 1711 ignis:
1019 1640 1074 1694 in
1119 1623 1339 1716 cultello
1385 1644 1568 1694 autem
1616 1638 1808 1710 ignitio
1845 1645 1931 1694 est
1972 1638 2227 1738 quaedam
2276 1640 2421 1697 actio
2458 1655 2559 1696 non

434 1785 442 1792 ,
477 1770 486 1778 .
563 1730 841 1803 pertinens
883 1728 952 1784 ad
993 1727 1379 1799 proprietatem
1423 1727 1581 1798 igniS,
1626 1725 1839 1783 scilicet
1880 1717 2091 1784 incisio.
2140 1727 2206 1783 Et
2254 1727 2358 1784 hoc
2397 1731 2562 1786 etiam

563 1813 1019 1875 considerandum
1047 1819 1131 1868 est
1173 1814 1226 1868 in
1259 1813 1580 1870 substantiis
1616 1812 2010 1887 spiritualibus.
2043 1815 2238 1870 Anima
2270 1817 2419 1872 enim
2459 1815 2565 1872 hu·-

563 1917 724 1958 mana
754 1917 860 1977 non
889 1908 973 1956 est
1015 1891 1258 1956 totaliter
1285 1899 1613 1968 intellectae,
1640 1901 1738 1957 sed
1781 1889 2075 1973 participat
2115 1901 2563 1961 intellectualita-

564 1999 710 2058 tem3
742 1987 884 2044 unde
912 1988 1076 2044 estin
1115 2003 1182 2043 ea
1213 1985 1396 2060 aliqua
1426 1989 1603 2046 virtus
1625 1995 1679 2046 et
1719 1989 1863 2047 actio
1910 2005 2037 2061 quae
2080 2005 2188 2046 non
2236 1992 2471 2063 pertinet
2494 1993 2563 2048 ad

476 2064 482 2070 ⁵
564 2075 985 2135 intellectualem
1011 2082 1283 2140 naturam,
1307 2075 1741 2149 sicutpraecipue
1763 2084 1912 2150 patet
1942 2077 1995 2133 in
2024 2076 2111 2134 his
2134 2094 2259 2152 quae
2287 2079 2565 2153 pertinent

565 2168 632 2222 ad
663 2165 901 2222 animam
939 2163 1318 2236 vegetabilem.
1348 2164 1454 2222 Sed
1492 2164 1729 2236 Angelus
1765 2172 1851 2222 est
1898 2165 2141 2226 totaliter
2180 2165 2567 2226 intellectualis

565 2263 802 2322 naturae3
830 2262 886 2310 et
914 2253 1038 2309 ideo
1066 2258 1284 2326 oportet
1307 2252 1453 2325 quod
1474 2251 1651 2308 omnis
1675 2255 1792 2324 ejus
1812 2254 1958 2310 actio
1980 2254 2052 2311 sit
2076 2255 2375 2312 secundum
2405 2257 2567 2314 intel-

563 2343 764 2410 lectum
789 2359 802 2410 ;
832 2341 976 2402 unde
1008 2343 1209 2399 Beatus
1236 2341 1535 2414 Dionysius
1561 2340 1714 2408 dicit,
1744 2357 1805 2397 lv
1826 2341 1993 2415 capit.
2021 2342 2091 2399 de
2122 2342 2293 2400 divin.
2320 2345 2562 2413 Nomin.‚

563 2431 706 2504 quod
739 2430 912 2503 angeli
943 2429 1146 2487 habent
1184 2429 1523 2485 substantias
1562 2419 1639 2491 et,
1665 2429 1898 2486 virtutes
1926 2437 1982 2486 et
2013 2431 2359 2504 operationes
2398 2433 2569 2489 intel-

561 2519 842 2576 lectuales.
899 2517 1214 2574 Intellectus
1255 2524 1440 2574 autem
1479 2531 1585 2572 non
1618 2517 1733 2588 agit
1775 2517 1877 2574 nisi
1920 2518 2200 2575 mediante
2242 2520 2566 2592 voluntat03

563 2607 694 2680 quia
723 2614 904 2663 motus
931 2606 1228 2668 voluntatis
1257 2612 1341 2662 est
1369 2605 1655 2662 inclinatio
1677 2619 1911 2678 sequens
1940 2606 2171 2664 formam
2196 2607 2564 2666 intellectam·
2549 2653 2567 2680 ,

563 2696 708 2752 unde
743 2699 959 2767 oportet
995 2693 1140 2797 quod
1183 2693 1451 2767 quidquid
1492 2694 1731 2765 Angelus
1781 2695 1915 2766 agit,
1958 2702 2086 2768 agat
2136 2712 2234 2769 per
2276 2697 2572 2772 imperium

561 2783 880 2842 voluntatis.

633 2873 738 2939 Sed
767 2878 952 2927 tamen
977 2869 1433 2928 considerandum
1462 2877 1564 2938 est,
1597 2871 1742 2944 quod
1770 2886 1897 2928 cum
1925 2871 2102 2930 virtus
2118 2872 2195 2934 sit
2220 2876 2400 2935 media
2428 2877 2576 2934 inter

563 2955 858 3018 essentiam
888 2965 944 3015 et
973 2959 1362 3032 operationem,
1393 2965 1613 3031 oportet
1650 2959 1797 3035 quod
1819 2960 1993 3018 virtus
2020 2967 2077 3018 et
2104 2964 2351 3036 operatio
2378 2966 2575 3038 cujus-

563 3050 698 3107 libet
737 3050 815 3106 rei
857 3048 1295 3121 proportionetur
1345 3049 1599 3106 essentiae
1638 3050 1785 3120 ejus;
1826 3049 1969 3106 unde
2012 3051 2311 3123 superioris
2351 3054 2573 3125 Angeli,

563 3141 721 3209 cujus
746 3143 832 3193 est
859 3135 1098 3193 essentia
1135 3133 1386 3203 nobilior,
1413 3142 1499 3192 est
1526 3137 1694 3194 etiam
1711 3137 1893 3204 ,virtus
1920 3136 2193 3196 efficacior
2214 3139 2358 3196 sicut
2380 3141 2451 3197 ad
2479 3142 2581 3198 in-

565 3223 938 3296 telligendum,
964 3226 1038 3282 ita
1059 3215 1226 3282 etiam
1245 3224 1313 3282 ad
1339 3224 1610 3296 agendum
1634 3226 1691 3281 in
1709 3241 1799 3282 res
1821 3227 2121 3284 exteriores
2148 3244 2163 3283 :
2188 3234 2246 3285 et
2266 3230 2581 3287 secundum

564 3311 670 3367 boc
697 3312 840 3377 actio
867 3311 1057 3382 Angeli
1085 3309 1350 3368 limitatur
1372 3313 1442 3368 ad
1468 3312 1705 3386 aliquem
1728 3312 2002 3384 effectum,
2034 3315 2165 3387 quia
2188 3330 2288 3372 nec
2308 3317 2582 3375 virtutem

563 3413 667 3456 nec
689 3399 982 3456 essentiam
1006 3399 1170 3455 babet
1197 3399 1485 3480 infinitam.

635 3489 719 3544 Ad
767 3487 1000 3559 primum
1041 3503 1172 3558 ergo
1217 3488 1529 3552 dicendum,
1576 3487 1721 3562 quod
1768 3489 1913 3548 actio
1960 3485 2261 3551 voluntatis
2306 3492 2587 3566 angelicae

564 3574 843 3632 radicatur
865 3575 922 3631 in
950 3576 1187 3632 essentia
1211 3577 1348 3648 ejus,
1377 3590 1409 3633 a
1435 3577 1817 3649 quaprocedit
1842 3580 1962 3651 ejus
1987 3579 2165 3636 virtus
2188 3587 2245 3636 et
2272 3583 2529 3654 operatio
2565 3599 2583 3638 ε

564 3670 780 3738 oportet
807 3657 991 3720 autem
1031 3676 1254 3720 movens
1289 3679 1410 3736 esse
1448 3664 1611 3721 simul
1638 3680 1763 3722 cum
1794 3666 1978 3723 mobili
2007 3667 2153 3740 quod
2191 3667 2263 3726 ab
2284 3685 2351 3726 eo
2378 3685 2592 3728 move-

564 3761 674 3818 tur,
707 3760 767 3808 ut
805 3751 1036 3809 babetur
1070 3753 1126 3809 in
1157 3767 1238 3809 vn
1268 3752 1485 3826 Physic.
1520 3755 1674 3825 (text.
1704 3769 1905 3810 comm.
1944 3757 2065 3832 ⁴2),·
2093 3763 2151 3812 et
2192 3756 2317 3813 ideo
2352 3765 2593 3831 oportet

565 3829 930 3898 substantiam
942 3839 1148 3913 Angcli
1179 3840 1489 3913 aliqualiter
1518 3842 1771 3914 conjungi
1800 3842 1964 3900 rebus
1990 3858 2128 3917 quas
2152 3851 2357 3902 movet.

636 3924 720 3981 Ad
760 3908 1057 3983 secundum
1089 3927 1397 3996 dicendum,
1432 3929 1576 4002 quod
1621 3931 1753 4004 quia
1792 3933 1938 3991 actio
1968 3933 2266 3997 voluntatis
2303 3933 2597 3993 limitatur

1828 4042 1839 4074 l
