2800 4492
509 280 627 339 298
988 301 1038 341 ε.
1084 299 1316 342 'rquAE
1360 297 1687 347 Aoumms
1728 297 2041 366 opuscpnn

574 414 662 468 44.
709 415 1000 479 Praeterea,
1046 413 1222 467 virtus
1268 412 1519 468 imitatur
1560 417 1833 468 naturam.
1883 409 1987 467 Sed
2028 413 2228 467 natura
2261 416 2531 484 operatur
2616 449 2627 456 -

505 502 654 572 prius
685 503 737 557 in
767 517 994 574 corpore
1024 500 1275 557 animalis
1295 516 1360 556 ea
1389 516 1514 573 quae
1540 501 1815 572 pertinent
1841 500 1908 555 ad
1936 514 2075 563 esse,
2104 499 2248 555 sicut
2275 498 2526 574 membra

506 589 844 661 principalia,
886 605 1049 661 quam
1093 605 1156 644 ea
1195 604 1318 660 quae
1346 595 1474 643 sunt
1512 588 1581 644 de
1610 587 1749 644 bene
1775 603 1917 644 esse.
1956 586 2099 658 Ergo
2137 587 2193 641 in
2227 601 2526 660 progressu

506 678 726 734 virtutis
770 678 949 749 priora
993 687 1119 734 sunt
1155 683 1449 749 praecepta,
1495 692 1621 749 quae
1658 682 1787 732 sunt
1832 676 1900 731 de
1930 691 2050 732 εεεε
2080 676 2322 739 virtutis,
2354 690 2526 747 quam

505 766 752 832 consilia,
784 782 909 837 quae
939 774 1065 822 sunt
1092 766 1160 820 de
1200 767 1485 822 bene-esse
1514 764 1687 837 ipsius
1717 782 1730 818 ε
1763 771 1819 824 ει
1856 765 1937 820 sic
1974 765 2120 820 idem
2158 763 2304 837 quod
2345 765 2521 836 prius·

578 856 664 911 42.
710 855 995 921 Praeterea,
1029 856 1172 910 sicut
1213 863 1296 910 est
1325 853 1460 910 ordo
1504 854 1560 908 in
1600 853 1951 922 addiscendo,
1995 854 2075 910 ita
2101 853 2269 908 etiam
2300 853 2358 908 in
2385 867 2526 924 ope-

509 943 700 998 rando,
737 943 842 1018 Sed
884 943 936 998 in
975 942 1308 999 addiscendo
1345 950 1563 1016 oportet
1608 942 1848 1016 incipere
1887 958 1921 1000 a
1951 941 2310 1008 facilioribu8‚
2357 949 2415 997 ut
2449 941 2523 996 ad

508 1031 812 1087 difficiliora
841 1031 1208 1104 perveniatur.
1258 1031 1399 1103 Ergo
1443 1032 1497 1086 in
1536 1031 1813 1104 operando
1852 1037 2069 1102 oportet
2099 1030 2252 1103 prius
2295 1029 2523 1102 implere

511 1127 800 1192 praecepta‚
826 1135 952 1191 quae
978 1128 1105 1176 sunt
1129 1120 1393 1184 faciliora,
1428 1128 1483 1175 et
1512 1121 1594 1176 sic
1617 1120 1851 1176 transire
1879 1119 1948 1176 ad
1975 1118 2226 1175 consilia.

483 1271 492 1278 ,
580 1210 666 1263 43.
712 1210 1004 1272 Praeterea,
1045 1208 1235 1265 Matth.
1270 1224 1340 1274 v‚·
1366 1208 1568 1264 dicitur
1598 1209 1651 1262 in
1681 1207 1875 1265 Glossa
1916 1207 2062 1280 quod
2104 1223 2275 1263 semo
2308 1206 2522 1262 divinus

512 1304 587 1354 est
614 1296 760 1352 nobis
786 1295 876 1351 via
911 1312 1017 1367 qua
1043 1298 1332 1352 currimus.
1365 1296 1470 1353 Sed
1498 1295 1690 1352 'sermo
1737 1296 1956 1353 divinus
1999 1296 2333 1368 praeordinat
2374 1310 2521 1368 prae-

509 1392 668 1456 cepta
709 1383 969 1450 consiliiS,
1013 1391 1073 1439 ut
1119 1392 1270 1454 patet
1315 1384 1510 1440 Matth.
1542 1400 1607 1452 v;
1658 1383 1747 1439 ubi
1776 1383 1970 1455 'primo
2010 1385 2231 1456 ponitur
2274 1385 2327 1438 id
2373 1383 2520 1455 quod

513 1480 845 1546 praeceptum
866 1479 949 1528 εει
973 1473 1243 1544 antiquis;
1271 1479 1327 1528 et
1351 1481 1543 1546 postea
1572 1473 1959 1545 superadditur
1984 1488 2017 1528 a
2042 1472 2272 1527 Domino
2296 1471 2349 1527 id
2374 1472 2521 1544 quod

510 1562 859 1635 perfectionis
894 1566 998 1617 est.
1035 1561 1176 1632 Ergo
1205 1561 1424 1618 videtur
1457 1561 1601 1634 quod
1634 1561 1980 1617 observantia
2011 1571 2410 1662 praeceptorum
2450 1561 2522 1616 sit
2558 1595 2565 1602 θ

494 1651 926 1722 ·praeordinanda
955 1649 1323 1706 observationi
1353 1650 1725 1706 consiliorum.

584 1738 669 1791 44.
703 1738 992 1804 Praeterea,
1027 1735 1158 1791 illud
1189 1736 1334 1808 quod
1363 1746 1447 1792 εει
1474 1736 1760 1791 minimum
1798 1736 1851 1790 in
1896 1735 2081 1808 aliquo
2114 1751 2331 1807 genere,
2355 1735 2522 1803 ‘ordi-

513 1832 674 1880 natur
703 1824 770 1878 ad
799 1824 850 1877 id
878 1823 1021 1894 quod
1053 1831 1136 1878 est
1166 1824 1464 1879 maximum
1492 1825 1541 1878 in
1569 1840 1766 1894 genere
1793 1823 1905 1878 ino.
1936 1824 2041 1880 Sed
2074 1823 2204 1879 nihil
2231 1829 2315 1878 est
2346 1823 2521 1878 minus

517 1913 572 1966 in
614 1912 727 1967 vita
753 1910 1060 1966 christiana
1103 1927 1270 1982 quam
1310 1911 1660 1969 observantia
1698 1918 2117 1984 praeceptorum,
2165 1911 2298 1967 nihil
2340 1919 2521 1968 autem

520 2001 692 2071 majus
713 2014 888 2076 quam
925 1998 1272 2055 observantia
1309 1999 1681 2057 consiliorum.
1724 1999 1868 2072 Ergo
1897 2007 2172 2074 praeeepta
2201 2001 2521 2103 ordinantur

517 2087 586 2144 ad
614 2088 861 2144 consilia.

589 2178 676 2230 45.
728 2177 1015 2244 Praeterea,
1049 2177 1411 2250 Hieronymu
1440 2177 1575 2233 dicit
1619 2191 1777 2248 super
1820 2176 2013 2232 matth.
2066 2192 2079 2230 ε
2128 2176 2232 2243 Qui
2256 2182 2523 2249 piaecepta

517 2265 640 2334 leqis
667 2264 883 2337 implere
907 2265 1146 2336 neyliyit,
1178 2265 1507 2337 perfectiora
1540 2264 1758 2337 implere
1792 2281 1899 2320 non
1919 2271 2109 2338 potest.
2142 2265 2285 2336 Ergo
2309 2270 2521 2338 oportet

519 2352 661 2428 quod
685 2355 837 2427 prius
861 2353 1032 2426 aliqui
1056 2354 1318 2426 impleant
1345 2362 1619 2427 praecepta
1650 2369 1814 2426 quam
1841 2353 2092 2411 consilia.

589 2445 674 2498 46.
706 2444 995 2510 Praeterea,
1027 2444 1175 2514 prius
1203 2445 1285 2499 'est
1315 2458 1346 2498 a
1375 2458 1485 2515 quo
1518 2459 1621 2498 non
1648 2444 1985 2500 convertitur
2017 2442 2408 2514 consequentia
2430 2445 2521 2498 es'-

519 2530 691 2586 sendi.
735 2529 839 2586 Sed
883 2545 914 2586 a
951 2531 1242 2603 praeceptis
1276 2545 1380 2585 non
1407 2531 1749 2587 convertitur
1778 2530 2171 2603 consequentia
2198 2529 2412 2585 essendi
2452 2528 2519 2585 ad

519 2617 742 2674 consilia
793 2634 805 2670 ε
849 2633 952 2672 non
998 2617 1142 2671 enim
1184 2618 1452 2689 sequitur,
1485 2619 1530 2673 si
1574 2618 1774 2692 aliquis
1822 2625 2005 2675 servat
2044 2625 2338 2690 praecepta‚
2379 2618 2519 2689 quod

518 2715 698 2762 servet
716 2705 963 2760 consilia.
988 2705 1130 2775 Ergo
1155 2705 1464 2760 observatio
1485 2714 1882 2779 praeceptorum
1900 2706 2223 2764 naturaliter
2242 2706 2516 2780 praecedit,

519 2801 574 2850 et
601 2794 885 2849 ordinatur
913 2794 982 2849 ad
1011 2793 1416 2851 observantiam
1443 2794 1816 2853 consiliorum.

589 2880 695 2937 Sed
723 2890 912 2937 contra
944 2887 1030 2937 est
1057 2882 1203 2954 quod
1237 2883 1576 2954 Augustinus
1598 2885 1734 2941 dicit
1776 2885 1830 2941 in
1870 2886 2088 2941 Euchir.
2122 2903 2135 2940 ε
2181 2883 2521 2957 Quoecumque

521 2969 737 3026 mandat
767 2970 924 3035 Deus,
947 2986 1012 3024 ecc
1033 2970 1218 3042 quibus
1237 2987 1404 3026 unum
1428 2978 1522 3037 est,
1544 2973 1663 3029 Non
1690 2973 2051 3030 moechaberis
2079 2992 2092 3029 z
2122 2980 2169 3029 el
2194 2989 2520 3046 quercumque

521 3077 625 3115 non
643 3059 925 3132 jtcbentur,
953 3059 1042 3114 sed
1063 3059 1344 3132 spirituali
1366 3061 1584 3118 consilio
1612 3071 1915 3129 mouentur,
1942 3080 2006 3118 ea:
2028 3062 2215 3135 quibus
2240 3079 2405 3118 unium
2426 3069 2521 3129 est,

523 3151 725 3204 Bonum
753 3157 838 3204 est
882 3149 1085 3205 homini
1125 3149 1410 3205 mulierem
1452 3167 1559 3206 non
1605 3159 1857 3223 tangere3
1889 3159 2016 3208 tunc
2054 3159 2194 3208 recte
2228 3151 2393 3223 fiunt·
2407 3167 2520 3206 cum

523 3236 838 3308 veserantur
863 3238 934 3293 ad
969 3237 1296 3309 diliyendum
1322 3238 1511 3305 Deum,
1545 3247 1597 3297 et
1618 3240 1923 3312 proximum
1950 3247 2173 3312 propter
2202 3240 2387 3295 Deum.
2418 3239 2520 3296 Sed

523 3311 638 3380 liaee
661 3324 766 3380 duo
792 3326 994 3381 cadunt
1022 3327 1126 3380 sub
1150 3334 1442 3400 praecepto,
1469 3335 1530 3384 ιιι
1555 3335 1707 3402 patet
1733 3329 1925 3386 Mattli.
1950 3343 2100 3385 xxn.
2132 3328 2273 3401 Ergo
2298 3325 2521 3385 consilia

521 3412 842 3469 ordinantur
871 3413 937 3470 ad
970 3412 1265 3488 praece'pta.
1506 3429 1513 3437 “

589 3499 880 3570 Praeterea,
921 3501 1052 3558 illud
1092 3504 1237 3576 quod
1275 3515 1359 3562 est
1403 3507 1704 3573 εΙεειίοιιίε,
1747 3503 2032 3563 ordinatur
2072 3505 2140 3563 ad
2170 3505 2225 3562 id
2268 3504 2413 3579 quod
2440 3511 2521 3562 est

522 3592 892 3660 necessitatis3
923 3593 1051 3666 quia
1083 3592 1278 3650 electio
1303 3603 1386 3651 est
1416 3611 1605 3652 eorum
1633 3611 1758 3668 quae
1786 3605 1911 3653 sunt
1940 3597 2011 3653 ad
2042 3596 2225 3652 finem.
2255 3594 2361 3654 Sed
2390 3595 2535 3652 con-'

519 3681 640 3736 silia
679 3690 806 3736 sunt
839 3682 1142 3750 εΙεοιίοηίε,
1178 3692 1453 3758 praecepta
1492 3691 1677 3742 autem
1716 3685 2079 3744 necessitati&
2122 3685 2264 3759 Ergo
2296 3683 2522 3742 consilia

521 3770 840 3825 ordinantur
869 3771 937 3828 ad
969 3780 1262 3846 proecepta.

571 3857 881 3958 ‘Praetorem
917 3859 1050 3918 illud
1091 3875 1190 3935 per
1225 3859 1373 3934 quod
1421 3861 1627 3938 aliquid
1662 3862 1873 3938 plenius
1910 3862 2210 3938 perficitur,
2241 3861 2523 3923 ordinatur
