2800 4492
737 333 874 402 iu.
905 367 985 384 —
1015 351 1437 406 cucumam-uu
1479 353 1775 406 Quam-ma
2150 335 2269 397 265

967 559 1425 622 AR'rchLUS
1484 537 1567 620 Χ.

396 697 618 766 Utrum
624 713 743 777 per
769 693 1199 759 absolutionem
1217 665 1547 757 anemiotis
1575 692 1754 772 culpa
1776 659 2149 759 remittatur.

787 783 875 864 (2,
913 783 1058 847 dist.
1095 783 1192 859 15,
1219 787 1437 864 quaest.
1466 784 1528 857 ·l,
1559 782 1641 844 ad
1666 783 1752 862 4).

281 917 286 920 ’
337 917 420 976 Ad
450 916 687 990 primum
704 915 784 972 sic
810 913 1229 987 procedebatur.
1251 914 1304 968 ⁴.
1324 911 1555 969 Videtur
1580 913 1725 985 quod
1753 929 1847 984 per
1878 913 2272 972 absolutionem

270 1005 574 1064 sacerdotis
601 1003 761 1076 culpa
791 1001 1124 1058 remittatur.
1149 1001 1295 1057 Dicit
1330 1001 1475 1056 enim
1504 1001 1658 1071 Hugo
1706 1000 1772 1056 de
1819 1001 2017 1057 Sancto
2054 1004 2273 1061 Victore

271 1096 322 1151 in
353 1095 489 1162 libro
515 1094 583 1149 de
609 1089 997 1157 sacramentis,
1027 1089 1172 1163 quod
1197 1089 1513 1146 sententiam
1543 1089 1696 1145 Petri
1728 1091 1974 1162 sequitur
2010 1094 2271 1150 sententia
2314 1159 2317 1162 .

273 1184 398 1240 coeli.
429 1182 536 1239 Sed
567 1180 837 1237 sententia
876 1178 1000 1235 coeli
1030 1184 1112 1234 est
1155 1177 1223 1234 de
1270 1177 1591 1234 remissione
1614 1177 1808 1250 culpae,
1846 1179 1986 1251 Ergo
2024 1183 2272 1240 remissio

275 1273 443 1345 culpae
471 1271 722 1343 sequitur
755 1268 1082 1324 sententiam
1112 1267 1280 1334 Petri,
1311 1283 1435 1340 quae
1463 1275 1547 1322 est
1576 1267 1878 1324 sacerdotis
1916 1268 2269 1328 absolventis.

205 1347 220 1364 ⁰
338 1365 390 1418 2.
433 1362 727 1424 Praeterea,
769 1364 1114 1413 sacramenta
1155 1362 1281 1412 sunt
1324 1354 1613 1412 medicinae
1651 1361 1841 1412 contra
1893 1364 2135 1428 peccata.
2168 1361 2271 1416 Sed

271 1467 363 1524 per
391 1448 721 1505 medicinam
752 1451 1012 1502 sanantur
1038 1444 1265 1501 vulnera
1289 1443 1374 1499 vel
1428 1442 1798 1514 aegritudines.
1829 1444 1968 1516 Ergo
2006 1448 2273 1517 aegritudo

273 1538 353 1595 vel
381 1537 582 1592 vulnus
605 1533 816 1608 peccati
844 1539 1069 1589 sanatur
1098 1549 1192 1605 per
1222 1540 1626 1588 sacramentum
1654 1533 2012 1606 poenitentiae.
2046 1536 2150 1590 Sed
2180 1553 2277 1592 sa-

273 1631 616 1684 cramentum
643 1622 988 1697 poenitentiae
1022 1627 1432 1677 consummatur
1471 1621 1524 1676 in
1552 1620 1655 1676 hoc
1696 1621 1840 1694 quod
1880 1622 2045 1678 dicit:
2074 1623 2186 1694 1399
2225 1634 2275 1683 te

273 1717 501 1780 absolvo,
531 1713 674 1769 sicut
713 1717 1113 1768 sacramentum
1155 1709 1411 1782 baptismi
1455 1709 1508 1764 in
1537 1708 1640 1764 hoc
1688 1709 1835 1782 quod
1880 1710 2046 1765 dicit:
2076 1711 2191 1784 Epo
2225 1717 2275 1766 tc

272 1805 502 1878 baptiza
525 1803 666 1874 Ergo
690 1815 786 1871 per
811 1798 1206 1857 absolutionem
1232 1797 1536 1853 sacerdotis
1558 1797 1856 1854 dimittitur
1879 1798 2060 1871 culpa.

340 1898 392 1948 3.
424 1892 533 1950 Sed
562 1897 750 1946 contra
775 1886 1029 1960 estquod
1054 1903 1150 1960 per
1188 1885 1359 1942 solam
1387 1887 1772 1942 contritionem
1815 1883 2110 1943 dimittitur
2141 1904 2272 1962 pec-

273 1991 478 2048 catum,
507 1978 807 2044 secundum
833 1975 964 2031 illud
989 1973 1187 2032 Psalm.
1221 1990 1387 2041 xxxi,
1417 1976 1449 2028 5
1482 1991 1495 2029 t
1523 1974 1703 2030 Dixi:
1737 1973 2037 2047 confitebor
2074 1977 2272 2032 adver-

273 2089 385 2128 sum
412 2085 498 2126 me
520 2065 820 2140 injustitias
859 2080 1000 2121 meas
1028 2063 1284 2120 Domino:
1310 2071 1361 2121 ct
1410 2070 1469 2120 tu
1517 2062 1776 2120 remisisti
1802 2062 2129 2136 impietatem
2152 2083 2272 2138 pec-

275 2159 378 2216 cati
416 2159 542 2214 mei.
576 2155 681 2214 Sed
721 2151 980 2211 contritio
1021 2152 1284 2226 praecedit
1331 2150 1729 2208 absolutionem
1775 2153 2094 2220 sacerdotis,
2147 2154 2274 2227 quia

269 2240 532 2306 sacerdos
555 2260 662 2302 non
686 2243 848 2300 debet
882 2241 1120 2314 aliquem
1151 2239 1455 2306 absolvere,
1484 2240 1590 2296 nisi
1622 2240 1859 2297 aestimet
1902 2257 2028 2297 eum
2066 2243 2277 2298 contri-

278 2345 412 2394 tum.
443 2337 588 2408 Ergo
613 2333 864 2389 remissio
888 2330 1064 2404 culpae
1088 2329 1351 2403 praecedit
1387 2328 1784 2386 absolutionem
1812 2330 2143 2401 sacerdotis3
2170 2347 2275 2387 non

277 2441 402 2497 ergo
425 2439 524 2498 per
545 2419 942 2478 absolutionem
970 2417 1274 2474 sacerdotis
1301 2415 1460 2488 culpa
1493 2415 1815 2472 remittitur.

341 2510 666 2584 Respondeo
694 2507 1003 2574 dicendum,
1036 2505 1181 2578 quod
1229 2510 1573 2560 sacramenta
1615 2502 1907 2576 dupliciter
1935 2514 2231 2576 operantur
2258 2525 2272 2562 z

277 2618 382 2659 uno
412 2600 575 2657 modo
599 2596 897 2654 secundum
924 2594 1070 2670 quod
1100 2592 1425 2649 exhibentur
1450 2591 1505 2648 in
1535 2599 1688 2662 actu3
1723 2590 1832 2648 alio
1874 2591 2036 2649 modo
2074 2609 2274 2651 secun-

277 2692 406 2748 dum
429 2685 577 2763 quod
605 2686 872 2743 habentur
907 2685 963 2740 in
1004 2689 1161 2750 vot03
1190 2687 1247 2738 et
1293 2681 1395 2738 hoc
1424 2681 1547 2736 ideo
1589 2681 1720 2752 quia
1758 2688 2101 2739 sacramenta
2144 2700 2275 2757 ope-

279 2788 469 2838 rantur
501 2784 565 2833 ut
599 2777 966 2831 instrumenta
993 2771 1196 2828 divinae
1229 2769 1619 2826 misericordiae
1638 2769 2012 2841 justificantis·
2043 2772 2142 2828 Dei
2173 2761 2276 2829 au-

279 2876 388 2925 tem
430 2875 517 2924 est
562 2863 831 2938 respicere
876 2860 1110 2918 hominis
1152 2875 1267 2926 cor,
1299 2859 1596 2915 secundum
1640 2856 1774 2914 illud
1810 2859 1837 2915 1
1880 2859 2014 2932 Reg.
2045 2876 2166 2928 xvr,
2194 2863 2273 2918 7:

279 2957 531 3015 Homines
558 2953 738 3010 vident
765 2967 826 3007 ea
854 2965 968 3023 quoe
991 2955 1211 3022 parent,
1241 2948 1382 3003 Dens
1404 2953 1581 3002 autem
1611 2947 1860 3002 intuetur
1885 2963 1995 3004 cor.
2023 2949 2091 3004 Et
2133 2949 2273 3018 ide0,

281 3045 532 3121 quamvis
577 3059 666 3099 res
706 3038 985 3098 naturales
1025 3053 1131 3094 non
1175 3042 1342 3108 agant
1386 3034 1492 3090 nisi
1532 3034 1951 3107 praesentialiter
1996 3037 2275 3104 adhibitae,

283 3137 626 3194 sacramenta
651 3138 835 3189 tamen
863 3134 1033 3200 agunt
1057 3125 1224 3183 etiarn
1253 3122 1555 3180 secundum
1582 3123 1730 3196 quod
1754 3130 1881 3180 sunt
1910 3124 1967 3180 in
1994 3130 2152 3196 voto;
2185 3127 2281 3183 sed

284 3209 494 3298 plenius
517 3216 972 3278 sacramentalem
987 3216 1240 3272 effectum
1262 3212 1529 3268 inducunt
1554 3211 1772 3286 quando
1786 3215 1913 3268 actu
1936 3211 2277 3285 exhibentur,

284 3314 421 3370 sicut
448 3313 508 3367 in
530 3309 824 3382 baptismo.
854 3306 995 3362 Nam
1037 3301 1481 3367 catechumenae,
1512 3301 1559 3356 si
1600 3301 1675 3357 sit
1714 3299 1952 3369 adultus,
1986 3311 2041 3360 et
2086 3302 2285 3362 habeat

284 3402 618 3476 baptismum
643 3398 700 3454 in
729 3403 877 3460 voto,
898 3395 1016 3466 jam
1059 3397 1386 3449 consecutus
1415 3395 1500 3445 est
1528 3389 1783 3446 effectum
1818 3390 2075 3464 baptismi
2104 3409 2285 3466 quan-

283 3499 401 3548 tum
428 3487 500 3547 ad
529 3483 973 3544 emundationem
997 3497 1030 3539 a
1063 3484 1311 3554 peccato,
1345 3484 1399 3534 et
1428 3478 1870 3535 consecutionem
1913 3481 2126 3552 gratiae,
2160 3497 2286 3553 quae

285 3589 367 3636 est
389 3576 646 3652 proprius
673 3573 900 3629 effectus
940 3567 1200 3637 Dei;sed
1231 3565 1450 3640 quando
1494 3571 1622 3623 actu
1663 3567 1995 3640 baptismum
2037 3570 2285 3642 suscipit,

285 3665 640 3738 consequitur
665 3659 876 3736 plenius
900 3657 1164 3734 quosdam
1203 3654 1631 3712 sacramentales
1654 3656 1897 3721 effectus,
1934 3656 2065 3730 quia
2109 3658 2293 3713 susci-

284 3757 366 3830 pit
390 3756 768 3812 characterem
792 3756 849 3806 et
875 3746 1250 3806 remissionem
1280 3745 1453 3801 totius
1475 3759 1672 3816 poenae.
1704 3744 1759 3802 Si
1786 3745 1911 3816 quis
1940 3751 2123 3801 tamen
2148 3754 2293 3804 esset

289 3846 516 3919 quinon
555 3839 708 3914 prius
746 3837 972 3895 haberet
1001 3834 1336 3908 baptismum
1363 3833 1423 3888 in
1456 3838 1584 3888 voto
1622 3848 1793 3903 quam
1826 3838 1953 3889 actu
1980 3831 2296 3906 baptizare-

289 3932 576 4005 tur‚.sicut
605 3927 880 4002 praecipue
917 3929 1068 3998 patet
1097 3923 1152 3980 in
1180 3923 1387 3995 pueriS,
1429 3919 1587 3978 simul
1622 3920 1817 3993 recipit
1845 3935 1942 3995 per
1964 3921 2296 3996 baptismum
