2800 4492
581 406 700 468 550
1057 420 1112 465 ι.
1155 416 1388 463 ⁶1·quae
1428 412 1755 465 AoumA‘rls
1796 407 2102 455 opuscumt

584 545 641 594 et
665 536 828 594 aliter
848 536 918 593 de
941 533 1254 609 proedicatis
1282 547 1409 604 quae
1434 530 1731 603 important
1758 523 1964 599 aliquid
2000 520 2275 595 pertinens
2298 517 2363 575 ad
2392 523 2581 573 actum

589 626 815 683 rationis
843 642 856 679 ε
884 624 1012 699 quia
1039 624 1092 678 in
1123 621 1332 694 primis,
1362 619 1574 676 scilicet
1602 615 1865 683 realibus,
1888 612 1935 690 si
1962 612 2016 667 in
2052 611 2132 666 eis
2160 606 2353 664 debeat
2379 605 2581 661 habere

589 718 766 773 locum
809 712 933 770 talis
978 711 1276 777 distinctio,
1309 715 1526 782 oportet
1560 708 1735 763 inesse
1779 700 2182 775 separationem
2220 696 2273 752 in
2319 711 2374 751 re
2411 699 2471 748 et
2526 692 2578 746 in

589 802 1058 864 consideratione:
1099 800 1154 855 in
1183 796 1438 854 secundis
1466 810 1575 851 non
1611 792 1929 866 requiritur,
1960 788 2055 844 sed
2074 790 2300 859 'oportet
2328 781 2469 859 quod
2496 796 2579 834 res

592 892 681 949 illa
709 890 874 947 cudat
897 887 1000 945 sub
1025 887 1132 945 aliu
1157 884 1616 943 consideratione.
1646 882 1715 939 Et
1743 880 1825 936 sic
1850 878 1995 943 dico,
2020 874 2167 949 quod
2213 874 2317 928 iste
2343 869 2579 943 praedes-

592 983 798 1038 tinctus
825 984 1004 1053 potest
1031 973 1366 1034 considerari
1395 972 1481 1029 vel
1510 981 1571 1028 ut
1606 972 1663 1027 in
1704 986 1786 1037 se,
1809 968 1897 1025 vel
1942 972 2005 1021 ut
2046 964 2250 1019 divinae
2293 958 2576 1031 cognitioni

594 1070 798 1126 relatus
818 1086 832 1134 ;
855 1074 912 1125 et
935 1067 1015 1125 sic
1043 1080 1150 1123 uno
1174 1063 1336 1122 modo
1367 1059 1690 1121 attribuitur
1712 1058 1763 1116 ei
1801 1055 1948 1131 quod
1982 1053 2153 1127 possit
2182 1048 2442 1114 damnari,
2476 1045 2577 1101 alio

597 1159 756 1219 modo
779 1172 906 1217 uon.

1303 1344 1701 1431 QUAESTIO
1775 1340 1893 1415 IV.

669 1512 874 1571 Deinde
897 1512 1190 1585 quaesitum
1219 1516 1303 1567 est
1326 1509 1396 1565 de
1424 1507 1556 1574 fato,
1587 1512 1770 1561 utrum
1793 1500 1973 1559 omnia
2004 1496 2220 1556 subsint
2250 1492 2382 1551 l'ato.

1294 1682 1751 1747 ARTICULUS
1793 1680 1901 1740 IV.

1167 1820 1384 1883 Utrum
1412 1818 1611 1880 omnia
1632 1814 1868 1905 subsint
1888 1813 2043 1890 fato.

673 1953 996 2027 Respondeo
1025 1952 1336 2016 dicendum,
1363 1949 1508 2022 quod
1534 1948 1709 2021 primo
1738 1949 1952 2019 oportet
1976 1942 2117 1998 seire
2142 1937 2276 2014 quid
2302 1937 2373 1992 sit
2392 1934 2572 2000 fatum3

605 2053 661 2100 et
703 2043 782 2098 sic
825 2047 1018 2114 postea
1065 2037 1298 2094 faciliter
1339 2036 1550 2110 patebit
1594 2034 1661 2091 ad
1711 2034 2067 2107 propositum.
2113 2027 2375 2103 Videmus
2415 2032 2573 2079 autem

609 2133 778 2187 multa
804 2131 1184 2201 contingenter
1213 2128 1461 2193 evenire3
1494 2134 1548 2181 et
1579 2126 1700 2179 ideo
1730 2124 1857 2179 olim
1885 2120 1985 2176 fuit
2010 2117 2260 2183 dubium,
2288 2124 2460 2170 utrum
2486 2111 2572 2165 ista

608 2233 734 2291 quae
761 2215 1093 2271 variabiliter
1118 2220 1173 2270 et
1198 2214 1507 2269 inordinate
1536 2210 1877 2281 contingunt,
1910 2206 2242 2263 reducantur
2274 2202 2325 2256 in
2365 2198 2571 2270 aliquam

609 2302 834 2362 causam
859 2304 1222 2359 ordinantem.
1253 2302 1322 2357 Et
1357 2302 1455 2373 qui
1480 2300 1669 2355 dicunt
1697 2313 1821 2362 non,
1852 2296 2045 2351 dicunt
2074 2290 2246 2348 l'atur'n
2290 2286 2415 2345 nihil
2451 2300 2565 2347 esse,

611 2403 671 2450 ut
701 2392 1098 2449 Tullius-dicit.
1129 2392 1363 2460 Quidam
1393 2390 1582 2445 dicunt
1604 2387 1752 2460 quod
1796 2386 1852 2441 in
1895 2382 2137 2456 aliquam
2174 2392 2391 2435 causam
2433 2388 2570 2446 supe-

614 2484 813 2538 riorem
841 2482 1194 2547 ordinantur3
1227 2488 1280 2535 et
1315 2478 1401 2533 isti
1437 2478 1853 2532 nominaverunt
1898 2472 2070 2528 satum
2098 2486 2126 2524 a
2151 2468 2243 2541 foi·
2264 2466 2419 2539 furis,
2441 2461 2565 2536 quasi

615 2572 701 2626 hic
717 2572 902 2625 omnia
927 2570 1037 2623 sint
1061 2568 1288 2641 prael'ate
1315 2584 1344 2622 a
1371 2565 1608 2639 quadam
1639 2564 1918 2636 superiore
1943 2574 2129 2616 causa.

685 2660 788 2715 Sed
823 2659 1014 2714 luorum
1037 2666 1120 2713 est
1153 2655 1347 2729 triplex
1377 2656 1581 2727 opinio,
1612 2652 1846 2722 Quidam
1872 2649 2015 2706 enim
2046 2646 2377 2704 reduxerunt
2410 2642 2493 2696 hoc
2526 2640 2567 2692 in

617 2746 911 2821 quamdam
945 2747 1143 2802 seriem
1181 2760 1471 2801 causarum
1496 2758 1661 2817 quam
1690 2741 1879 2796 dicunt
1909 2737 2101 2803 fatum,
2133 2734 2281 2790 sicut·
2303 2729 2475 2795 Stoici,
2496 2727 2567 2799 qui

545 2843 548 2846 “
618 2836 808 2889 dicunt
836 2833 982 2905 quod
1011 2832 1143 2888 nibil
1174 2839 1257 2887 est
1286 2832 1431 2903 quod
1474 2848 1580 2886 non
1623 2829 1822 2885 habeat
1864 2840 2107 2892 causam,
2135 2831 2191 2878 et
2239 2821 2410 2895 posita
2438 2831 2570 2873 causa

619 2937 838 2979 necesse
863 2928 947 2976 est
977 2934 1174 2991 ponere
1203 2920 1475 2975 effectum.
1503 2920 1557 2975 Si
1590 2933 1718 2989 ergo
1746 2916 1927 2973 evenit
1956 2913 2040 2969 vel
2072 2920 2154 2968 est
2200 2909 2324 2967 talis
2362 2907 2439 2964 vel
2472 2904 2574 2960 talis

619 3013 862 3076 effectae,
894 3008 1084 3067 habuit
1113 3022 1356 3073 causam,
1388 3016 1445 3063 et
1470 3006 1586 3063 haec
1608 3021 1775 3063 causa
1804 3004 2237 3066 aliamrausam,
2268 3008 2325 3054 et
2352 2998 2428 3052 sic
2448 2994 2577 3050 ‹lein-

621 3115 791 3173 ceps:
823 3096 1210 3169 sicut·eliquis
1258 3103 1339 3151 est
1383 3097 1597 3151 occisus
1642 3096 1711 3150 de
1755 3103 1933 3160 nocte,
1971 3091 2099 3165 quia
2144 3088 2312 3145 exivit
2358 3086 2578 3145 domum:

623 3204 792 3261 quare
817 3187 987 3246 exivit
1010 3186 1250 3251 domum,
1271 3185 1398 3258 quia
1428 3185 1631 3252 sitivit3
1658 3198 1826 3256 quare
1854 3182 1985 3248 hoc‚·
2011 3182 2141 3252 quia
2170 3177 2315 3234 salsa
2344 3172 2581 3239 comedit;

623 3286 679 3331 et
703 3276 782 3331 sic
805 3274 934 3347 quia
961 3275 1200 3329 comedit
1229 3274 1390 3340 salsa,
1424 3290 1490 3327 ex
1519 3272 1844 3328 necessitate
1869 3269 2120 3325 moritur.
2148 3261 2462 3322 Aristoteles
2485 3276 2583 3315 res·

624 3362 826 3438 pondet
855 3378 1056 3432 negans
1093 3363 1202 3417 duo
1241 3363 1437 3434 prima.
1467 3361 1665 3429 Primo,
1696 3358 1840 3433 quod
1882 3372 1991 3414 non
2036 3352 2304 3429 quidquid
2349 3352 2425 3415 lit,
2450 3349 2587 3405 habet

625 3466 864 3518 eausam,
897 3450 992 3511 sed
1017 3458 1228 3505 tantum
1266 3450 1411 3524 quod
1444 3450 1504 3506 lit
1532 3466 1627 3522 per
1662 3465 1743 3504 se.
1768 3446 1925 3517 Quod
1954 3451 2138 3502 autem
2165 3457 2265 3514 ego
2289 3439 2495 3496 occidar
2517 3454 2589 3493 me

627 3547 876 3608 exeunte,
900 3546 983 3596 est
1011 3555 1107 3610 per
1128 3538 1398 3593 accidens·
1430 3536 1677 3595 Secundo
1703 3530 1857 3602 dicit,
1886 3532 2033 3608 quod
2064 3548 2191 3595 non,
2223 3530 2401 3603 posita
2428 3544 2586 3592 causa.

622 3636 856 3700 ponetur
885 3628 1138 3695 effectum
1165 3628 1294 3699 quia
1320 3632 1502 3698 'potest
1546 3623 1830 3697 impediri;
1862 3630 1917 3679 et
1950 3621 2073 3678 ideo
2100 3634 2209 3676 non
2236 3618 2492 3691 sequitur,
2520 3616 2592 3674 vel

627 3732 734 3773 non
764 3723 876 3771 stet
897 3717 1066 3771 series
1089 3730 1400 3771 causarum.

697 3805 803 3861 Alii
833 3806 1100 3861 reducunt
1120 3805 1236 3861 liaec
1262 3805 1316 3859 in
1342 3803 1505 3859 asiam
1528 3816 1769 3870 causam,
1786 3800 1997 3858 scilicet
2021 3800 2075 3855 in
2100 3812 2333 3871 corpora
2356 3794 2590 3861 coelestia,

629 3908 698 3949 ex
725 3908 957 3964 quorum
987 3895 1312 3949 necessitate
1347 3891 1535 3948 dicunt
1560 3882 2014 3949 omnin‘eceidere
2047 3908 2062 3945 ι
2094 3886 2238 3945 unde
2262 3886 2448 3942 dicunt
2471 3884 2594 3955 quod

631 3986 807 4040 tatum
833 3979 964 4035 nihil
1003 3980 1151 4037 aliud
1194 3985 1279 4037 est
1315 3994 1481 4053 quarn
1522 3982 1607 4041 vis
1648 3980 1931 4055 positionis
1970 3978 2230 4038 siderum.
2258 3976 2391 4034 Haec
2440 3982 2593 4033 autem
