2800 4492
463 413 470 416 ,
531 341 612 402 98
758 403 764 408 ,
1009 356 1064 404 s.
1105 355 1340 402 ¹1·quAE
1379 353 1708 407 acuamus
1748 351 2060 402 croscum

539 479 708 531 tatem
751 479 914 531 terrae
958 445 1224 531 naturalis
1263 472 1461 547 probat
1501 487 1568 529 ex
1600 477 1753 529 motu
1790 469 2059 546 gravium,
2091 469 2401 543 astrologus
2444 483 2559 544 per

536 563 1028 640 considerationem
1053 562 1324 620 lunarium
1354 561 1677 636 eclypsium.

605 650 690 707 Ad
718 636 973 710 octavum
997 651 1306 721 dicendum,
1337 650 1484 724 quod
1530 651 1673 708 sicut
1701 649 1836 707 dicit
1874 650 2281 707 commentator
2310 647 2551 715 ibidem,

538 737 894 812 Philosophus
929 753 1038 796 non
1073 739 1409 812 distinguere
1444 738 1679 796 intendit
1725 738 1801 794 ibi
1846 738 2107 796 scientias
2150 737 2550 810 speculativaS,

539 828 670 901 quia
695 827 763 884 de
791 829 1035 901 quolibet
1060 829 1267 897 mobili,
1299 830 1418 888 sive
1445 829 1517 886 sit
1548 826 1924 904 corruptibile,
1960 826 2077 884 sive
2102 825 2548 899 incorruptibile,

540 913 868 972 determinat
891 915 1176 974 naturalis
1201 916 1587 973 Mathematica
1616 923 1801 972 autem
1824 915 1880 971 in
1908 909 2175 988 ¹quantum
2206 911 2551 985 hujusmodi,

541 1018 648 1059 non
665 1004 987 1061 ‘considerat
1011 1004 1231 1078 aliquod
1259 1004 1477 1061 mobile.
1509 1003 1746 1060 Intendit
1777 1008 1961 1060 autem
1990 1002 2328 1074 distinguere
2346 1003 2443 1056 'res
2478 1002 2552 1056 de

512 1087 741 1163 >quibus
767 1092 1013 1150 scientiae
1055 1093 1410 1166 speculativae
1449 1092 1833 1162 determinant,
1860 1091 1929 1148 de
1970 1090 2176 1164 quibus·
2203 1096 2551 1147 seorsum-et

543 1181 842 1238 secundum
869 1182 1117 1240 ordInem
1153 1182 1424 1254 agendum
1448 1187 1551 1248 est,
1579 1181 1831 1255 quamvis
1870 1180 1961 1236 illa
1990 1181 2096 1237 tria
2124 1193 2327 1253 genera
2356 1194 2553 1236 rerum

545 1269 718 1326 tribus
755 1271 1003 1327 scientiis
1045 1271 1316 1344 applicari⁴
1350 1269 1579 1343 possint.
1622 1269 1781 1326 Entia
1820 1269 1965 1325 enim
2010 1268 2445 1342 incorruptibilia
2490 1275 2554 1324 et

543 1358 841 1416 immobilia
871 1360 1098 1433 praecise
1124 1361 1194 1417 ad
1223 1360 1662 1433 metaphysicu'm
1692 1357 1986 1432 pertinent.
2014 1357 2177 1414 Entia
2204 1370 2334 1413 vero
2362 1357 2548 1413 mobi-

544 1447 618 1504 lia
646 1453 702 1504 et
730 1447 1159 1522 incorruptibilia
1189 1455 1409 1522 propter
1434 1447 1860 1503 uniformitatem
1890 1453 1945 1502 et
1974 1445 2385 1519 regularitatem
2414 1459 2555 1518 po‘s-

545 1543 673 1592 sunt
700 1537 1051 1594 determinari
1077 1545 1132 1594 et
1157 1544 1421 1610 quantum
1447 1537 1515 1592 ad
1544 1551 1672 1592 suos
1701 1542 1880 1592 motus
1900 1552 1995 1608 per
2025 1535 2292 1608 principia
2330 1534 2553 1590 mathe-

547 1625 768 1692 matica,
797 1627 942 1698 quod
971 1625 1038 1680 de
1066 1625 1432 1681 immobilibus
1466 1624 1909 1698 corruptibilibus
1947 1624 2055 1679 dici
2086 1637 2191 1679 non
2235 1629 2417 1696 potest
2445 1631 2549 1680 :·et

544 1714 672 1769 ideo
698 1713 994 1770 secundum
1021 1727 1190 1783 genus
1213 1713 1422 1769 entium
1447 1713 1763 1770 attribuitur
1786 1712 2189 1770 mathematicae
2216 1711 2430 1790 ratione
2454 1729 2553 1770 as-

549 1802 853 1874 trologiae:
892 1801 1114 1856 tertium
1157 1818 1286 1858 vero
1328 1809 1573 1859 remanet
1615 1803 1895 1876 proprium
1939 1803 2040 1859 soli
2076 1800 2334 1870 naturali,
2361 1809 2421 1858 et
2468 1800 2551 1858 sic

549 1890 792 1962 loquitur
815 1889 1160 1947 Ptolemaeus.

1242 2121 1699 2182 ARTIGULUS
1742 2123 1850 2184 IV.

639 2273 859 2338 Utrum
887 2271 1096 2337 divina
1119 2273 1372 2338 scientia
1401 2272 1487 2334 sit
1514 2273 1583 2352 cle
1610 2271 1706 2334 his
1730 2289 1865 2352 quoe
1890 2249 2035 2336 sun't
2059 2274 2187 2338 sine
2212 2276 2471 2340 materia

1406 2366 1463 2424 et
1497 2366 1682 2423 motu.

583 2515 701 2582 ‚Ad
743 2521 1002 2588 quartum
1055 2511 1136 2569 sic
1175 2511 1507 2586 proceditur.
1540 2513 1594 2567 l.
1637 2511 1865 2568 Videtur
1907 2513 2053 2586 quod
2094 2513 2325 2570 scientia
2362 2515 2555 2574 divina

549 2607 656 2659 non
685 2603 756 2658 sit
780 2603 848 2657 de
869 2601 1031 2657 rebus
1055 2617 1088 2658 a
1115 2609 1268 2657 m'otu
1294 2610 1349 2657 et
1371 2598 1601 2656 materia
1626 2601 2165 2674 separatis.Scientia
2193 2602 2339 2658 enim
2362 2601 2557 2662 divina

551 2689 787 2748 inaximo
814 2690 1031 2744 videtur
1055 2688 1274 2744 essedo
1308 2689 1421 2743 Deo
1452 2693 1465 2742 ὲ
1498 2689 1593 2744 sed
1620 2689 1690 2744 ad
1715 2691 1812 2745 Dei
1836 2689 2201 2760 cognitionem
2241 2691 2555 2764 pertingere

549 2793 654 2834 non
699 2790 983 2849 possumus
1023 2775 1126 2830 nisi
1165 2792 1263 2848 per
1303 2769 1528 2832 effectus
1570 2777 1826 2844 visibileS,
1861 2779 2107 2851 quisunt
2140 2779 2197 2834 in
2234 2780 2467 2836 materia
2496 2789 2557 2838 et

552 2871 702 2921 motu
729 2864 1034 2920 constituti.
1063 2863 1293 2920 Roman.
1327 2880 1393 2920 1·
1420 2863 1724 2922 Invisibilia
1753 2866 1855 2922 Dei
1882 2883 1915 2922 α
1948 2875 2203 2924 creatura
2234 2867 2427 2923 mundi
2449 2885 2557 2941 per·

554 2969 614 3010 ea
641 2969 756 3024 quae
781 2953 944 3026 facta
951 2959 1076 3008 sunt
1112 2952 1375 3010 intellecta
1403 2954 1823 3026 conspiciuntur,
1854 2961 2002 3011 etc.
1988 2971 2163 3030 ,ergo
2188 2956 2420 3013 scientia
2460 2957 2558 3060 di-

553 3043 680 3100 vina
703 3059 810 3100 non
841 3040 1108 3099 abstrahit
1137 3058 1171 3099 a
1197 3048 1348 3098 motu
1379 3047 1435 3097 et
1464 3058 1494 3097 a
1520 3043 1770 3099 materia.

620 3137 673 3190 2.
700 3133 856 3199 Item,
885 3131 1016 3188 illud
1046 3132 1134 3187 cui
1169 3138 1350 3187 motus
1373 3129 1573 3204 aliquo
1591 3131 1753 3187 modo
1780 3132 2054 3200 convenit,
2082 3147 2191 3190 non
2219 3139 2304 3190 est
2330 3134 2558 3192 'omnino
2594 3166 2601 3170 -

553 3234 585 3275 a
608 3224 759 3275 motu
783 3225 838 3274 et
871 3219 1104 3276 materia
1122 3224 1453 3292 separatum,
1482 3218 1577 3274 sed
1609 3225 1788 3276 motus
1818 3219 2001 3294 aliquo
2023 3221 2184 3277 modo
2206 3221 2319 3278 Deo
2344 3233 2559 3279 conve-

551 3304 677 3360 nit·
705 3304 848 3360 unde
869 3304 1070 3362 dicitur
1092 3306 1160 3361 de
1185 3305 1454 3377 sapientia
1464 3305 1679 3376 divina,
1702 3307 1920 3381 Sapien.
1953 3323 2056 3375 vu,
2088 3308 2234 3382 quod
2262 3315 2347 3365 est
2370 3309 2560 3366 mobi-

550 3391 619 3447 lis
645 3397 700 3447 et
722 3391 974 3448 mobilior
999 3393 1250 3450 omnibus
1274 3393 1581 3450 mobilibus.
1595 3395 1665 3473 Et
1692 3399 1832 3470 Aug.
1856 3397 1991 3453 dicit
2014 3413 2123 3454 vm
2153 3413 2316 3471 super
2344 3398 2555 3456 GeneS.

551 3479 696 3553 quod
720 3479 866 3536 Deus
887 3488 1072 3538 movet
1095 3496 1153 3538 se
1174 3482 1292 3538 sine
1323 3489 1567 3556 tempore
1594 3489 1651 3541 et
1674 3484 1812 3555 loco,
1840 3490 1896 3542 et
1923 3485 2075 3542 Plato
2107 3487 2289 3559 posuit
2312 3487 2559 3560 primum

549 3583 776 3626 movens
797 3583 1016 3626 movere
1039 3570 1312 3643 seipsum;
1343 3587 1471 3644 ergo
1501 3573 1732 3631 scientia
1760 3574 1965 3642 divina,
1990 3590 2115 3647 quae
2124 3575 2200 3631 de
2222 3576 2335 3631 Deo
2359 3575 2556 3631 deter-

551 3661 746 3728 minat,
778 3674 887 3717 non
911 3668 995 3716 est
1017 3657 1234 3716 omnino
1259 3676 1292 3717 a
1317 3667 1469 3717 motu
1497 3672 1781 3735 superata.

623 3750 866 3816 3.1tem,
907 3747 1135 3804 scientia
1171 3747 1357 3806 divina
1386 3764 1491 3807 non
1520 3750 1697 3808 solum
1735 3750 1899 3808 habet
1926 3752 2273 3809 considerare
2300 3753 2370 3808 de
2414 3755 2553 3823 Deo,

553 3837 650 3894 sed
676 3838 846 3895 etiam
865 3837 934 3894 de
958 3819 1209 3908 angelis:
1240 3837 1336 3894 sed
1365 3840 1542 3911 angeli
1574 3849 1857 3897 moventur
1882 3841 2181 3898 secundum
2206 3840 2555 3910 electionem,

555 3925 687 3999 'quia
727 3927 795 3984 de
822 3927 978 3985 bonis
1017 3925 1150 3985 facti
1183 3934 1309 3986 sunt
1350 3928 1499 3997 mali,
1547 3934 1603 3985 et
1643 3929 1942 3987 secundum
1980 3930 2181 4001 locum,
2210 3935 2273 3986 ut
2299 3936 2455 4003 patet
2500 3931 2560 3988 iu
