2800 4492
754 403 867 460 κη.
897 429 978 446 -
1004 405 1435 468 ocenum-run
1476 412 1789 470 ouant-tm·
2144 385 2265 461 259

243 519 308 582 id
350 526 502 600 q'uod
542 527 600 585 in
642 528 1184 591 nihilum·redactum
1212 541 1315 602 est,
1361 535 1507 592 idem
1548 551 1773 593 numero
1815 549 2089 607 reparare.
2116 533 2265 590 Dicit

245 615 400 672 enim
445 616 800 691 Philosophus
827 621 882 676 in
914 636 958 678 n
986 622 1053 678 de
1089 624 1456 680 Generatiune
1496 627 1652 695 (text.
1692 640 1834 681 com.
1874 625 1979 695 70),
2012 623 2156 697 quod
2197 637 2264 678 ea

247 721 486 776 quorum
525 703 834 765 substantia
874 711 1260 784 corrumpitur,
1293 730 1400 770 non
1439 713 1768 770 reiterantur
1795 713 1988 770 eadem
2016 727 2262 768 numero.
2792 704 2800 781 ἱ

248 793 358 849 Sed
401 810 590 852 eorum
616 813 742 869 quae
770 797 825 854 in
870 798 1098 856 nihilum
1136 800 1478 873 rediguntur,
1524 801 1832 858 substantia
1872 801 2260 872 corrumpitur.

249 882 398 954 Ergo
421 883 615 939 eadem
643 901 867 943 numero
896 886 1083 944 iterari
1115 904 1220 945 non
1249 896 1497 962 possunt.

325 973 380 1028 2.
436 969 542 1028 Sed
587 973 792 1030 contra'
825 981 909 1030 est
967 976 1111 1048 quod
1165 979 1501 1049 Augustinus
1541 977 1695 1044 dicit,
1745 993 1803 1033 tv
1841 977 1908 1032 de
1954 977 2115 1034 Civit.
2163 976 2264 1031 Dei

254 1061 418 1132 (xxn,
456 1076 580 1134 cap.
611 1064 713 1133 xx)
745 1080 758 1117 z
790 1061 848 1120 Si
875 1080 1002 1120 earo
1029 1065 1263 1121 humana
1290 1066 1530 1122 omnibus
1550 1065 1801 1138 periisset
1824 1065 2009 1131 modis,
2034 1082 2127 1120 nec
2153 1066 2265 1120 ulla

253 1149 368 1220 ejus
401 1150 652 1206 materies
680 1151 740 1206 in
768 1149 890 1207 ullis
918 1153 1137 1209 latebris
1160 1155 1519 1220 remansisset,
1548 1171 1721 1210 nonne
1751 1153 1801 1210 si
1830 1154 2001 1219 vellet,
2028 1171 2143 1209 eam
2170 1170 2267 1208 re·

245 1245 482 1310 pararet
505 1237 886 1312 Omnipotens?
911 1241 1017 1297 Sed
1044 1241 1191 1298 nulia
1216 1243 1444 1300 materia
1470 1249 1785 1300 remanente
1809 1243 1889 1299 de·
1905 1258 1964 1299 re
1986 1249 2259 1314 corrupta,

254 1326 401 1398 quod
444 1328 829 1400 corrumpitur,
876 1329 929 1385 in
972 1329 1202 1387 nihilum
1241 1331 1527 1404 redigitur.
1571 1332 1713 1404 Ergo
1754 1332 1902 1388 Deus
1937 1332 1991 1387 id
2031 1331 2175 1405 quod
2208 1331 2264 1385 in

253 1413 485 1470 nihilum
508 1422 594 1471 est
616 1407 918 1484 redactum,
950 1425 1133 1490 potest
1161 1418 1305 1474 idem
1333 1435 1557 1476 numero
1586 1435 1861 1492 reparare.

323 1505 378 1557 3.
419 1504 711 1569 Praeterea‚
755 1506 1063 1563 differentia
1104 1514 1188 1563 est
1216 1523 1382 1566 causa
1424 1508 1655 1577 numeri,
1702 1509 1849 1563 sicut
1892 1508 2263 1564 Damascenus

251 1590 409 1646 dicit.
440 1592 549 1648 Sed
573 1592 798 1649 nihilum
825 1609 930 1651 non
962 1595 1094 1653 facit
1123 1595 1365 1670 aliquam
1393 1597 1757 1653 differentiam
1791 1613 1805 1650 ι
1837 1597 1965 1669 quia
1991 1611 2095 1651 non
2120 1596 2264 1650 entis

251 1695 362 1736 non
388 1687 520 1736 sunt
561 1683 772 1752 species
808 1689 864 1738 et
891 1683 1232 1751 differentiae,
1263 1684 1565 1741 secundum
1596 1684 1996 1756 Philosophum.
2036 1684 2179 1755 Ergo
2208 1683 2263 1738 id

252 1767 401 1841 quod
432 1776 719 1842 reparatur
743 1786 774 1827 a
795 1771 927 1838 Deo,
958 1779 1136 1848 potest
1160 1789 1277 1830 esse
1303 1789 1471 1830 unum
1490 1781 1545 1830 et
1571 1773 1716 1830 idem
1740 1787 1982 1842 numero,
2013 1773 2265 1844 quamvis

251 1859 311 1913 in
344 1858 571 1914 nihilum
603 1859 763 1915 suerit
792 1860 1094 1917 redactum.
1766 1911 1773 1915 .

323 1948 647 2020 Respondeo
681 1949 990 2016 dicendum,
1024 1951 1169 2023 quod
1201 1951 1254 2008 in
1291 1949 1379 2008 his
1414 1968 1539 2025 quae
1579 1952 1634 2008 in
1665 1951 1889 2008 nihilum
1929 1950 2098 2022 redigi
2136 1966 2265 2022 pos-

253 2044 400 2103 sunt,
452 2042 535 2092 est
584 2036 837 2109 quaedam
881 2039 1186 2096 differentia
1231 2042 1584 2097 attendenda.
1635 2041 1897 2110 Quaedam
1940 2040 2085 2094 enim
2136 2046 2265 2094 sunt

253 2120 487 2199 quorum
540 2127 727 2182 unitas
777 2127 828 2182 in
877 2127 961 2184 sui
1009 2129 1221 2184 ratione
1266 2125 1432 2186 habet
1472 2129 1777 2185 durationis
1823 2128 2262 2194 continuitatem,

253 2214 398 2271 sicut
428 2220 580 2286 patet
621 2215 677 2270 in
707 2221 855 2270 motu
885 2223 939 2272 et
971 2224 1245 2289 tempore3
1276 2226 1350 2274 et·
1376 2218 1498 2274 ideo
1528 2217 1855 2290 interruptio
1884 2216 2075 2272 talium
2117 2217 2266 2292 indi-

251 2309 404 2359 recte
450 2302 818 2359 contrariatur
860 2304 1052 2360 unitati
1096 2321 1284 2361 eorum
1321 2305 1623 2362 secundum
1662 2291 1969 2360 numerum.
2010 2305 2088 2359 Ea
2136 2321 2265 2360 vero

254 2408 379 2465 quae
407 2391 897 2448 contradictionem
924 2392 1226 2466 implicant,
1264 2409 1372 2449 non
1400 2395 1748 2450 continentur
1773 2393 1874 2447 sub
1903 2408 2127 2447 numero
2152 2393 2266 2447 Deo

254 2480 616 2554 possibilium,
648 2482 778 2553 quia
801 2481 1059 2538 deficiunt
1096 2498 1127 2538 a
1167 2483 1378 2539 ratione
1406 2483 1578 2550 entis;
1609 2488 1665 2536 et
1690 2481 1833 2546 ide0,
1869 2481 1915 2536 si
1955 2478 2263 2551 hujusmodi

253 2568 310 2624 in
348 2567 577 2624 nihilum
606 2569 943 2640 redigantur,
975 2571 1122 2627 Deus
1157 2587 1223 2626 ea
1259 2586 1370 2626 non
1403 2577 1587 2642 potest
1614 2568 1805 2626 eadem
1835 2583 2059 2623 numero
2102 2583 2266 2640 repa-

254 2673 400 2714 rare.
432 2659 547 2713 Hoc
570 2658 716 2713 enim
738 2664 885 2714 esset
901 2659 1330 2717 contradictoria
1346 2657 1507 2716 simui
1530 2673 1651 2714 esse
1675 2673 1801 2713 vera
1824 2674 1839 2722 ;
1861 2663 1991 2730 puta
2012 2657 2056 2712 si
2087 2665 2266 2712 motus

254 2745 593 2818 interruptus
620 2752 764 2801 esset
794 2761 953 2802 unus.
1001 2745 1122 2802 Atia
1152 2762 1279 2803 vero
1308 2756 1437 2803 sunt
1478 2761 1711 2819 quorum
1735 2749 1918 2801 unitas
1957 2761 2062 2801 non
2103 2745 2264 2800 habet

252 2835 312 2890 in
334 2834 421 2890 sui
443 2834 652 2890 ratione
667 2835 1085 2890 continuitatem
1110 2835 1435 2901 durationiS,
1460 2835 1603 2890 sicut
1628 2833 1811 2890 unitas
1838 2849 2015 2890 rerum
2046 2849 2265 2905 perma-
2318 2873 2322 2878 .

253 2921 521 2987 nentium,
567 2920 670 2976 nisi
713 2936 809 2992 per
854 2920 1126 2989 acchione,
1161 2921 1213 2976 in
1256 2927 1525 2994 qu'antum
1571 2937 1758 2976 eorum
1798 2935 1917 2976 esse
1957 2919 2265 2992 subjectum

254 3017 341 3065 est
367 3009 536 3064 motui
567 3026 580 3063 ε
612 3009 694 3064 sic
716 3007 858 3064 enim
885 3018 941 3065 et
965 3016 1346 3064 mensurantur
1373 3009 1682 3081 hujusmodi
1706 3016 1967 3078 tempore,
1993 3016 2049 3062 et
2077 3023 2263 3062 eorum

254 3113 377 3154 esse
402 3106 486 3154 est
510 3114 677 3154 unum
703 3105 758 3154 et
783 3099 1117 3165 continuum,
1147 3097 1447 3154 secundum
1474 3098 1738 3154 unitatem
1762 3104 1818 3151 et
1847 3095 2265 3152 continuitatem

256 3187 538 3260 temporis,
588 3187 656 3242 Et
693 3188 824 3260 quia
866 3194 1060 3243 natura
1102 3202 1268 3258 agens
1299 3202 1404 3242 non
1440 3193 1623 3258 potest
1662 3186 1769 3241 ista
1810 3183 2109 3256 producere
2149 3182 2266 3238 sine

258 3283 431 3346 motu,
459 3277 586 3331 inde
609 3275 858 3349 estquod
885 3275 1130 3332 naturaie
1152 3291 1318 3346 agens
1343 3291 1449 3330 non
1471 3282 1647 3346 potest
1674 3272 1983 3344 hujusmodi
2010 3287 2267 3344 reparare

257 3365 447 3421 eadem
477 3380 722 3432 numero,
752 3365 794 3418 si
823 3365 880 3419 in
904 3362 1130 3419 nihilum
1158 3365 1380 3420 redacta
1409 3361 1628 3428 fuerint,
1658 3360 1740 3417 vel
1766 3362 1811 3416 si
1839 3361 2040 3416 fuerint
2062 3376 2268 3415 secun-

257 3453 390 3508 dum
425 3452 788 3509 substantiam
827 3461 1103 3524 corrupta.
1139 3451 1246 3508 Sed
1276 3452 1423 3506 Dous
1454 3457 1633 3522 potest
1662 3464 1919 3522 reparare
1956 3447 2266 3519 hujusmodi

258 3549 314 3597 et
357 3543 473 3598 sine
511 3548 680 3608 motu,
713 3542 842 3614 quia
871 3540 926 3596 in
968 3543 1088 3613 ejus
1129 3546 1402 3614 potestate
1432 3547 1515 3595 est
1559 3538 1704 3613 quod
1748 3538 2012 3612 producat
2041 3538 2268 3591 effectus

259 3633 374 3687 sine
397 3646 578 3688 causis
602 3631 826 3699 mediis;
847 3637 902 3685 et
929 3629 1050 3685 ideo
1068 3635 1250 3702 potest
1277 3629 1470 3686 eadem
1500 3642 1721 3684 numero
1751 3641 2027 3699 reparare,
2050 3622 2265 3679 etiamsi

261 3721 315 3775 in
345 3720 570 3775 nihilum
595 3719 781 3792 elapsa
809 3719 1026 3775 suerint.

330 3810 481 3866 Unde
509 3815 664 3882 patet
695 3808 972 3880 responsio
1003 3807 1069 3863 ad
1104 3808 1335 3881 primum
1365 3816 1422 3863 et
1449 3803 1768 3864 secundum.

330 3897 408 3951 Ad
438 3897 662 3952 tertium
687 3895 995 3958 dicendum,
1025 3894 1168 3967 quod
1201 3893 1427 3953 nihii-um
1458 3908 1561 3948 non
1592 3898 1676 3946 est
1704 3886 2007 3943 differentia
2038 3885 2270 3960 aiicujus

264 3984 422 4053 entis,
449 3985 494 4041 si
524 4002 617 4058 per
643 3985 744 4040 hoc
774 3983 918 4057 quod
941 3982 1146 4056 aiiquid
1174 3983 1467 4038 reducatur
1494 3980 1545 4036 in
1568 3975 1813 4045 nihilum,
1843 3975 2269 4050 interrumpatur
