2800 4492
654 377 742 422 11.
768 391 848 406 —-
872 377 941 419 m
990 376 1261 420 nonnum
1303 377 1384 428 nn
1423 377 1751 448 'nmmum
1815 383 1819 388 ·
2127 367 2207 428 69

189 494 516 566 corporibus
543 493 784 568 primum
807 491 988 548 locum
1017 497 1167 548 tenet
1199 492 1342 549 :sed
1368 492 1459 549 lux
1484 501 1568 550 est
1595 493 1757 552 simul
1786 497 1844 554 in
1868 499 2061 556 eodem
2089 499 2209 558 loco

192 599 315 640 cum
344 599 506 652 aere;
539 599 673 654 ergo
696 581 806 638 duo
829 593 1058 653 corpora
1089 589 1315 653 possunt
1344 582 1653 642 esse·simu1
1682 585 1737 640 in
1766 586 1959 642 eodem
1982 586 2123 644 loco.

262 676 314 728 4.
345 674 505 740 Item,
537 671 802 745 quaelibet
840 670 1052 743 species
1081 669 1243 741 igniS,
1273 670 1492 742 utdicizt
1521 671 1831 746 Philosoph.
1862 691 1896 732 v
1924 676 2201 750 Topicor.‚

196 770 274 820 est
295 777 519 835 empne,
551 767 612 816 et
636 760 718 816 sic
739 760 886 817 idem
913 759 1061 831 quod
1090 759 1262 832 prius·
1815 748 1825 757 ’

262 853 315 907 5.
342 852 502 919 Item,
532 851 590 905 in
627 849 772 906 ferro
809 848 981 920 ignito
1019 847 1181 904 simul
1223 854 1308 906 est
1345 847 1487 921 ignis
1529 855 1585 907 et
1626 849 1831 911 ferrum
1863 869 1878 909 ε
1912 861 2206 931 utrumque

199 947 377 996 autem
399 946 487 996 est
512 953 740 1012 eorpus3
767 951 896 1008 ergo
941 935 1200 1009 possibile
1239 943 1323 993 est
1359 937 1520 1017 simul
1556 953 1675 996 esse
1712 941 1824 997 duo
1860 957 2095 1022 corpora
2146 948 2202 1003 in

201 1030 384 1086 eodem
409 1028 553 1085 ioco.

263 1123 313 1174 6.
339 1119 502 1185 Item,
521 1114 794 1172 elementa
815 1113 872 1170 in
893 1113 1068 1171 mixto
1098 1127 1204 1170 non
1234 1120 1363 1170 sunt
1385 1121 1667 1190 corrupta,
1684 1117 1823 1182 alias
1850 1120 2078 1178 mixtum
2096 1140 2204 1182 non

201 1213 516 1279 sequeretur
544 1202 881 1259 dominantis
905 1207 1117 1258 motum
1146 1219 1161 1257 ι
1185 1201 1282 1258 sed
1309 1204 1493 1262 omnia
1516 1210 1754 1276 quatuor
1779 1205 2047 1265 elementa
2076 1220 2203 1269 sunt

202 1310 440 1369 corpora,
469 1299 526 1349 et
547 1290 712 1348 simul
741 1298 868 1347 sunt
891 1291 950 1347 in
989 1289 1233 1363 qualibet
1268 1299 1427 1363 parte
1466 1293 1649 1363 mixti;
1682 1297 2089 1369 ergo-possibile
2119 1312 2205 1360 est

203 1385 302 1440 duo
327 1397 557 1456 corpora
583 1379 746 1436 simul
771 1395 892 1436 esse
921 1381 975 1436 in
999 1380 1192 1435 eodem
1216 1379 1357 1437 loco.
1452 1437 1458 1442 .

264 1475 316 1528 7.
343 1472 500 1538 Item,
528 1469 678 1543 quod
706 1470 814 1524 duo
842 1482 1070 1540 corpora
1107 1483 1214 1524 non
1242 1468 1354 1524 sint
1377 1468 1539 1554 sitnul
1576 1469 1631 1525 in
1660 1486 1768 1527 uno
1794 1472 1932 1541 loco,
1965 1476 2068 1534 hoc
2096 1495 2203 1536 non

206 1567 376 1632 potest
391 1558 688 1616 convenire
709 1558 1029 1630 corporibus
1055 1557 1270 1615 ratione
1295 1557 1560 1624 materiae,
1584 1573 1710 1614 cum
1739 1563 1987 1621 materiae
2004 1580 2205 1624 secun-

206 1651 326 1704 dum
353 1665 412 1705 se
439 1665 549 1704 non
577 1646 844 1703 debeatur
863 1645 1032 1712 locuS,
1059 1661 1160 1701 nec
1193 1645 1630 1708 rationezformae
1656 1656 1878 1722 propter
1906 1652 2069 1723 idem,
2102 1674 2204 1713 nec

207 1738 404 1794 ratione
427 1735 804 1802 dimensioniS,
833 1749 959 1790 cum
987 1733 1354 1789 dimensiones
1389 1749 1499 1792 non
1536 1736 1783 1809 repleant
1826 1738 2027 1810 locum,
2054 1747 2203 1817 quod

209 1833 349 1898 patet
375 1841 438 1881 ex
462 1825 566 1880 hoc
594 1823 742 1896 quod
768 1823 992 1895 quidam
1017 1822 1193 1878 locum
1226 1821 1315 1878 ubi
1346 1831 1641 1900 nouerant
1660 1827 1765 1882 nisi
1790 1827 1966 1886 solum
1987 1831 2205 1891 dimen-

207 1915 393 1981 siones,
422 1913 680 1969 dicebant
700 1926 937 1969 vacuum
961 1926 1100 1977 esse,
1134 1925 1264 1982 ergo
1291 1910 1393 1966 hoc
1421 1925 1529 1998 nqn
1552 1916 1810 1970 convenit
1840 1922 2055 1992 corpori
2095 1925 2201 1980 nisi

208 2005 406 2058 ratione
431 2001 742 2072 aliquorum
773 2000 1148 2060 accidentium¹
1165 2000 1549 2072 posteriorum,
1582 2019 1707 2075 quae
1731 2013 1837 2061 non
1866 2015 1995 2064 sunt
2022 2013 2204 2067 omni-

207 2092 301 2149 bus
326 2090 654 2156 communia,
686 2096 742 2145 et
770 2104 896 2162 quae
921 2087 1178 2162 possibile
1207 2093 1293 2144 est
1317 2103 1350 2146 a
1377 2090 1698 2163 corporibus
1734 2097 2000 2166 separari,
2030 2105 2086 2154 et
2122 2101 2205 2157 sic

208 2180 410 2238 videtur
435 2179 584 2252 quod
612 2178 722 2234 duo
751 2193 979 2245 corpora
1010 2177 1220 2261 possint
1244 2177 1406 2234 simul
1436 2194 1555 2236 esse
1582 2175 1857 2240 in'eodem
1883 2183 2021 2242 loce.

274 2275 324 2326 8.
351 2269 504 2335 Item,
533 2267 837 2324 secundum
868 2266 1187 2338 Astrologos
1222 2267 1318 2339 qui
1361 2277 1666 2341 sequuntur
1702 2271 2075 2346 Ptolemaeum‚
2104 2273 2201 2335 'sex

210 2359 536 2430 planetarum
561 2371 794 2428 corpora
819 2361 1107 2412 moventur
1131 2355 1188 2412 in
1211 2356 1492 2429 epicyeliS‚
1526 2357 1621 2430 qui
1657 2366 1785 2415 sunt
1812 2362 2000 2420 circuli
2026 2367 2205 2424 inter-

214 2454 444 2503 secantes
468 2445 716 2519 sphaeras
743 2444 1081 2500 extrinsecas
1104 2442 1452 2516 planetarum
1472 2461 1487 2514 ;
1518 2460 1649 2516 ergo
1674 2456 1890 2519 oportet
1915 2453 2063 2523 quod
2084 2454 2205 2524 pla-

213 2541 344 2591 netae
374 2549 576 2606 corpus
608 2532 905 2606 aliquando
947 2531 1231 2604 perveniat
1276 2531 1346 2588 ad
1385 2530 1567 2590 locum
1609 2535 1869 2591 sectionis
1908 2554 1923 2592 z
1966 2540 2060 2595 sed
2094 2557 2203 2598 non

215 2629 374 2692 potest
399 2621 509 2677 dici
533 2621 684 2694 quod
723 2619 796 2674 ibi
823 2618 895 2674 sit
919 2618 1128 2692 aliquid
1152 2633 1388 2676 vacuum
1426 2634 1553 2679 curn
1581 2625 1778 2680 natura
1806 2639 1913 2681 non
1938 2628 2195 2699 patiatur,

217 2725 371 2782 neque
398 2711 546 2784 quod
585 2709 897 2766 substantia
943 2708 1282 2780 sphaerarum
1321 2707 1396 2764 sit
1424 2707 1730 2778 divisibilis,
1761 2717 1824 2767 ut
1863 2712 2201 2790 intelligatur

217 2801 388 2857 cedere
414 2800 631 2871 corpori
659 2796 892 2871 planetae
924 2796 1144 2869 quando
1167 2798 1417 2869 pervenit
1447 2796 1595 2866 illuc,
1626 2799 1769 2858 sicut
1810 2804 1957 2860 cedit
1994 2822 2088 2864 aer
2116 2809 2202 2866 la-

218 2889 331 2961 pidi,
358 2905 484 2946 cum
513 2886 640 2946 coeli
683 2887 795 2943 sint
824 2885 1141 2942 solidissimi
1168 2885 1328 2959 quasi
1355 2902 1426 2942 ex
1453 2902 1564 2944 aere
1600 2887 1729 2958 fusi,
1762 2898 1821 2948 ut
1858 2893 2060 2952 dicitur
2100 2899 2203 2954 Job

220 2993 401 3035 xxxvii
421 2993 540 3047 ca.;
569 2990 700 3047 ergo
724 2980 942 3047 oportet
969 2973 1120 3048 quod
1152 2989 1350 3046 corpus
1378 2973 1615 3046 planetae
1644 2977 1717 3035 sit
1740 2980 1901 3038 simul
1930 2999 2057 3040 cum
2076 3001 2205 3042 cor-

217 3081 328 3138 pore
356 3067 590 3140 sphaerae
625 3063 682 3122 in
711 3063 901 3120 eodem
949 3061 1088 3128 loco,
1115 3068 1173 3119 et
1223 3062 1305 3119 sic
1353 3062 1551 3121 falsum
1582 3065 1733 3124 dicit
1787 3069 2025 3142 Boetius,
2057 3075 2204 3146 quod

220 3171 473 3228 nunquam
495 3155 608 3210 duo
637 3167 868 3224 corpora
897 3151 1142 3208 obtinent
1167 3150 1348 3208 locum
1371 3168 1561 3209 unum.
1854 3220 1862 3230 α

278 3243 371 3300 Sed
398 3248 594 3301 contra
618 3247 703 3297 est
727 3223 874 3314 qu⁶od
901 3242 948 3296 si
978 3240 1086 3296 duo
1111 3254 1341 3314 corpora
1377 3249 1505 3300 sunt
1534 3242 1591 3298 in
1618 3243 1811 3301 eodem
1842 3247 1983 3320 loce,
2011 3253 2205 3312 eadem

221 3333 405 3388 ratione
427 3341 486 3388 et
509 3329 774 3404 quaelibet
794 3329 918 3386 :sed
937 3327 1160 3402 aliquod
1187 3343 1386 3401 eorpus
1415 3339 1920 3409 quantumcumque
1949 3355 2204 3414 magnum

223 3426 378 3490 potest
413 3419 588 3477 dividi
628 3418 684 3476 in
727 3433 898 3492 parva
937 3416 1229 3490 cujuslibet
1266 3419 1595 3491 quantitatis
1640 3425 1939 3484 secundum
1967 3430 2205 3505 aliquem

224 3523 513 3580 numerum3
558 3523 693 3580 ergo
721 3507 971 3580 sequitur
1008 3506 1156 3579 quod
1202 3505 1256 3563 in
1301 3504 1627 3579 parvissimo
1680 3511 1798 3570 loco
1835 3518 2207 3577 continebitur

225 3599 494 3654 maximum
523 3612 744 3669 corpur„
773 3594 922 3668 quod
949 3595 1167 3654 xidetur
1195 3595 1515 3654 absurdum.

282 3686 425 3754 Item,
455 3684 796 3760 impossibile
823 3690 908 3740 est
937 3684 1082 3741 inter
1108 3684 1218 3740 duo
1247 3690 1451 3756 puncta
1485 3685 1701 3758 signata
1748 3705 1869 3749 esse
1908 3695 2093 3766 plures
2138 3694 2210 3750 li-

226 3786 340 3832 neas
364 3783 540 3832 rectas
565 3793 580 3830 z
607 3775 738 3830 hoc·
760 3780 945 3830 autern
982 3778 1261 3846 sequetur,
1289 3773 1336 3828 si
1375 3774 1484 3830 duo
1513 3791 1745 3850 corpora
1781 3781 1891 3837 sint
1928 3782 1985 3837 in
2018 3783 2211 3840 eodem

225 3861 347 3921 loco.
374 3864 612 3938 signatis
641 3864 788 3920 enim
813 3862 1022 3919 duobus
1044 3863 1262 3936 punctis
1287 3879 1351 3918 ex
1377 3863 1590 3921 duabus
1615 3867 1862 3938 partibus
1902 3868 2004 3925 loci
2034 3885 2213 3944 oppo-

222 3951 351 4024 sitis,
379 3959 535 4012 erunt
557 3953 706 4014 inter
729 3967 796 4010 ea
817 3951 942 4014 duae
973 3949 1132 4014 lineae
1155 3957 1324 4012 rectae
1349 3953 1584 4030 signatae
1614 3955 1673 4015 in
1713 3955 1924 4016 duobus
1961 3964 2210 4038 corpori-
