2800 4492
758 319 876 380 xit.
905 335 984 348 —
1013 319 1441 370 Quonmssn'rmi
1488 319 1815 364 sacunmm
2174 301 2289 362 187

281 427 448 484 immo
481 429 623 486 forte
663 431 838 507 magis
878 432 1063 489 valent
1087 433 1229 502 aliis,
1261 433 1307 490 si
1349 435 1463 491 sint
1498 434 1693 490 melius
1738 433 1991 506 dispositi
2034 434 2102 492 ad
2144 435 2291 491 reci-

282 518 539 590 piendum
581 521 964 594 suffragiorum
1007 523 1269 579 virtutem
1301 539 1316 577 ε
1349 531 1417 578 et-
1446 532 1655 596 ponunt
1690 523 2018 596 exemplum,
2062 523 2207 579 sicut
2244 523 2289 582 si

281 608 615 664 accendatur
638 625 828 667 cereus
852 612 906 666 in
943 611 1104 668 domo
1132 628 1228 684 pro
1256 612 1443 685 aliquo
1475 612 1776 684 divitequi
1820 612 1891 668 sit
1934 627 2135 680 caecus,
2164 611 2292 666 illu·-

283 697 456 752 minat
485 712 672 755 omnes
701 699 754 754 in
789 701 951 756 domo
989 701 1306 768 existenteS,
1335 709 1392 758 et
1422 701 1563 758 sorte
1603 701 1741 759 alios
1784 701 1961 772 magis
1997 700 2288 767 illuminat,

283 785 330 839 si
376 785 612 842 habeant
658 787 1021 860 limpidiorem
1064 791 1262 846 visum.
1304 790 1373 844 Et
1423 791 1724 846 secundum
1771 789 1912 846 hanc
1958 789 2287 862 opinionem,

284 873 512 929 duorum
539 876 631 948 qui
658 876 728 931 ob
755 877 996 949 aequales
1025 877 1214 950 culpas
1239 879 1292 933 in
1319 879 1635 949 purgatorio
1665 878 1999 946 detinentur,
2022 894 2161 933 unus
2186 895 2291 936 non

285 968 465 1034 potest
491 964 656 1019 citius
683 965 901 1021 liberari
926 982 1092 1038 quam
1123 966 1284 1022 alter.
1311 967 1417 1024 Sed
1447 967 1589 1023 hanc
1619 967 1931 1041 opinionem
1962 983 2067 1023 non
2092 973 2289 1038 reputo

283 1066 471 1107 veram
501 1069 515 1120 ;
544 1054 702 1124 cujus
731 1054 872 1110 ratio
901 1061 1003 1120 est,
1023 1056 1154 1126 quia
1177 1055 1496 1126 suffragium
1527 1056 1687 1112 unius
1711 1055 1858 1112 valet
1884 1055 2041 1110 alteri
2070 1061 2293 1128 propter

285 1141 414 1198 duo.
442 1142 559 1198 Uno
585 1143 744 1198 modo
783 1150 1003 1214 propter
1032 1142 1300 1199 imitatem
1327 1145 1595 1212 caritatis,
1628 1145 1759 1216 quia
1803 1160 1990 1200 omnes
2034 1142 2133 1216 qui
2168 1151 2296 1200 sunt

285 1230 342 1286 in
371 1231 622 1298 caritate,
655 1239 782 1288 sunt
809 1233 968 1305 quasi
999 1249 1164 1288 unum
1193 1248 1423 1305 corpus;
1454 1241 1510 1288 et
1538 1232 1616 1289 ita
1647 1232 1852 1289 bonum
1894 1232 2053 1288 unius
2089 1232 2296 1288 redun-

285 1318 384 1375 dat
412 1320 467 1373 in
496 1321 859 1386 omnes,sicut
889 1335 1082 1377 manus
1105 1321 1343 1378 deservit
1360 1320 1464 1377 toti
1492 1322 1727 1393 corpori,
1752 1329 1808 1378 et
1834 1320 2086 1378 similiter
2114 1320 2295 1394 quod-

286 1407 420 1462 libet
445 1407 688 1482 corporis
717 1409 1049 1478 membrum;
1081 1417 1138 1465 et
1177 1410 1478 1466 secundum
1520 1409 1643 1478 hoc,
1672 1410 2054 1483 quodcumque
2079 1410 2295 1466 bonum

287 1495 496 1551 factum
532 1497 602 1552 ab
649 1497 851 1569 aliquo,
877 1498 1023 1553 valet
1061 1497 1285 1553 cuilibet
1324 1499 1378 1552 in
1426 1499 1659 1554 caritate
1688 1499 1965 1564 existenti,
1997 1499 2297 1554 secundum

287 1583 422 1639 illud
449 1587 645 1641 Psalm.
678 1603 876 1650 cxviii,
911 1591 977 1642 63
1007 1605 1020 1642 t
1047 1586 1326 1659 particeps
1360 1603 1451 1658 ⁸9⁰
1475 1587 1859 1642 sum-omnium
1888 1586 2193 1658 timentium
2223 1593 2293 1652 te,

289 1679 341 1729 et
369 1673 775 1730 custodientium
798 1675 1053 1731 ”candaca
1075 1683 1193 1731 tua.
1219 1675 1339 1731 Alio
1365 1675 1529 1731 modo
1557 1676 1855 1732 secundum
1895 1675 2039 1748 quod
2084 1692 2180 1748 per
2208 1675 2298 1730 in-

289 1763 590 1818 tentionem
611 1751 840 1834 alicujus
865 1773 1020 1820 actus
1045 1765 1164 1836 ejus
1196 1763 1523 1821 transfertur
1552 1765 1607 1819 in
1646 1764 1877 1820 alterum
1895 1781 1908 1832 ;
1926 1772 2077 1835 puta,
2106 1762 2153 1818 si
2192 1763 2299 1820 ali-

291 1851 416 1923 quis
442 1866 540 1924 pro
570 1851 742 1908 altero
770 1851 946 1924 solvat
983 1852 1202 1925 aliquod
1241 1852 1505 1919 debitum,
1540 1869 1639 1926 pro
1676 1854 1869 1909 eodem
1897 1852 2129 1909 habetur
2154 1867 2221 1908 ac
2248 1852 2291 1908 si

292 1939 380 1994 ille
404 1939 638 2012 solveret
663 1956 758 2013 pro
788 1958 896 2014 quo
919 1941 1171 1996 solvitur.
1201 1942 1382 1997 Primo
1409 1957 1538 2013 ergo
1569 1942 1729 1997 modo
1756 1941 1901 1998 valet
1930 1956 2067 2013 opus
2094 1940 2296 1996 bonum

291 2025 388 2102 per
417 2034 638 2086 modum
679 2030 877 2098 meriti,
911 2032 1068 2104 cnjus
1114 2031 1269 2086 radix
1310 2039 1394 2086 est
1442 2031 1679 2100 caritas3
1707 2031 1803 2087 sed
1846 2031 2087 2087 secundo
2136 2030 2296 2085 modo

292 2134 428 2190 opus
458 2119 616 2174 unius
644 2119 793 2175 valet
826 2119 982 2175 alteri
1017 2136 1114 2192 per
1148 2119 1371 2176 modum
1396 2119 1809 2185 satisfactionis,
1840 2126 2002 2192 prout
2034 2134 2171 2174 unus
2201 2134 2299 2189 pro

293 2208 466 2264 altero
495 2209 812 2264 satisfacere
835 2214 1033 2281 potest,
1059 2208 1104 2264 si
1130 2208 1234 2264 hoc
1258 2205 1507 2274 intendat
1539 2225 1553 2262 ι
1580 2218 1635 2264 et
1668 2207 1793 2264 talis
1818 2205 1969 2265 valor
1998 2207 2300 2263 attenditur

293 2297 349 2352 in
373 2297 664 2368 suffragiiS,
693 2303 821 2370 'quae
864 2297 932 2353 ad
975 2295 1080 2352 hoc
1110 2296 1265 2364 fiunt,
1299 2303 1359 2352 ut
1406 2312 1504 2368 per
1546 2311 1611 2352 ea
1653 2293 1899 2352 homines
1937 2295 2237 2352 liberentur
2268 2310 2299 2350 a

295 2385 478 2441 debito
511 2401 704 2457 poeuae.

365 2473 434 2528 Et
472 2474 595 2529 ideo
642 2473 933 2530 dicendum
975 2482 1076 2540 est,
1103 2473 1246 2547 quod
1279 2472 1538 2544 suffragia
1582 2487 1676 2544 per
1714 2471 1878 2528 istum
1924 2471 2145 2528 modum
2194 2486 2299 2528 non

291 2561 480 2619 valent
507 2562 611 2618 nisi
637 2561 743 2617 illis
767 2579 863 2634 pro
888 2562 1088 2634 quibus
1116 2563 1252 2618 liunt
1285 2579 1299 2616 ι
1325 2569 1382 2616 et
1424 2561 1725 2616 secundum
1755 2560 1877 2629 hoc,
1904 2560 1951 2614 si
1990 2575 2089 2633 pro
2120 2559 2303 2631 aliquo

300 2651 439 2707 fiunt
460 2651 629 2706 multa
651 2651 940 2729 suffragia,⁸
963 2651 1128 2708 citius
1149 2650 1414 2706 liberatur
1438 2666 1469 2706 a
1500 2665 1659 2722 poena
1690 2649 1990 2722 purgatorii
2023 2664 2185 2720 quam
2215 2647 2305 2702 alii

297 2756 395 2813 pro
423 2740 624 2812 quibus
653 2756 755 2796 non
782 2740 940 2806 fiunt,
969 2741 1135 2794 etiam
1161 2739 1206 2794 si
1231 2738 1465 2811 aequalia
1492 2747 1718 2812 peccata
1742 2736 2074 2793 detulerunt.
2098 2738 2307 2793 Conce-

297 2829 538 2884 dendum
569 2834 752 2904 tamen
781 2835 883 2894 est,
912 2827 1057 2901 quod
1085 2828 1342 2900 suffragia
1383 2843 1479 2900 pro
1510 2842 1617 2882 uno
1646 2827 1793 2883 facta
1822 2826 2073 2882 omnibus
2103 2824 2303 2888 valent,

297 2917 354 2972 in
383 2926 650 2990 quantum
680 2917 890 2974 scilicet
911 2932 1097 2973 omnes
1119 2915 1213 2989 qui
1237 2918 1437 2986 sciunt,
1461 2916 1699 2993 gaudent
1724 2932 1789 2971 ex
1815 2917 2045 2972 caritate
2066 2915 2134 2969 de
2154 2914 2311 2969 bonis

299 3023 424 3082 quae
453 3023 520 3062 ex
548 3007 781 3063 caritate
809 3007 974 3082 fiunt3
1007 3014 1062 3062 et
1089 3006 1388 3061 secundum
1420 3005 1523 3060 hoc
1546 3021 1734 3060 verum
1769 3011 1854 3058 est
1886 3003 2031 3075 quod
2076 3002 2183 3057 illis
2209 3015 2309 3072 pro

299 3096 501 3169 quibus
529 3112 637 3152 non
667 3096 824 3161 fiunt,
863 3095 985 3167 plus
1015 3094 1199 3150 valent
1239 3094 1519 3164 suffragia,
1565 3092 1612 3148 si
1649 3093 1759 3147 sint
1789 3091 2013 3161 majoris
2040 3089 2307 3144 caritatis.

367 3184 451 3240 Ad
499 3183 730 3254 primum
770 3198 900 3252 ergo
937 3181 1248 3247 dicendum,
1299 3179 1445 3252 quod
1492 3185 1716 3250 peccato
1756 3175 1973 3241 veniali,
2026 3190 2147 3230 cum
2199 3190 2303 3228 non

297 3271 501 3329 habeat
538 3271 877 3328 aversionem
923 3286 953 3326 a
997 3271 1126 3336 De0,
1164 3285 1258 3340 per
1299 3283 1358 3323 se
1406 3267 1697 3338 loquendo,
1729 3281 1838 3321 ‚non
1876 3264 2104 3320 debetur
2142 3278 2303 3335 poena

299 3361 563 3418 carentiae
591 3360 815 3416 visionis
842 3359 1042 3414 divinae
1072 3374 1171 3413 nec
1199 3356 1521 3429 simpliciter
1550 3372 1652 3411 nec
1676 3356 1743 3411 ad
1773 3361 2013 3426 tempus3
2034 3353 2129 3408 sed
2160 3353 2306 3424 quod

301 3453 369 3508 ad
403 3459 618 3522 tempus
657 3449 1002 3505 retardentur
1032 3463 1064 3503 a
1093 3447 1301 3502 visione
1339 3444 1545 3512 divina,
1576 3445 1681 3500 hoc
1706 3442 1991 3514 contingit
2031 3457 2124 3513 per
2154 3440 2311 3496 acci-

301 3539 465 3608 dens;
495 3537 625 3610 quia
647 3537 859 3593 scilicet
882 3536 1142 3609 quamdiu
1167 3533 1315 3606 digni
1339 3542 1470 3588 sunt
1498 3533 1682 3605 aliqua
1711 3548 1894 3606 poena,
1929 3546 2035 3585 non
2076 3533 2303 3600 possunt

300 3627 632 3702 partiprare
655 3642 925 3683 summam
951 3623 1285 3690 felicitatem,
1311 3639 1435 3695 quae
1466 3623 1517 3677 in
1549 3621 1757 3678 visione
1784 3619 2054 3676 consistit.
2084 3615 2307 3671 lustitia

304 3723 492 3772 autem
536 3716 760 3787 respicit
786 3729 1004 3788 poenam
1032 3729 1126 3788 per
1167 3729 1228 3768 se
1264 3710 1508 3768 debitam
1544 3715 1790 3784 peccato,
1823 3721 1930 3762 non
1972 3711 2154 3761 autem
2183 3717 2303 3758 eam

303 3820 433 3878 quae
461 3820 556 3877 per
581 3805 834 3862 accidens
855 3802 1227 3876 consequitur.

378 3896 478 3950 Per
504 3893 608 3951 hoc
629 3900 783 3966 patet
805 3892 1084 3966 responsio
1102 3891 1179 3949 ad
1205 3889 1526 3947 secundum.
