<?xml version="1.0" encoding="UTF-8"?>
<!DOCTYPE html PUBLIC "-//W3C//DTD XHTML 1.0 Transitional//EN"
    "http://www.w3.org/TR/xhtml1/DTD/xhtml1-transitional.dtd">
<html xmlns="http://www.w3.org/1999/xhtml" xml:lang="en" lang="en">
 <head>
  <title>
</title>
<meta http-equiv="Content-Type" content="text/html;charset=utf-8" />
  <meta name='ocr-system' content='tesseract 3.04.00' />
  <meta name='ocr-capabilities' content='ocr_page ocr_carea ocr_par ocr_line ocrx_word'/>
</head>
<body>
  <div class='ocr_page' id='page_1' title='image "./sthomaquinatisd00thomgoog_0476.png"; bbox 0 0 2800 4492; ppageno 0'>
   <div class='ocr_carea' id='block_1_1' title="bbox 494 323 2028 390">
    <p class='ocr_par' dir='ltr' id='par_1_1' title="bbox 494 323 2028 390">
     <span class='ocr_line' id='line_1_1' title="bbox 494 323 2028 390; baseline 0.004 -10"><span class='ocrx_word' id='word_1_1' title='bbox 494 323 609 382; x_wconf 66' lang='lat'><strong>«162</strong></span> <span class='ocrx_word' id='word_1_2' title='bbox 970 342 1021 386; x_wconf 87' lang='lat' dir='ltr'><strong>s.</strong></span> <span class='ocrx_word' id='word_1_3' title='bbox 1068 339 1300 385; x_wconf 65' lang='lat' dir='ltr'><strong>&#39;rsonae</strong></span> <span class='ocrx_word' id='word_1_4' title='bbox 1343 337 1670 390; x_wconf 58' lang='lat' dir='ltr'><strong>nomm-ns</strong></span> <span class='ocrx_word' id='word_1_5' title='bbox 1711 335 2028 386; x_wconf 66' lang='lat' dir='ltr'><strong>ornacum</strong></span> 
     </span>
    </p>
   </div>
   <div class='ocr_carea' id='block_1_2' title="bbox 493 453 2523 3992">
    <p class='ocr_par' dir='ltr' id='par_1_2' title="bbox 493 453 2523 962">
     <span class='ocr_line' id='line_1_2' title="bbox 494 453 2522 529; baseline -0 -21"><span class='ocrx_word' id='word_1_6' title='bbox 494 471 588 527; x_wconf 85' lang='lat' dir='ltr'><strong>per</strong></span> <span class='ocrx_word' id='word_1_7' title='bbox 612 471 673 511; x_wconf 83' lang='lat' dir='ltr'><strong>se</strong></span> <span class='ocrx_word' id='word_1_8' title='bbox 696 457 1019 522; x_wconf 77' lang='lat' dir='ltr'><strong>subsistens,</strong></span> <span class='ocrx_word' id='word_1_9' title='bbox 1049 456 1133 512; x_wconf 90' lang='lat' dir='ltr'><strong>vel</strong></span> <span class='ocrx_word' id='word_1_10' title='bbox 1163 456 1458 528; x_wconf 81' lang='lat' dir='ltr'><strong>singulare,</strong></span> <span class='ocrx_word' id='word_1_11' title='bbox 1489 455 1575 512; x_wconf 81' lang='lat' dir='ltr'><strong>vel</strong></span> <span class='ocrx_word' id='word_1_12' title='bbox 1617 455 1970 528; x_wconf 80' lang='lat' dir='ltr'><strong>particulare,</strong></span> <span class='ocrx_word' id='word_1_13' title='bbox 2001 453 2149 529; x_wconf 86' lang='lat' dir='ltr'><strong>quod</strong></span> <span class='ocrx_word' id='word_1_14' title='bbox 2175 453 2522 528; x_wconf 71' lang='lat' dir='ltr'><strong>praedicatur</strong></span> 
     </span>
     <span class='ocr_line' id='line_1_3' title="bbox 493 543 2522 618; baseline 0 -20"><span class='ocrx_word' id='word_1_15' title='bbox 493 543 561 599; x_wconf 86' lang='lat' dir='ltr'><strong>de</strong></span> <span class='ocrx_word' id='word_1_16' title='bbox 588 543 823 609; x_wconf 85' lang='lat' dir='ltr'><strong>Christo,</strong></span> <span class='ocrx_word' id='word_1_17' title='bbox 863 552 947 602; x_wconf 86' lang='lat' dir='ltr'><strong>est</strong></span> <span class='ocrx_word' id='word_1_18' title='bbox 978 561 1146 602; x_wconf 90' lang='lat' dir='ltr'><strong>unum</strong></span> <span class='ocrx_word' id='word_1_19' title='bbox 1186 552 1420 602; x_wconf 88' lang='lat' dir='ltr'><strong>tantum.</strong></span> <span class='ocrx_word' id='word_1_20' title='bbox 1452 546 1605 602; x_wconf 88' lang='lat' dir='ltr'><strong>Unde</strong></span> <span class='ocrx_word' id='word_1_21' title='bbox 1641 560 1932 618; x_wconf 87' lang='lat' dir='ltr'><strong>possumus</strong></span> <span class='ocrx_word' id='word_1_22' title='bbox 1963 545 2165 610; x_wconf 83' lang='lat' dir='ltr'><strong>dicere,</strong></span> <span class='ocrx_word' id='word_1_23' title='bbox 2204 543 2262 598; x_wconf 91' lang='lat' dir='ltr'><strong>in</strong></span> <span class='ocrx_word' id='word_1_24' title='bbox 2291 543 2522 600; x_wconf 88' lang='lat' dir='ltr'><strong>Christo</strong></span> 
     </span>
     <span class='ocr_line' id='line_1_4' title="bbox 493 632 2523 708; baseline 0 -20"><span class='ocrx_word' id='word_1_25' title='bbox 493 648 611 688; x_wconf 84' lang='lat' dir='ltr'><strong>esse</strong></span> <span class='ocrx_word' id='word_1_26' title='bbox 638 633 789 706; x_wconf 84' lang='lat' dir='ltr'><strong>plura</strong></span> <span class='ocrx_word' id='word_1_27' title='bbox 824 633 1124 700; x_wconf 88' lang='lat' dir='ltr'><strong>individua,</strong></span> <span class='ocrx_word' id='word_1_28' title='bbox 1156 635 1242 692; x_wconf 87' lang='lat' dir='ltr'><strong>vel</strong></span> <span class='ocrx_word' id='word_1_29' title='bbox 1272 635 1589 707; x_wconf 72' lang='lat' dir='ltr'>singularia,</span> <span class='ocrx_word' id='word_1_30' title='bbox 1621 633 1706 692; x_wconf 86' lang='lat' dir='ltr'><strong>vel</strong></span> <span class='ocrx_word' id='word_1_31' title='bbox 1736 632 2090 708; x_wconf 85' lang='lat' dir='ltr'><strong>particularia</strong></span> <span class='ocrx_word' id='word_1_32' title='bbox 2123 649 2138 688; x_wconf 72' lang='lat' dir='ltr'><em>z</em></span> <span class='ocrx_word' id='word_1_33' title='bbox 2176 649 2287 688; x_wconf 90' lang='lat' dir='ltr'><strong>non</strong></span> <span class='ocrx_word' id='word_1_34' title='bbox 2327 641 2523 688; x_wconf 86' lang='lat' dir='ltr'><strong>autem</strong></span> 
     </span>
     <span class='ocr_line' id='line_1_5' title="bbox 494 720 2520 796; baseline -0.001 -19"><span class='ocrx_word' id='word_1_35' title='bbox 494 737 784 796; x_wconf 87' lang='lat' dir='ltr'><strong>possumus</strong></span> <span class='ocrx_word' id='word_1_36' title='bbox 826 723 1029 789; x_wconf 88' lang='lat' dir='ltr'><strong>dicere,</strong></span> <span class='ocrx_word' id='word_1_37' title='bbox 1077 723 1355 780; x_wconf 78' lang='lat' dir='ltr'>Christum</span> <span class='ocrx_word' id='word_1_38' title='bbox 1396 740 1516 782; x_wconf 77' lang='lat' dir='ltr'><strong>esse</strong></span> <span class='ocrx_word' id='word_1_39' title='bbox 1563 723 1717 796; x_wconf 88' lang='lat' dir='ltr'><strong>plura</strong></span> <span class='ocrx_word' id='word_1_40' title='bbox 1765 722 2044 778; x_wconf 79' lang='lat' dir='ltr'><strong>individua</strong></span> <span class='ocrx_word' id='word_1_41' title='bbox 2089 722 2173 778; x_wconf 84' lang='lat' dir='ltr'><strong>vel</strong></span> <span class='ocrx_word' id='word_1_42' title='bbox 2211 720 2520 792; x_wconf 84' lang='lat' dir='ltr'><strong>singularia</strong></span> 
     </span>
     <span class='ocr_line' id='line_1_6' title="bbox 496 809 2519 885; baseline 0 -21"><span class='ocrx_word' id='word_1_43' title='bbox 496 809 576 864; x_wconf 88' lang='lat' dir='ltr'><strong>vel</strong></span> <span class='ocrx_word' id='word_1_44' title='bbox 604 811 952 883; x_wconf 84' lang='lat' dir='ltr'><strong>particularia</strong></span> <span class='ocrx_word' id='word_1_45' title='bbox 994 828 1008 867; x_wconf 76' lang='lat' dir='ltr'><strong><em>z</em></strong></span> <span class='ocrx_word' id='word_1_46' title='bbox 1043 815 1136 867; x_wconf 87' lang='lat' dir='ltr'><strong>sed</strong></span> <span class='ocrx_word' id='word_1_47' title='bbox 1174 813 1355 885; x_wconf 87' lang='lat' dir='ltr'><strong>plures</strong></span> <span class='ocrx_word' id='word_1_48' title='bbox 1392 813 1719 885; x_wconf 74' lang='lat' dir='ltr'><strong>hypostases</strong></span> <span class='ocrx_word' id='word_1_49' title='bbox 1748 811 1832 867; x_wconf 86' lang='lat' dir='ltr'><strong>vel</strong></span> <span class='ocrx_word' id='word_1_50' title='bbox 1863 811 2146 885; x_wconf 77' lang='lat' dir='ltr'><strong>supposita</strong></span> <span class='ocrx_word' id='word_1_51' title='bbox 2177 826 2285 866; x_wconf 88' lang='lat' dir='ltr'><strong>non</strong></span> <span class='ocrx_word' id='word_1_52' title='bbox 2316 827 2519 881; x_wconf 83' lang='lat' dir='ltr'><strong>possu-</strong></span> 
     </span>
     <span class='ocr_line' id='line_1_7' title="bbox 500 899 1308 962; baseline 0.002 -8"><span class='ocrx_word' id='word_1_53' title='bbox 500 914 615 954; x_wconf 86' lang='lat' dir='ltr'><strong>mus</strong></span> <span class='ocrx_word' id='word_1_54' title='bbox 640 899 822 955; x_wconf 85' lang='lat' dir='ltr'><strong>dicere</strong></span> <span class='ocrx_word' id='word_1_55' title='bbox 850 901 902 955; x_wconf 90' lang='lat' dir='ltr'><strong>in</strong></span> <span class='ocrx_word' id='word_1_56' title='bbox 929 899 1144 958; x_wconf 86' lang='lat' dir='ltr'><strong>Christ-o</strong></span> <span class='ocrx_word' id='word_1_57' title='bbox 1168 916 1308 962; x_wconf 85' lang='lat' dir='ltr'><strong>esse.</strong></span> 
     </span>
    </p>

    <p class='ocr_par' dir='ltr' id='par_1_3' title="bbox 498 987 2522 3992">
     <span class='ocr_line' id='line_1_8' title="bbox 563 987 2518 1062; baseline 0 -18"><span class='ocrx_word' id='word_1_58' title='bbox 563 988 645 1044; x_wconf 80' lang='lat' dir='ltr'><strong>Ad</strong></span> <span class='ocrx_word' id='word_1_59' title='bbox 678 992 909 1061; x_wconf 80' lang='lat' dir='ltr'><strong>primum</strong></span> <span class='ocrx_word' id='word_1_60' title='bbox 938 1005 1069 1060; x_wconf 81' lang='lat' dir='ltr'><strong>ergo</strong></span> <span class='ocrx_word' id='word_1_61' title='bbox 1105 990 1417 1057; x_wconf 88' lang='lat' dir='ltr'><strong>dicendum,</strong></span> <span class='ocrx_word' id='word_1_62' title='bbox 1451 989 1600 1062; x_wconf 88' lang='lat' dir='ltr'><strong>quod</strong></span> <span class='ocrx_word' id='word_1_63' title='bbox 1629 1006 1696 1046; x_wconf 86' lang='lat' dir='ltr'><strong>ex</strong></span> <span class='ocrx_word' id='word_1_64' title='bbox 1723 988 1922 1044; x_wconf 89' lang='lat' dir='ltr'><strong>unione</strong></span> <span class='ocrx_word' id='word_1_65' title='bbox 1949 987 2152 1044; x_wconf 79' lang='lat' dir='ltr'><strong>animae</strong></span> <span class='ocrx_word' id='word_1_66' title='bbox 2180 996 2238 1044; x_wconf 88' lang='lat' dir='ltr'><strong>et</strong></span> <span class='ocrx_word' id='word_1_67' title='bbox 2268 988 2518 1060; x_wconf 83' lang='lat' dir='ltr'><strong>corporis</strong></span> 
     </span>
     <span class='ocr_line' id='line_1_9' title="bbox 500 1075 2516 1156; baseline 0.001 -24"><span class='ocrx_word' id='word_1_68' title='bbox 500 1075 847 1132; x_wconf 49' lang='lat' dir='ltr'><strong>eonsumitur</strong></span> <span class='ocrx_word' id='word_1_69' title='bbox 872 1077 1124 1156; x_wconf 23' lang='lat' dir='ltr'><strong>etthumo</strong></span> <span class='ocrx_word' id='word_1_70' title='bbox 1162 1085 1218 1134; x_wconf 89' lang='lat' dir='ltr'><strong>et</strong></span> <span class='ocrx_word' id='word_1_71' title='bbox 1254 1077 1569 1134; x_wconf 88' lang='lat' dir='ltr'><strong>humanitas</strong></span> <span class='ocrx_word' id='word_1_72' title='bbox 1609 1094 1623 1132; x_wconf 75' lang='grc' dir='ltr'><strong>ε</strong></span> <span class='ocrx_word' id='word_1_73' title='bbox 1669 1093 1794 1152; x_wconf 81' lang='lat' dir='ltr'><strong>qnae</strong></span> <span class='ocrx_word' id='word_1_74' title='bbox 1827 1076 2048 1151; x_wconf 87' lang='lat' dir='ltr'><strong>quidem</strong></span> <span class='ocrx_word' id='word_1_75' title='bbox 2078 1076 2188 1132; x_wconf 91' lang='lat' dir='ltr'><strong>duo</strong></span> <span class='ocrx_word' id='word_1_76' title='bbox 2217 1077 2324 1133; x_wconf 91' lang='lat' dir='ltr'><strong>hoc</strong></span> <span class='ocrx_word' id='word_1_77' title='bbox 2351 1078 2516 1135; x_wconf 87' lang='lat' dir='ltr'><strong>modo</strong></span> 
     </span>
     <span class='ocr_line' id='line_1_10' title="bbox 505 1165 2515 1241; baseline 0.002 -23"><span class='ocrx_word' id='word_1_78' title='bbox 505 1165 754 1220; x_wconf 80' lang='lat' dir='ltr'><strong>tliss&#39;erunt</strong></span> <span class='ocrx_word' id='word_1_79' title='bbox 780 1183 794 1220; x_wconf 75' lang='grc' dir='ltr'>ε</span> <span class='ocrx_word' id='word_1_80' title='bbox 822 1168 965 1241; x_wconf 87' lang='lat' dir='ltr'><strong>quod</strong></span> <span class='ocrx_word' id='word_1_81' title='bbox 992 1167 1304 1223; x_wconf 87' lang='lat' dir='ltr'><strong>humanitas</strong></span> <span class='ocrx_word' id='word_1_82' title='bbox 1318 1168 1661 1239; x_wconf 84' lang='lat' dir='ltr'><strong>significatur</strong></span> <span class='ocrx_word' id='word_1_83' title='bbox 1687 1181 1780 1237; x_wconf 85' lang='lat' dir='ltr'><strong>per</strong></span> <span class='ocrx_word' id='word_1_84' title='bbox 1809 1166 2029 1223; x_wconf 88' lang='lat' dir='ltr'><strong>modum</strong></span> <span class='ocrx_word' id='word_1_85' title='bbox 2058 1165 2250 1236; x_wconf 86' lang='lat' dir='ltr'><strong>partis,</strong></span> <span class='ocrx_word' id='word_1_86' title='bbox 2277 1183 2343 1220; x_wconf 88' lang='lat' dir='ltr'><strong>eo</strong></span> <span class='ocrx_word' id='word_1_87' title='bbox 2369 1167 2515 1236; x_wconf 82' lang='lat' dir='ltr'><strong>quod</strong></span> 
     </span>
     <span class='ocr_line' id='line_1_11' title="bbox 500 1252 2514 1328; baseline 0.002 -20"><span class='ocrx_word' id='word_1_88' title='bbox 500 1252 807 1310; x_wconf 87' lang='lat' dir='ltr'><strong>humanitas</strong></span> <span class='ocrx_word' id='word_1_89' title='bbox 834 1255 1037 1311; x_wconf 89' lang='lat' dir='ltr'><strong>dicitur</strong></span> <span class='ocrx_word' id='word_1_90' title='bbox 1077 1272 1187 1328; x_wconf 86' lang='lat' dir='ltr'><strong>qua</strong></span> <span class='ocrx_word' id='word_1_91' title='bbox 1218 1255 1377 1311; x_wconf 84' lang='lat' dir='ltr'><strong>homo</strong></span> <span class='ocrx_word' id='word_1_92' title='bbox 1421 1264 1504 1312; x_wconf 81' lang='lat' dir='ltr'><strong>e-st</strong></span> <span class='ocrx_word' id='word_1_93' title='bbox 1532 1256 1719 1320; x_wconf 87' lang='lat' dir='ltr'><strong>humo,</strong></span> <span class='ocrx_word' id='word_1_94' title='bbox 1759 1262 1814 1310; x_wconf 88' lang='lat' dir='ltr'><strong>et</strong></span> <span class='ocrx_word' id='word_1_95' title='bbox 1857 1255 1940 1310; x_wconf 92' lang='lat' dir='ltr'><strong>sic</strong></span> <span class='ocrx_word' id='word_1_96' title='bbox 1981 1255 2210 1327; x_wconf 81' lang='lat' dir='ltr'><strong>praecise</strong></span> <span class='ocrx_word' id='word_1_97' title='bbox 2236 1255 2514 1326; x_wconf 84' lang='lat' dir='ltr'><strong>significat</strong></span> 
     </span>
     <span class='ocr_line' id='line_1_12' title="bbox 498 1343 2513 1419; baseline 0.001 -21"><span class='ocrx_word' id='word_1_98' title='bbox 498 1343 807 1399; x_wconf 69' lang='lat' dir='ltr'><strong>essentialia</strong></span> <span class='ocrx_word' id='word_1_99' title='bbox 830 1345 1095 1416; x_wconf 83' lang='lat' dir='ltr'><strong>principia</strong></span> <span class='ocrx_word' id='word_1_100' title='bbox 1120 1345 1341 1416; x_wconf 85' lang='lat' dir='ltr'><strong>speciei,</strong></span> <span class='ocrx_word' id='word_1_101' title='bbox 1374 1361 1471 1419; x_wconf 82' lang='lat' dir='ltr'><strong>per</strong></span> <span class='ocrx_word' id='word_1_102' title='bbox 1494 1361 1620 1417; x_wconf 83' lang='lat' dir='ltr'><strong>quae</strong></span> <span class='ocrx_word' id='word_1_103' title='bbox 1641 1344 1744 1400; x_wconf 88' lang='lat' dir='ltr'><strong>hoc</strong></span> <span class='ocrx_word' id='word_1_104' title='bbox 1768 1343 2106 1399; x_wconf 88' lang='lat' dir='ltr'><strong>individuum</strong></span> <span class='ocrx_word' id='word_1_105' title='bbox 2135 1343 2188 1398; x_wconf 89' lang='lat' dir='ltr'><strong>in</strong></span> <span class='ocrx_word' id='word_1_106' title='bbox 2213 1344 2309 1399; x_wconf 87' lang='lat' dir='ltr'><strong>tali</strong></span> <span class='ocrx_word' id='word_1_107' title='bbox 2331 1343 2513 1416; x_wconf 82' lang='lat' dir='ltr'><strong>specie</strong></span> 
     </span>
     <span class='ocr_line' id='line_1_13' title="bbox 499 1431 2512 1507; baseline 0.001 -20"><span class='ocrx_word' id='word_1_108' title='bbox 499 1431 825 1499; x_wconf 86' lang='lat' dir='ltr'><strong>collocatur;</strong></span> <span class='ocrx_word' id='word_1_109' title='bbox 854 1434 995 1487; x_wconf 85' lang='lat' dir='ltr'><strong>unde</strong></span> <span class='ocrx_word' id='word_1_110' title='bbox 1022 1450 1080 1489; x_wconf 85' lang='lat' dir='ltr'><strong>se</strong></span> <span class='ocrx_word' id='word_1_111' title='bbox 1115 1433 1280 1489; x_wconf 84' lang='lat' dir='ltr'><strong>habet</strong></span> <span class='ocrx_word' id='word_1_112' title='bbox 1306 1449 1399 1505; x_wconf 83' lang='lat' dir='ltr'><strong>per</strong></span> <span class='ocrx_word' id='word_1_113' title='bbox 1431 1433 1648 1488; x_wconf 89' lang='lat' dir='ltr'><strong>modum</strong></span> <span class='ocrx_word' id='word_1_114' title='bbox 1681 1433 1876 1507; x_wconf 71' lang='lat' dir='ltr'><strong>partis„</strong></span> <span class='ocrx_word' id='word_1_115' title='bbox 1915 1447 2043 1488; x_wconf 88' lang='lat' dir='ltr'><strong>cum</strong></span> <span class='ocrx_word' id='word_1_116' title='bbox 2083 1440 2287 1503; x_wconf 73' lang='lat' dir='ltr'><strong>praeter</strong></span> <span class='ocrx_word' id='word_1_117' title='bbox 2319 1433 2512 1506; x_wconf 69' lang='lat' dir='ltr'><strong>hujus-</strong></span> 
     </span>
     <span class='ocr_line' id='line_1_14' title="bbox 502 1522 2514 1595; baseline 0.001 -19"><span class='ocrx_word' id='word_1_118' title='bbox 502 1523 645 1576; x_wconf 84' lang='lat' dir='ltr'><strong>modi</strong></span> <span class='ocrx_word' id='word_1_119' title='bbox 678 1523 939 1595; x_wconf 87' lang='lat' dir='ltr'><strong>principia</strong></span> <span class='ocrx_word' id='word_1_120' title='bbox 970 1523 1135 1579; x_wconf 87' lang='lat' dir='ltr'><strong>multa</strong></span> <span class='ocrx_word' id='word_1_121' title='bbox 1165 1522 1273 1579; x_wconf 88' lang='lat' dir='ltr'><strong>alia</strong></span> <span class='ocrx_word' id='word_1_122' title='bbox 1298 1523 1349 1578; x_wconf 90' lang='lat' dir='ltr'><strong>in</strong></span> <span class='ocrx_word' id='word_1_123' title='bbox 1379 1523 1538 1577; x_wconf 88' lang='lat' dir='ltr'><strong>rebus</strong></span> <span class='ocrx_word' id='word_1_124' title='bbox 1566 1529 1779 1578; x_wconf 75' lang='lat' dir='ltr'><strong>naturae</strong></span> <span class='ocrx_word' id='word_1_125' title='bbox 1805 1523 2153 1577; x_wconf 79' lang='lat' dir='ltr'><strong>inveniantur</strong></span> <span class='ocrx_word' id='word_1_126' title='bbox 2185 1536 2199 1576; x_wconf 72' lang='grc' dir='ltr'><em>τ</em></span> <span class='ocrx_word' id='word_1_127' title='bbox 2227 1523 2325 1576; x_wconf 89' lang='lat' dir='ltr'><strong>sed</strong></span> <span class='ocrx_word' id='word_1_128' title='bbox 2355 1522 2514 1578; x_wconf 87' lang='lat' dir='ltr'><strong>homo</strong></span> 
     </span>
     <span class='ocr_line' id='line_1_15' title="bbox 500 1609 2512 1686; baseline 0.001 -21"><span class='ocrx_word' id='word_1_129' title='bbox 500 1611 841 1681; x_wconf 78' lang='lat' dir='ltr'><strong>significatur</strong></span> <span class='ocrx_word' id='word_1_130' title='bbox 870 1629 964 1686; x_wconf 87' lang='lat' dir='ltr'><strong>per</strong></span> <span class='ocrx_word' id='word_1_131' title='bbox 995 1612 1211 1668; x_wconf 76' lang='lat' dir='ltr'><strong>modum</strong></span> <span class='ocrx_word' id='word_1_132' title='bbox 1242 1612 1445 1678; x_wconf 88' lang='lat' dir='ltr'><strong>t.otius;</strong></span> <span class='ocrx_word' id='word_1_133' title='bbox 1483 1611 1646 1667; x_wconf 90' lang='lat' dir='ltr'><strong>homo</strong></span> <span class='ocrx_word' id='word_1_134' title='bbox 1675 1610 1820 1665; x_wconf 90' lang='lat' dir='ltr'><strong>enim</strong></span> <span class='ocrx_word' id='word_1_135' title='bbox 1853 1609 2052 1664; x_wconf 84' lang='lat' dir='ltr'><strong>dieitur</strong></span> <span class='ocrx_word' id='word_1_136' title='bbox 2080 1609 2292 1665; x_wconf 88' lang='lat' dir='ltr'><strong>habens</strong></span> <span class='ocrx_word' id='word_1_137' title='bbox 2314 1610 2512 1668; x_wconf 86' lang='lat' dir='ltr'><strong>huma-</strong></span> 
     </span>
     <span class='ocr_line' id='line_1_16' title="bbox 505 1699 2514 1772; baseline 0.003 -20"><span class='ocrx_word' id='word_1_138' title='bbox 505 1700 751 1764; x_wconf 87' lang='lat' dir='ltr'><strong>nitatem,</strong></span> <span class='ocrx_word' id='word_1_139' title='bbox 785 1700 868 1755; x_wconf 90' lang='lat' dir='ltr'><strong>vel</strong></span> <span class='ocrx_word' id='word_1_140' title='bbox 916 1700 1217 1756; x_wconf 76' lang='lat' dir='ltr'><strong>subsistens</strong></span> <span class='ocrx_word' id='word_1_141' title='bbox 1248 1701 1299 1754; x_wconf 92' lang='lat' dir='ltr'><strong>in</strong></span> <span class='ocrx_word' id='word_1_142' title='bbox 1339 1699 1702 1766; x_wconf 82' lang='lat' dir='ltr'><strong>humanitate,</strong></span> <span class='ocrx_word' id='word_1_143' title='bbox 1737 1700 1856 1754; x_wconf 87' lang='lat' dir='ltr'><strong>sine</strong></span> <span class='ocrx_word' id='word_1_144' title='bbox 1895 1700 2216 1771; x_wconf 62' lang='lat' dir='ltr'><strong>praecisione</strong></span> <span class='ocrx_word' id='word_1_145' title='bbox 2244 1716 2514 1772; x_wconf 82' lang='lat' dir='ltr'><strong>quorum-</strong></span> 
     </span>
     <span class='ocr_line' id='line_1_17' title="bbox 503 1785 2510 1862; baseline 0.001 -20"><span class='ocrx_word' id='word_1_146' title='bbox 503 1803 736 1860; x_wconf 80' lang='lat' dir='ltr'><strong>cumque</strong></span> <span class='ocrx_word' id='word_1_147' title='bbox 769 1789 997 1844; x_wconf 86' lang='lat' dir='ltr'><strong>aliorum</strong></span> <span class='ocrx_word' id='word_1_148' title='bbox 1026 1790 1526 1859; x_wconf 79' lang='lat' dir='ltr'><strong>supervenientium</strong></span> <span class='ocrx_word' id='word_1_149' title='bbox 1550 1785 1930 1844; x_wconf 78' lang='lat' dir='ltr'><strong>essentialibus</strong></span> <span class='ocrx_word' id='word_1_150' title='bbox 1960 1785 2240 1860; x_wconf 82' lang='lat' dir='ltr'><strong>principiis</strong></span> <span class='ocrx_word' id='word_1_151' title='bbox 2269 1791 2510 1862; x_wconf 85' lang='lat' dir='ltr'><strong>speciei;</strong></span> 
     </span>
     <span class='ocr_line' id='line_1_18' title="bbox 505 1876 2509 1950; baseline 0.003 -22"><span class='ocrx_word' id='word_1_152' title='bbox 505 1877 632 1948; x_wconf 88' lang='lat' dir='ltr'><strong>quia</strong></span> <span class='ocrx_word' id='word_1_153' title='bbox 678 1892 771 1946; x_wconf 87' lang='lat' dir='ltr'><strong>per</strong></span> <span class='ocrx_word' id='word_1_154' title='bbox 802 1876 905 1932; x_wconf 90' lang='lat' dir='ltr'><strong>hoc</strong></span> <span class='ocrx_word' id='word_1_155' title='bbox 936 1879 1079 1950; x_wconf 89' lang='lat' dir='ltr'><strong>quod</strong></span> <span class='ocrx_word' id='word_1_156' title='bbox 1110 1877 1254 1932; x_wconf 89' lang='lat' dir='ltr'><strong>dico.</strong></span> <span class='ocrx_word' id='word_1_157' title='bbox 1298 1877 1514 1932; x_wconf 82' lang='lat' dir='ltr'><strong>Habens</strong></span> <span class='ocrx_word' id='word_1_158' title='bbox 1555 1877 1969 1941; x_wconf 79' lang='lat' dir='ltr'><strong>humanitatem,</strong></span> <span class='ocrx_word' id='word_1_159' title='bbox 2016 1891 2122 1932; x_wconf 89' lang='lat' dir='ltr'><strong>non</strong></span> <span class='ocrx_word' id='word_1_160' title='bbox 2171 1878 2509 1948; x_wconf 69' lang='lat' dir='ltr'><strong>praeciditur,</strong></span> 
     </span>
     <span class='ocr_line' id='line_1_19' title="bbox 506 1963 2514 2038; baseline 0.003 -20"><span class='ocrx_word' id='word_1_161' title='bbox 506 1965 598 2038; x_wconf 85' lang='lat' dir='ltr'><strong>qui</strong></span> <span class='ocrx_word' id='word_1_162' title='bbox 642 1963 805 2019; x_wconf 84' lang='lat' dir='ltr'><strong>habet</strong></span> <span class='ocrx_word' id='word_1_163' title='bbox 832 1965 1089 2033; x_wconf 79' lang='lat' dir='ltr'><strong>colorem,</strong></span> <span class='ocrx_word' id='word_1_164' title='bbox 1121 1972 1176 2020; x_wconf 89' lang='lat' dir='ltr'><strong>et</strong></span> <span class='ocrx_word' id='word_1_165' title='bbox 1208 1967 1593 2037; x_wconf 84' lang='lat' dir='ltr'><strong>quantitatem,</strong></span> <span class='ocrx_word' id='word_1_166' title='bbox 1627 1977 1681 2021; x_wconf 91' lang='lat' dir='ltr'><strong>et</strong></span> <span class='ocrx_word' id='word_1_167' title='bbox 1705 1965 1811 2021; x_wconf 90' lang='lat' dir='ltr'><strong>alia</strong></span> <span class='ocrx_word' id='word_1_168' title='bbox 1842 1964 2170 2036; x_wconf 67' lang='lat' dir='ltr'><strong>huiusmodi.</strong></span> <span class='ocrx_word' id='word_1_169' title='bbox 2201 1967 2514 2025; x_wconf 85' lang='lat' dir='ltr'><strong>Secundum</strong></span> 
     </span>
     <span class='ocr_line' id='line_1_20' title="bbox 507 2054 2513 2126; baseline 0.002 -18"><span class='ocrx_word' id='word_1_170' title='bbox 507 2070 637 2126; x_wconf 83' lang='lat' dir='ltr'><strong>ergo</strong></span> <span class='ocrx_word' id='word_1_171' title='bbox 664 2055 957 2110; x_wconf 89' lang='lat' dir='ltr'><strong>secundam</strong></span> <span class='ocrx_word' id='word_1_172' title='bbox 986 2055 1296 2125; x_wconf 88' lang='lat' dir='ltr'><strong>opinionem</strong></span> <span class='ocrx_word' id='word_1_173' title='bbox 1326 2057 1664 2126; x_wconf 56' lang='lat' dir='ltr'><strong>praedictam,</strong></span> <span class='ocrx_word' id='word_1_174' title='bbox 1706 2055 1886 2110; x_wconf 89' lang='lat' dir='ltr'><strong>unioni</strong></span> <span class='ocrx_word' id='word_1_175' title='bbox 1918 2054 2172 2112; x_wconf 83' lang='lat' dir='ltr'><strong>humanae</strong></span> <span class='ocrx_word' id='word_1_176' title='bbox 2203 2063 2419 2114; x_wconf 84' lang='lat' dir='ltr'><strong>naturae</strong></span> <span class='ocrx_word' id='word_1_177' title='bbox 2445 2058 2513 2113; x_wconf 87' lang='lat' dir='ltr'><strong>ad</strong></span> 
     </span>
     <span class='ocr_line' id='line_1_21' title="bbox 507 2143 2514 2218; baseline 0.002 -21"><span class='ocrx_word' id='word_1_178' title='bbox 507 2143 749 2199; x_wconf 88' lang='lat' dir='ltr'><strong>divinam</strong></span> <span class='ocrx_word' id='word_1_179' title='bbox 791 2145 1225 2218; x_wconf 59' lang='lat' dir='ltr'><strong>praezupponitur</strong></span> <span class='ocrx_word' id='word_1_180' title='bbox 1266 2144 1391 2200; x_wconf 84' lang='lat' dir='ltr'><strong>unio</strong></span> <span class='ocrx_word' id='word_1_181' title='bbox 1427 2145 1624 2200; x_wconf 82' lang='lat' dir='ltr'><strong>animae</strong></span> <span class='ocrx_word' id='word_1_182' title='bbox 1651 2151 1707 2198; x_wconf 87' lang='lat' dir='ltr'><strong>et</strong></span> <span class='ocrx_word' id='word_1_183' title='bbox 1747 2145 1992 2218; x_wconf 84' lang='lat' dir='ltr'><strong>corporis</strong></span> <span class='ocrx_word' id='word_1_184' title='bbox 2019 2145 2322 2202; x_wconf 87' lang='lat' dir='ltr'><strong>secuudum</strong></span> <span class='ocrx_word' id='word_1_185' title='bbox 2364 2147 2514 2218; x_wconf 82' lang='lat' dir='ltr'><strong>quod</strong></span> 
     </span>
     <span class='ocr_line' id='line_1_22' title="bbox 507 2232 2512 2305; baseline 0.003 -17"><span class='ocrx_word' id='word_1_186' title='bbox 507 2234 790 2288; x_wconf 85' lang='lat' dir='ltr'><strong>constituit</strong></span> <span class='ocrx_word' id='word_1_187' title='bbox 818 2232 1232 2296; x_wconf 87' lang='lat' dir='ltr'><strong>humanitatem,</strong></span> <span class='ocrx_word' id='word_1_188' title='bbox 1267 2249 1372 2288; x_wconf 89' lang='lat' dir='ltr'><strong>non</strong></span> <span class='ocrx_word' id='word_1_189' title='bbox 1402 2233 1700 2289; x_wconf 89' lang='lat' dir='ltr'><strong>secundum</strong></span> <span class='ocrx_word' id='word_1_190' title='bbox 1729 2233 1875 2305; x_wconf 86' lang='lat' dir='ltr'><strong>quod</strong></span> <span class='ocrx_word' id='word_1_191' title='bbox 1906 2234 2190 2289; x_wconf 85' lang='lat' dir='ltr'><strong>constituit</strong></span> <span class='ocrx_word' id='word_1_192' title='bbox 2213 2233 2512 2294; x_wconf 88' lang='lat' dir='ltr'><strong>hominem.</strong></span> 
     </span>
     <span class='ocr_line' id='line_1_23' title="bbox 508 2321 2514 2396; baseline 0.001 -18"><span class='ocrx_word' id='word_1_193' title='bbox 508 2321 644 2378; x_wconf 89' lang='lat' dir='ltr'><strong>lllud</strong></span> <span class='ocrx_word' id='word_1_194' title='bbox 683 2321 827 2377; x_wconf 89' lang='lat' dir='ltr'><strong>enim</strong></span> <span class='ocrx_word' id='word_1_195' title='bbox 857 2321 999 2394; x_wconf 84' lang='lat' dir='ltr'><strong>quod</strong></span> <span class='ocrx_word' id='word_1_196' title='bbox 1031 2321 1083 2377; x_wconf 89' lang='lat' dir='ltr'><strong>in</strong></span> <span class='ocrx_word' id='word_1_197' title='bbox 1132 2321 1346 2378; x_wconf 81' lang='lat' dir='ltr'><strong>Christo</strong></span> <span class='ocrx_word' id='word_1_198' title='bbox 1373 2327 1459 2376; x_wconf 85' lang='lat' dir='ltr'><strong>est</strong></span> <span class='ocrx_word' id='word_1_199' title='bbox 1485 2323 1844 2377; x_wconf 87' lang='lat' dir='ltr'><strong>constitutum</strong></span> <span class='ocrx_word' id='word_1_200' title='bbox 1887 2339 1956 2378; x_wconf 82' lang='lat' dir='ltr'><strong>ex</strong></span> <span class='ocrx_word' id='word_1_201' title='bbox 1991 2323 2169 2378; x_wconf 90' lang='lat' dir='ltr'><strong>anima</strong></span> <span class='ocrx_word' id='word_1_202' title='bbox 2201 2332 2258 2379; x_wconf 89' lang='lat' dir='ltr'><strong>et</strong></span> <span class='ocrx_word' id='word_1_203' title='bbox 2286 2339 2514 2396; x_wconf 84' lang='lat' dir='ltr'><strong>corpore</strong></span> 
     </span>
     <span class='ocr_line' id='line_1_24' title="bbox 513 2410 2514 2485; baseline 0.003 -21"><span class='ocrx_word' id='word_1_204' title='bbox 513 2416 745 2474; x_wconf 87' lang='lat' dir='ltr'><strong>tantum,</strong></span> <span class='ocrx_word' id='word_1_205' title='bbox 785 2411 931 2484; x_wconf 90' lang='lat' dir='ltr'><strong>quod</strong></span> <span class='ocrx_word' id='word_1_206' title='bbox 972 2410 1154 2467; x_wconf 88' lang='lat' dir='ltr'><strong>unioni</strong></span> <span class='ocrx_word' id='word_1_207' title='bbox 1196 2411 1650 2484; x_wconf 59' lang='lat' dir='ltr'><strong>prae-apponitur,</strong></span> <span class='ocrx_word' id='word_1_208' title='bbox 1685 2426 1790 2465; x_wconf 91' lang='lat' dir='ltr'><strong>non</strong></span> <span class='ocrx_word' id='word_1_209' title='bbox 1831 2420 1915 2467; x_wconf 89' lang='lat' dir='ltr'><strong>est</strong></span> <span class='ocrx_word' id='word_1_210' title='bbox 1945 2419 2118 2468; x_wconf 87' lang='lat' dir='ltr'><strong>totum</strong></span> <span class='ocrx_word' id='word_1_211' title='bbox 2147 2411 2294 2484; x_wconf 87' lang='lat' dir='ltr'><strong>quod</strong></span> <span class='ocrx_word' id='word_1_212' title='bbox 2332 2431 2429 2485; x_wconf 84' lang='lat' dir='ltr'><strong>per</strong></span> <span class='ocrx_word' id='word_1_213' title='bbox 2456 2430 2514 2470; x_wconf 85' lang='lat' dir='ltr'><strong>se</strong></span> 
     </span>
     <span class='ocr_line' id='line_1_25' title="bbox 510 2498 2511 2574; baseline 0.002 -18"><span class='ocrx_word' id='word_1_214' title='bbox 510 2499 777 2566; x_wconf 80' lang='lat' dir='ltr'><strong>subsistit,</strong></span> <span class='ocrx_word' id='word_1_215' title='bbox 814 2502 907 2556; x_wconf 88' lang='lat' dir='ltr'><strong>sed</strong></span> <span class='ocrx_word' id='word_1_216' title='bbox 939 2501 1143 2574; x_wconf 87' lang='lat' dir='ltr'><strong>aliquid</strong></span> <span class='ocrx_word' id='word_1_217' title='bbox 1187 2501 1334 2573; x_wconf 81' lang='lat' dir='ltr'><strong>ejus;</strong></span> <span class='ocrx_word' id='word_1_218' title='bbox 1364 2507 1421 2555; x_wconf 87' lang='lat' dir='ltr'><strong>et</strong></span> <span class='ocrx_word' id='word_1_219' title='bbox 1463 2498 1584 2554; x_wconf 91' lang='lat' dir='ltr'><strong>ideo</strong></span> <span class='ocrx_word' id='word_1_220' title='bbox 1626 2514 1732 2555; x_wconf 89' lang='lat' dir='ltr'><strong>non</strong></span> <span class='ocrx_word' id='word_1_221' title='bbox 1776 2508 1956 2572; x_wconf 77' lang='lat' dir='ltr'><strong>potest</strong></span> <span class='ocrx_word' id='word_1_222' title='bbox 1997 2501 2200 2572; x_wconf 84' lang='lat' dir='ltr'><strong>signari</strong></span> <span class='ocrx_word' id='word_1_223' title='bbox 2233 2508 2292 2557; x_wconf 90' lang='lat' dir='ltr'><strong>ut</strong></span> <span class='ocrx_word' id='word_1_224' title='bbox 2332 2501 2511 2572; x_wconf 90' lang='lat' dir='ltr'><strong>homo,</strong></span> 
     </span>
     <span class='ocr_line' id='line_1_26' title="bbox 510 2588 2516 2662; baseline 0.002 -18"><span class='ocrx_word' id='word_1_225' title='bbox 510 2591 603 2644; x_wconf 86' lang='lat' dir='ltr'><strong>sed</strong></span> <span class='ocrx_word' id='word_1_226' title='bbox 634 2597 692 2646; x_wconf 85' lang='lat' dir='ltr'><strong>ut</strong></span> <span class='ocrx_word' id='word_1_227' title='bbox 730 2589 1059 2645; x_wconf 85' lang='lat' dir='ltr'><strong>humanitas.</strong></span> <span class='ocrx_word' id='word_1_228' title='bbox 1103 2591 1256 2646; x_wconf 85' lang='lat' dir='ltr'><strong>Unde</strong></span> <span class='ocrx_word' id='word_1_229' title='bbox 1286 2595 1502 2662; x_wconf 71' lang='lat' dir='ltr'><strong>oportet.</strong></span> <span class='ocrx_word' id='word_1_230' title='bbox 1530 2588 1730 2654; x_wconf 80' lang='lat' dir='ltr'><strong>dicere,</strong></span> <span class='ocrx_word' id='word_1_231' title='bbox 1758 2589 1903 2662; x_wconf 89' lang='lat' dir='ltr'><strong>quod</strong></span> <span class='ocrx_word' id='word_1_232' title='bbox 1940 2590 1991 2644; x_wconf 88' lang='lat' dir='ltr'><strong>in</strong></span> <span class='ocrx_word' id='word_1_233' title='bbox 2027 2590 2143 2660; x_wconf 78' lang='lat' dir='ltr'><strong>ipsa</strong></span> <span class='ocrx_word' id='word_1_234' title='bbox 2176 2591 2374 2646; x_wconf 90' lang='lat' dir='ltr'><strong>unione</strong></span> <span class='ocrx_word' id='word_1_235' title='bbox 2405 2591 2516 2648; x_wconf 88' lang='lat' dir='ltr'><strong>hu-</strong></span> 
     </span>
     <span class='ocr_line' id='line_1_27' title="bbox 510 2677 2515 2748; baseline 0.001 -15"><span class='ocrx_word' id='word_1_236' title='bbox 510 2693 687 2735; x_wconf 80' lang='lat' dir='ltr'><strong>mauae</strong></span> <span class='ocrx_word' id='word_1_237' title='bbox 714 2687 921 2734; x_wconf 82' lang='lat' dir='ltr'><strong>naturae</strong></span> <span class='ocrx_word' id='word_1_238' title='bbox 948 2679 1015 2733; x_wconf 84' lang='lat' dir='ltr'><strong>ad</strong></span> <span class='ocrx_word' id='word_1_239' title='bbox 1051 2679 1291 2733; x_wconf 86' lang='lat' dir='ltr'><strong>divinam</strong></span> <span class='ocrx_word' id='word_1_240' title='bbox 1326 2677 1482 2748; x_wconf 79' lang='lat' dir='ltr'><strong>quasi</strong></span> <span class='ocrx_word' id='word_1_241' title='bbox 1516 2678 1566 2731; x_wconf 94' lang='lat' dir='ltr'><strong>in</strong></span> <span class='ocrx_word' id='word_1_242' title='bbox 1609 2679 1838 2734; x_wconf 81' lang='lat' dir='ltr'><strong>t-·t·mino</strong></span> <span class='ocrx_word' id='word_1_243' title='bbox 1868 2680 2276 2748; x_wconf 81' lang='lat' dir='ltr'><strong>assumptionis,</strong></span> <span class='ocrx_word' id='word_1_244' title='bbox 2308 2681 2515 2736; x_wconf 79' lang='lat' dir='ltr'><strong>intelli-</strong></span> 
     </span>
     <span class='ocr_line' id='line_1_28' title="bbox 510 2765 2516 2842; baseline 0.002 -22"><span class='ocrx_word' id='word_1_245' title='bbox 510 2771 670 2839; x_wconf 83' lang='lat' dir='ltr'><strong>gatur</strong></span> <span class='ocrx_word' id='word_1_246' title='bbox 693 2767 868 2839; x_wconf 86' lang='lat' dir='ltr'><strong>primo</strong></span> <span class='ocrx_word' id='word_1_247' title='bbox 898 2765 950 2820; x_wconf 86' lang='lat' dir='ltr'><strong>in</strong></span> <span class='ocrx_word' id='word_1_248' title='bbox 977 2765 1189 2820; x_wconf 83' lang='lat' dir='ltr'><strong>Christo</strong></span> <span class='ocrx_word' id='word_1_249' title='bbox 1216 2769 1355 2820; x_wconf 86' lang='lat' dir='ltr'><strong>ratio</strong></span> <span class='ocrx_word' id='word_1_250' title='bbox 1384 2765 1636 2829; x_wconf 75' lang='lat' dir='ltr'><strong>hominiS,</strong></span> <span class='ocrx_word' id='word_1_251' title='bbox 1665 2767 1793 2836; x_wconf 82' lang='lat' dir='ltr'><strong>quia</strong></span> <span class='ocrx_word' id='word_1_252' title='bbox 1833 2772 1962 2822; x_wconf 88' lang='lat' dir='ltr'><strong>tunc</strong></span> <span class='ocrx_word' id='word_1_253' title='bbox 1987 2768 2162 2839; x_wconf 86' lang='lat' dir='ltr'><strong>primo</strong></span> <span class='ocrx_word' id='word_1_254' title='bbox 2192 2768 2516 2842; x_wconf 80' lang='lat' dir='ltr'><strong>intelligitur</strong></span> 
     </span>
     <span class='ocr_line' id='line_1_29' title="bbox 511 2848 2514 2925; baseline 0.002 -15"><span class='ocrx_word' id='word_1_255' title='bbox 511 2863 571 2910; x_wconf 92' lang='lat' dir='ltr'><strong>ut</strong></span> <span class='ocrx_word' id='word_1_256' title='bbox 596 2869 683 2908; x_wconf 80' lang='lat' dir='ltr'><strong>res</strong></span> <span class='ocrx_word' id='word_1_257' title='bbox 708 2869 802 2924; x_wconf 73' lang='lat' dir='ltr'><strong>per</strong></span> <span class='ocrx_word' id='word_1_258' title='bbox 826 2867 886 2908; x_wconf 75' lang='lat' dir='ltr'><strong>se</strong></span> <span class='ocrx_word' id='word_1_259' title='bbox 909 2853 1211 2908; x_wconf 72' lang='lat' dir='ltr'><strong>subsistens</strong></span> <span class='ocrx_word' id='word_1_260' title='bbox 1236 2848 1504 2925; x_wconf 83' lang='lat' dir='ltr'><strong>completa</strong></span> <span class='ocrx_word' id='word_1_261' title='bbox 1527 2872 1542 2922; x_wconf 90' lang='grc'>;</span> <span class='ocrx_word' id='word_1_262' title='bbox 1568 2861 1625 2910; x_wconf 85' lang='lat' dir='ltr'><strong>et.</strong></span> <span class='ocrx_word' id='word_1_263' title='bbox 1650 2853 1701 2910; x_wconf 89' lang='lat' dir='ltr'><strong>in</strong></span> <span class='ocrx_word' id='word_1_264' title='bbox 1728 2855 1828 2910; x_wconf 87' lang='lat' dir='ltr'><strong>hoc</strong></span> <span class='ocrx_word' id='word_1_265' title='bbox 1853 2855 2032 2910; x_wconf 70' lang='lat' dir='ltr'><strong>differt</strong></span> <span class='ocrx_word' id='word_1_266' title='bbox 2059 2855 2130 2911; x_wconf 87' lang='lat' dir='ltr'><strong>ab</strong></span> <span class='ocrx_word' id='word_1_267' title='bbox 2154 2855 2278 2912; x_wconf 84' lang='lat' dir='ltr'><strong>aliis</strong></span> <span class='ocrx_word' id='word_1_268' title='bbox 2300 2857 2514 2914; x_wconf 85' lang='lat' dir='ltr'><strong>duabus</strong></span> 
     </span>
     <span class='ocr_line' id='line_1_30' title="bbox 511 2939 2515 3017; baseline 0.001 -18"><span class='ocrx_word' id='word_1_269' title='bbox 511 2940 873 3016; x_wconf 82' lang='lat' dir='ltr'><strong>opinionibus.</strong></span> <span class='ocrx_word' id='word_1_270' title='bbox 896 2941 1032 2997; x_wconf 88' lang='lat' dir='ltr'><strong>Nam</strong></span> <span class='ocrx_word' id='word_1_271' title='bbox 1055 2939 1229 3013; x_wconf 77' lang='lat' dir='ltr'><strong>prima</strong></span> <span class='ocrx_word' id='word_1_272' title='bbox 1258 2942 1442 3012; x_wconf 81' lang='lat' dir='ltr'><strong>opinio</strong></span> <span class='ocrx_word' id='word_1_273' title='bbox 1464 2945 1632 3014; x_wconf 87' lang='lat' dir='ltr'><strong>ponit,</strong></span> <span class='ocrx_word' id='word_1_274' title='bbox 1661 2944 1806 3017; x_wconf 84' lang='lat' dir='ltr'><strong>quod</strong></span> <span class='ocrx_word' id='word_1_275' title='bbox 1831 2945 1955 2999; x_wconf 90' lang='lat' dir='ltr'><strong>unio</strong></span> <span class='ocrx_word' id='word_1_276' title='bbox 1981 2942 2178 3002; x_wconf 82' lang='lat' dir='ltr'><strong>auimae</strong></span> <span class='ocrx_word' id='word_1_277' title='bbox 2199 2947 2264 3000; x_wconf 67' lang='lat' dir='ltr'><strong>ant</strong></span> <span class='ocrx_word' id='word_1_278' title='bbox 2293 2963 2515 3004; x_wconf 81' lang='lat' dir='ltr'><strong>carnem</strong></span> 
     </span>
     <span class='ocr_line' id='line_1_31' title="bbox 514 3029 2515 3106; baseline 0.003 -20"><span class='ocrx_word' id='word_1_279' title='bbox 514 3029 947 3106; x_wconf 67' lang='lat' dir='ltr'><strong>ptaesupponitur</strong></span> <span class='ocrx_word' id='word_1_280' title='bbox 984 3030 1279 3085; x_wconf 73' lang='lat' dir='ltr'><strong>seeundum</strong></span> <span class='ocrx_word' id='word_1_281' title='bbox 1322 3031 1654 3088; x_wconf 86' lang='lat' dir='ltr'><strong>intellectum</strong></span> <span class='ocrx_word' id='word_1_282' title='bbox 1708 3035 2064 3104; x_wconf 70' lang='lat' dir='ltr'><strong>asstim1.itioni</strong></span> <span class='ocrx_word' id='word_1_283' title='bbox 2113 3034 2369 3094; x_wconf 82' lang='lat' dir='ltr'><strong>humanae</strong></span> <span class='ocrx_word' id='word_1_284' title='bbox 2411 3053 2515 3094; x_wconf 89' lang='lat' dir='ltr'><strong>na-</strong></span> 
     </span>
     <span class='ocr_line' id='line_1_32' title="bbox 514 3118 2516 3192; baseline 0.002 -16"><span class='ocrx_word' id='word_1_285' title='bbox 514 3127 671 3182; x_wconf 65' lang='lat' dir='ltr'><strong>turae,</strong></span> <span class='ocrx_word' id='word_1_286' title='bbox 706 3137 809 3175; x_wconf 84' lang='lat' dir='ltr'><strong>nun</strong></span> <span class='ocrx_word' id='word_1_287' title='bbox 834 3119 1131 3176; x_wconf 70' lang='lat' dir='ltr'><strong>seeundum</strong></span> <span class='ocrx_word' id='word_1_288' title='bbox 1156 3118 1331 3174; x_wconf 83' lang='lat' dir='ltr'><strong>solum</strong></span> <span class='ocrx_word' id='word_1_289' title='bbox 1362 3119 1465 3175; x_wconf 85' lang='lat' dir='ltr'><strong>hoc</strong></span> <span class='ocrx_word' id='word_1_290' title='bbox 1487 3121 1629 3192; x_wconf 83' lang='lat' dir='ltr'><strong>quod</strong></span> <span class='ocrx_word' id='word_1_291' title='bbox 1661 3121 1938 3176; x_wconf 76' lang='lat' dir='ltr'><strong>con-tituit</strong></span> <span class='ocrx_word' id='word_1_292' title='bbox 1969 3121 2386 3191; x_wconf 55' lang='lat' dir='ltr'><strong>humanatatem,</strong></span> <span class='ocrx_word' id='word_1_293' title='bbox 2416 3125 2516 3182; x_wconf 89' lang='lat' dir='ltr'><strong>sed</strong></span> 
     </span>
     <span class='ocr_line' id='line_1_33' title="bbox 512 3206 2516 3277; baseline 0.002 -13"><span class='ocrx_word' id='word_1_294' title='bbox 512 3211 676 3264; x_wconf 82' lang='lat' dir='ltr'><strong>etiam</strong></span> <span class='ocrx_word' id='word_1_295' title='bbox 714 3209 1009 3263; x_wconf 83' lang='lat' dir='ltr'><strong>secundum</strong></span> <span class='ocrx_word' id='word_1_296' title='bbox 1052 3207 1195 3277; x_wconf 81' lang='lat' dir='ltr'><strong>quod</strong></span> <span class='ocrx_word' id='word_1_297' title='bbox 1228 3206 1512 3262; x_wconf 75' lang='lat' dir='ltr'><strong>constituit</strong></span> <span class='ocrx_word' id='word_1_298' title='bbox 1541 3207 1840 3273; x_wconf 65' lang='lat' dir='ltr'><strong>homini-tm</strong></span> <span class='ocrx_word' id='word_1_299' title='bbox 1887 3210 2021 3265; x_wconf 74' lang='lat' dir='ltr'><strong>dicit</strong></span> <span class='ocrx_word' id='word_1_300' title='bbox 2065 3212 2208 3266; x_wconf 75' lang='lat' dir='ltr'><strong>onim</strong></span> <span class='ocrx_word' id='word_1_301' title='bbox 2242 3212 2516 3268; x_wconf 84' lang='lat' dir='ltr'><strong>hominem</strong></span> 
     </span>
     <span class='ocr_line' id='line_1_34' title="bbox 510 3296 2516 3370; baseline 0.005 -22"><span class='ocrx_word' id='word_1_302' title='bbox 510 3310 628 3349; x_wconf 72' lang='lat' dir='ltr'><strong>csse</strong></span> <span class='ocrx_word' id='word_1_303' title='bbox 674 3296 1257 3364; x_wconf 68' lang='lat' dir='ltr'><strong>assumptum..Tertia</strong></span> <span class='ocrx_word' id='word_1_304' title='bbox 1301 3313 1429 3351; x_wconf 77' lang='lat' dir='ltr'><strong>vero</strong></span> <span class='ocrx_word' id='word_1_305' title='bbox 1481 3298 1663 3366; x_wconf 85' lang='lat' dir='ltr'><strong>opinio</strong></span> <span class='ocrx_word' id='word_1_306' title='bbox 1703 3299 1872 3368; x_wconf 79' lang='lat' dir='ltr'><strong>pouit,</strong></span> <span class='ocrx_word' id='word_1_307' title='bbox 1916 3299 2060 3370; x_wconf 64' lang='lat' dir='ltr'><strong>quod</strong></span> <span class='ocrx_word' id='word_1_308' title='bbox 2105 3315 2204 3356; x_wconf 88' lang='lat' dir='ltr'><strong>nec</strong></span> <span class='ocrx_word' id='word_1_309' title='bbox 2249 3301 2418 3356; x_wconf 77' lang='lat' dir='ltr'><strong>etiam</strong></span> <span class='ocrx_word' id='word_1_310' title='bbox 2459 3302 2516 3358; x_wconf 82' lang='lat' dir='ltr'><strong>in</strong></span> 
     </span>
     <span class='ocr_line' id='line_1_35' title="bbox 514 3384 2520 3457; baseline 0.005 -21"><span class='ocrx_word' id='word_1_311' title='bbox 514 3384 743 3436; x_wconf 74' lang='lat' dir='ltr'><strong>termino</strong></span> <span class='ocrx_word' id='word_1_312' title='bbox 790 3385 1178 3455; x_wconf 58' lang='lat' dir='ltr'><strong>assumptionis</strong></span> <span class='ocrx_word' id='word_1_313' title='bbox 1221 3385 1542 3455; x_wconf 80' lang='lat' dir='ltr'><strong>intelligitur</strong></span> <span class='ocrx_word' id='word_1_314' title='bbox 1587 3387 1767 3440; x_wconf 88' lang='lat' dir='ltr'><strong>anima</strong></span> <span class='ocrx_word' id='word_1_315' title='bbox 1821 3389 2034 3457; x_wconf 78' lang='lat' dir='ltr'><strong>corpori</strong></span> <span class='ocrx_word' id='word_1_316' title='bbox 2085 3392 2257 3452; x_wconf 87' lang='lat' dir='ltr'><strong>unita,</strong></span> <span class='ocrx_word' id='word_1_317' title='bbox 2300 3406 2404 3445; x_wconf 86' lang='lat' dir='ltr'><strong>n··c</strong></span> <span class='ocrx_word' id='word_1_318' title='bbox 2443 3390 2520 3446; x_wconf 87' lang='lat' dir='ltr'><strong>ad</strong></span> 
     </span>
     <span class='ocr_line' id='line_1_36' title="bbox 510 3473 2522 3534; baseline 0.002 -4"><span class='ocrx_word' id='word_1_319' title='bbox 510 3473 949 3530; x_wconf 74' lang='lat' dir='ltr'><strong>constituendum</strong></span> <span class='ocrx_word' id='word_1_320' title='bbox 990 3473 1277 3530; x_wconf 75' lang='lat' dir='ltr'><strong>homimm.</strong></span> <span class='ocrx_word' id='word_1_321' title='bbox 1315 3490 1414 3530; x_wconf 75' lang='lat' dir='ltr'><strong>nec</strong></span> <span class='ocrx_word' id='word_1_322' title='bbox 1442 3475 1509 3530; x_wconf 89' lang='lat' dir='ltr'><strong>ad</strong></span> <span class='ocrx_word' id='word_1_323' title='bbox 1546 3478 1980 3532; x_wconf 59' lang='lat' dir='ltr'><strong>constituendam</strong></span> <span class='ocrx_word' id='word_1_324' title='bbox 2015 3477 2307 3534; x_wconf 80' lang='lat' dir='ltr'><strong>humanam</strong></span> <span class='ocrx_word' id='word_1_325' title='bbox 2347 3487 2522 3534; x_wconf 79' lang='lat' dir='ltr'><strong>natu-</strong></span> 
     </span>
     <span class='ocr_line' id='line_1_37' title="bbox 512 3561 2520 3642; baseline 0.003 -24"><span class='ocrx_word' id='word_1_326' title='bbox 512 3580 661 3627; x_wconf 78' lang='lat' dir='ltr'><strong>ram:</strong></span> <span class='ocrx_word' id='word_1_327' title='bbox 692 3563 825 3619; x_wconf 82' lang='lat' dir='ltr'><strong>dicit</strong></span> <span class='ocrx_word' id='word_1_328' title='bbox 859 3565 1001 3618; x_wconf 74' lang='lat' dir='ltr'><strong>enim</strong></span> <span class='ocrx_word' id='word_1_329' title='bbox 1036 3561 1325 3618; x_wconf 83' lang='lat' dir='ltr'><strong>humanam</strong></span> <span class='ocrx_word' id='word_1_330' title='bbox 1356 3573 1608 3620; x_wconf 83' lang='lat' dir='ltr'><strong>naturam</strong></span> <span class='ocrx_word' id='word_1_331' title='bbox 1637 3568 1776 3621; x_wconf 85' lang='lat' dir='ltr'><strong>sumi</strong></span> <span class='ocrx_word' id='word_1_332' title='bbox 1811 3567 2205 3638; x_wconf 56' lang='lat' dir='ltr'><strong>multiplicat-r,</strong></span> <span class='ocrx_word' id='word_1_333' title='bbox 2239 3569 2304 3623; x_wconf 77' lang='lat' dir='ltr'><strong>id=</strong></span> <span class='ocrx_word' id='word_1_334' title='bbox 2327 3577 2381 3625; x_wconf 83' lang='lat' dir='ltr'><strong>st</strong></span> <span class='ocrx_word' id='word_1_335' title='bbox 2417 3585 2520 3642; x_wconf 81' lang='lat' dir='ltr'><strong>pro</strong></span> 
     </span>
     <span class='ocr_line' id='line_1_38' title="bbox 509 3653 2516 3725; baseline 0.002 -18"><span class='ocrx_word' id='word_1_336' title='bbox 509 3655 751 3725; x_wconf 54' lang='lat' dir='ltr'><strong>panttbus</strong></span> <span class='ocrx_word' id='word_1_337' title='bbox 777 3654 913 3724; x_wconf 69' lang='lat' dir='ltr'><strong>«jus,</strong></span> <span class='ocrx_word' id='word_1_338' title='bbox 952 3653 1157 3707; x_wconf 65' lang='lat' dir='ltr'><strong>seilicet</strong></span> <span class='ocrx_word' id='word_1_339' title='bbox 1182 3657 1361 3709; x_wconf 87' lang='lat' dir='ltr'><strong>anima</strong></span> <span class='ocrx_word' id='word_1_340' title='bbox 1392 3665 1446 3708; x_wconf 88' lang='lat' dir='ltr'><strong>et</strong></span> <span class='ocrx_word' id='word_1_341' title='bbox 1475 3670 1734 3724; x_wconf 79' lang='lat' dir='ltr'><strong>corpore;</strong></span> <span class='ocrx_word' id='word_1_342' title='bbox 1765 3671 1888 3710; x_wconf 76' lang='lat' dir='ltr'><strong>cum</strong></span> <span class='ocrx_word' id='word_1_343' title='bbox 1915 3657 2183 3724; x_wconf 68' lang='lat' dir='ltr'><strong>dicamus,</strong></span> <span class='ocrx_word' id='word_1_344' title='bbox 2218 3656 2516 3713; x_wconf 81' lang='lat' dir='ltr'><strong>humanam</strong></span> 
     </span>
     <span class='ocr_line' id='line_1_39' title="bbox 508 3741 2518 3815; baseline 0.003 -21"><span class='ocrx_word' id='word_1_345' title='bbox 508 3748 759 3797; x_wconf 75' lang='lat' dir='ltr'><strong>naturam</strong></span> <span class='ocrx_word' id='word_1_346' title='bbox 804 3753 1137 3812; x_wconf 66' lang='lat' dir='ltr'><strong>assumptam</strong></span> <span class='ocrx_word' id='word_1_347' title='bbox 1167 3759 1194 3797; x_wconf 89' lang='lat' dir='ltr'><strong>a</strong></span> <span class='ocrx_word' id='word_1_348' title='bbox 1238 3741 1412 3798; x_wconf 85' lang='lat' dir='ltr'><strong>Verbo</strong></span> <span class='ocrx_word' id='word_1_349' title='bbox 1460 3759 1476 3798; x_wconf 77' lang='lat' dir='ltr'><strong><em>z</em></strong></span> <span class='ocrx_word' id='word_1_350' title='bbox 1511 3743 1652 3798; x_wconf 77' lang='lat' dir='ltr'><strong>unde.</strong></span> <span class='ocrx_word' id='word_1_351' title='bbox 1695 3753 1844 3814; x_wconf 72' lang='lat' dir='ltr'><strong>patet</strong></span> <span class='ocrx_word' id='word_1_352' title='bbox 1888 3745 2033 3815; x_wconf 79' lang='lat' dir='ltr'><strong>quod</strong></span> <span class='ocrx_word' id='word_1_353' title='bbox 2065 3761 2164 3801; x_wconf 88' lang='lat' dir='ltr'><strong>nec</strong></span> <span class='ocrx_word' id='word_1_354' title='bbox 2207 3761 2334 3800; x_wconf 73' lang='lat' dir='ltr'><strong>vere</strong></span> <span class='ocrx_word' id='word_1_355' title='bbox 2377 3747 2518 3800; x_wconf 86' lang='lat' dir='ltr'><strong>dicit</strong></span> 
     </span>
     <span class='ocr_line' id='line_1_40' title="bbox 508 3821 2516 3900; baseline 0.006 -22"><span class='ocrx_word' id='word_1_356' title='bbox 508 3827 585 3880; x_wconf 72' lang='lat' dir='ltr'><strong>(lh</strong></span> <span class='ocrx_word' id='word_1_357' title='bbox 620 3833 661 3882; x_wconf 86' lang='lat' dir='ltr'><strong>is</strong></span> <span class='ocrx_word' id='word_1_358' title='bbox 690 3847 778 3883; x_wconf 90' lang='lat' dir='ltr'><strong>um</strong></span> <span class='ocrx_word' id='word_1_359' title='bbox 826 3847 944 3882; x_wconf 72' lang='lat' dir='ltr'><strong>osse</strong></span> <span class='ocrx_word' id='word_1_360' title='bbox 992 3831 1280 3885; x_wconf 66' lang='lat' dir='ltr'><strong>homiui-m.</strong></span> <span class='ocrx_word' id='word_1_361' title='bbox 1326 3849 1356 3884; x_wconf 86' lang='lat' dir='ltr'><strong>n</strong></span> <span class='ocrx_word' id='word_1_362' title='bbox 1382 3849 1424 3884; x_wconf 70' lang='grc' dir='ltr'><strong>-ιτ</strong></span> <span class='ocrx_word' id='word_1_363' title='bbox 1473 3847 1502 3883; x_wconf 91' lang='lat' dir='ltr'>v</span> <span class='ocrx_word' id='word_1_364' title='bbox 1541 3835 1768 3900; x_wconf 75' lang='lat' dir='ltr'><strong>reponit</strong></span> <span class='ocrx_word' id='word_1_365' title='bbox 1825 3832 2114 3887; x_wconf 80' lang='lat' dir='ltr'><strong>humanam</strong></span> <span class='ocrx_word' id='word_1_366' title='bbox 2157 3841 2407 3890; x_wconf 78' lang='lat' dir='ltr'><strong>naturam</strong></span> <span class='ocrx_word' id='word_1_367' title='bbox 2435 3821 2516 3892; x_wconf 44' lang='lat' dir='ltr'><strong>‘in</strong></span> 
     </span>
     <span class='ocr_line' id='line_1_41' title="bbox 508 3913 2112 3992; baseline 0.006 -26"><span class='ocrx_word' id='word_1_368' title='bbox 508 3913 717 3966; x_wconf 62' lang='lat' dir='ltr'><strong>Christo</strong></span> <span class='ocrx_word' id='word_1_369' title='bbox 750 3931 765 3967; x_wconf 76' lang='lat' dir='ltr'><strong><em>z</em></strong></span> <span class='ocrx_word' id='word_1_370' title='bbox 797 3925 851 3969; x_wconf 86' lang='lat' dir='ltr'><strong>et</strong></span> <span class='ocrx_word' id='word_1_371' title='bbox 882 3916 1003 3970; x_wconf 62' lang='lat' dir='ltr'><strong>ideo</strong></span> <span class='ocrx_word' id='word_1_372' title='bbox 1032 3923 1117 3971; x_wconf 83' lang='lat' dir='ltr'><strong>est</strong></span> <span class='ocrx_word' id='word_1_373' title='bbox 1148 3927 1423 3992; x_wconf 82' lang='lat' dir='ltr'><strong>tamquam</strong></span> <span class='ocrx_word' id='word_1_374' title='bbox 1450 3916 1562 3974; x_wconf 68' lang='lat' dir='ltr'><strong>haea·</strong></span> <span class='ocrx_word' id='word_1_375' title='bbox 1600 3925 1706 3974; x_wconf 71' lang='lat' dir='ltr'><strong>tica</strong></span> <span class='ocrx_word' id='word_1_376' title='bbox 1731 3921 2112 3976; x_wconf 82' lang='lat' dir='ltr'><strong>condemnata.</strong></span> 
     </span>
    </p>
   </div>
   <div class='ocr_carea' id='block_1_3' title="bbox 2749 699 2752 1368">
    <p class='ocr_par' dir='ltr' id='par_1_4' title="bbox 2749 699 2752 1368">
     <span class='ocr_line' id='line_1_42' title="bbox 2749 699 2752 1368; baseline 0 0"><span class='ocrx_word' id='word_1_377' title='bbox 2749 699 2752 1368; x_wconf 95' lang='lat' dir='ltr'><strong> </strong></span> 
     </span>
    </p>
   </div>
   <div class='ocr_carea' id='block_1_4' title="bbox 2749 2341 2753 4412">
    <p class='ocr_par' dir='ltr' id='par_1_5' title="bbox 2749 2341 2753 4412">
     <span class='ocr_line' id='line_1_43' title="bbox 2749 2341 2753 4412; baseline 0 0"><span class='ocrx_word' id='word_1_378' title='bbox 2749 2341 2753 4412; x_wconf 95' lang='lat' dir='ltr'><strong> </strong></span> 
     </span>
    </p>
   </div>
  </div>
 </body>
</html>
