2800 4492
699 372 789 427 χι.
821 388 902 403 -
927 374 994 418 m
1035 374 1306 419 nona-um
1345 374 1425 419 nn
1468 372 1793 421 ‘ramnum
2168 348 2279 424 35*-

242 485 443 542 transit
480 485 537 542 in
577 492 830 544 naturam
873 488 1116 559 alteriue,
1150 506 1256 545 non
1296 494 1584 563 reputatur
1610 490 1850 560 mistum,
1894 490 1987 548 sed
2030 478 2247 566 'quando

243 580 536 649 utrumque
560 593 592 633 a
611 592 710 634 sua
739 584 936 635 natura
960 577 1246 636 alteratur.
1265 579 1420 637 Unde
1445 579 1521 635 illi
1548 578 1641 653 qui
1656 581 1889 637 utuntur
1913 567 2280 653 philosophi-³·

239 663 323 720 cis
358 666 700 723 documentis
731 668 788 723 in
825 684 980 724 sacra
1018 670 1300 741 Scriptura
1333 669 1675 747 redigendo
1660 686 1714 725 m
1745 670 2066 742 obsequium
2100 664 2245 779 fidei,

239 768 353 808 non
377 754 606 811 miscent
634 770 832 827 aquam
861 756 1006 823 vino,
1035 756 1129 812 sed
1157 764 1484 814 convertunt
1514 772 1713 833 aquam
1744 758 1797 812 in
1829 758 2037 815 vinum.

311 841 396 898 Ad
423 849 636 899 sextu'm
665 842 974 911 dicendum,
1006 844 1152 917 quod
1173 844 1541 918 Hieronymus
1569 844 1810 919 loquitur
1837 846 1907 903 de
1940 844 2047 901 illis
2075 844 2249 901 ratio-

239 929 404 987 nibus
426 946 549 1003 quae
568 932 638 987 ab
663 930 940 989 haereticis
961 939 1088 989 sunt
1114 933 1370 1002 iuventae,
1397 934 1766 991 accommodae
1790 933 1903 990 suis
1927 921 2201 989 erroribus
2229 950 2242 988 ε

240 1018 628 1091 pbilosophicae
655 1026 838 1077 autem
865 1020 1132 1077 doctrinae
1159 1037 1266 1078 non
1305 1027 1436 1079 sunt
1464 1022 1624 1093 taleS,
1666 1023 1833 1079 immo
1870 1015 2045 1079 solum
2073 1022 2127 1078 in
2157 1038 2249 1077 er-

241 1122 422 1162 rorem
447 1106 674 1176 ducunt,
701 1116 756 1165 et
781 1108 904 1165 ideo
933 1126 1040 1166 non
1068 1116 1195 1165 sunt
1222 1117 1447 1184 propter
1474 1109 1577 1168 hoc
1606 1111 1867 1169 vitandae.

273 1198 276 1203 '
311 1196 395 1251 Ad
437 1197 728 1268 septimum
769 1197 1080 1265 dicendum,
1121 1198 1267 1271 quod
1313 1199 1561 1257 scientiae
1590 1214 1713 1273 quae
1757 1198 1959 1257 habent
2003 1198 2247 1256 ordinem

242 1284 313 1341 ad
345 1284 600 1356 invicem,
639 1285 745 1343 hoc
773 1288 934 1343 modo
961 1304 1022 1344 se
1058 1287 1280 1356 habent,
1313 1289 1461 1361 quod
1500 1304 1607 1346 una
1650 1292 1829 1360 potest
1860 1289 1937 1343 uti
1970 1287 2247 1361 principiis

242 1372 488 1441 alterius,
520 1374 662 1429 sicut
691 1374 936 1455 scientiae
959 1375 1288 1448 posteriores
1315 1374 1601 1449 principiis
1626 1376 1869 1449 priorum
1896 1376 2247 1432 scientiarum

242 1462 360 1517 sive
394 1461 504 1531 sint
539 1462 867 1535 superioreS,
901 1462 1016 1519 sive
1045 1462 1330 1519 inferiores
1360 1480 1374 1519 ε
1415 1463 1559 1519 unde
1588 1464 1963 1537 metaphysica
2002 1478 2125 1536 quae
2162 1470 2247 1519 est

242 1551 495 1607 omnibus
529 1551 795 1623 superior,
831 1550 1004 1607 utitur
1038 1550 1125 1607 his
1151 1566 1276 1625 quae
1299 1551 1374 1608 in
1403 1551 1528 1608 aliis
1554 1552 1802 1608 scientiis
1838 1556 1965 1607 sunt
1994 1550 2243 1623 probata.

242 1639 309 1696 Et
338 1640 587 1696 similiter
629 1639 900 1719 theologia
941 1655 1067 1717 cum
1094 1640 1284 1697 omnes
1325 1640 1449 1698 aliae
1486 1640 1731 1697 scientiae
1759 1639 1867 1695 sint
1897 1639 1946 1695 ei
1976 1638 2131 1713 quasi
2160 1638 2249 1695 fa-

241 1727 513 1785 mulantes
541 1734 597 1785 et
631 1728 982 1800 praeambulae
1010 1730 1065 1785 in
1095 1728 1184 1787 via
1213 1730 1599 1801 generationis,
1630 1729 1881 1807 quamvis
1916 1728 2026 1785 sint
2063 1726 2245 1800 digni·

243 1823 358 1873 tate
382 1818 726 1889 posteriores,
755 1823 935 1891 potest
965 1818 1044 1874 uti
1072 1817 1355 1891 principiis
1389 1816 1631 1895 omnium
1662 1817 1913 1874 aliarum.

314 1906 397 1961 Ad
421 1912 673 1963 octavum
701 1906 1012 1982 dicendum,
1039 1906 1187 1980 quod
1224 1906 1279 1963 in
1309 1915 1577 1981 quantum
1604 1922 1761 1963 sacra
1786 1904 2033 1962 doctrina
2073 1904 2246 1959 utitur

238 1994 486 2067 physicis
525 1996 866 2053 documentis
893 2003 1114 2069 propter
1157 2013 1238 2065 se,
1267 2012 1376 2053 non
1406 1997 1602 2069 recipit
1642 2012 1707 2051 ea
1743 2000 1965 2069 propter
1994 1992 2247 2050 'auctori-

239 2089 414 2140 tatem
441 2083 758 2152 dicentium,
787 2083 882 2141 sed
909 2092 1130 2158 propter
1152 2085 1422 2142 rationem
1443 2086 1750 2152 doctorum,
1778 2083 1921 2139 unde
1940 2081 2077 2138 bene
2097 2081 2272 2159 dicta·

238 2171 457 2244 recipit,
499 2178 554 2229 et
591 2172 698 2229 alia
746 2174 953 2245 respuit
1000 2189 1014 2227 :
1063 2174 1158 2231 sed
1197 2173 1417 2247 quando
1456 2172 1631 2231 utitur
1658 2172 1739 2229 eis
1774 2177 1995 2245 propter
2037 2169 2248 2243 aliquos

241 2276 456 2317 errores
497 2260 838 2330 refellendoS,
885 2261 1057 2319 utitur
1094 2263 1173 2318 eis
1219 2263 1274 2317 in
1314 2268 1581 2335 quantum
1611 2268 1737 2318 sunt
1778 2259 1833 2317 in
1862 2257 2248 2315 auctoritatem

240 2346 366 2405 aliis
393 2362 520 2423 quae
547 2347 885 2417 refelluntur,
925 2348 1056 2422 quia
1087 2348 1460 2455 testimonium
1503 2347 1800 2407 adversarii
1839 2344 2113 2405 efficacius
2140 2350 2244 2401 est.

939 2526 1104 2587 AR'l
1106 2514 1397 2587 IGULUS
1440 2524 1551 2590 IV.

399 2659 516 2723 Isto
516 2675 618 2723 um
644 2655 854 2723 divina
875 2656 1002 2721 sint
1029 2656 1284 2721 velanda
1309 2656 1481 2721 novis
1508 2658 1565 2721 et
1592 2652 1860 2731 obscuris
1884 2647 2097 2720 verbu.

311 2792 399 2848 Ad
428 2799 684 2863 quartum
712 2792 791 2847 sic
820 2791 1151 2864 proceditur.
1185 2792 1236 2847 t.
1265 2789 1495 2849 Videtur
1523 2789 1669 2863 quod
1706 2764 1892 2847 divina
1928 2788 1983 2843 in
2018 2786 2247 2844 scientia

237 2880 370 2942 fidei
419 2896 526 2937 non
576 2878 686 2947 sint
733 2880 1067 2937 obscuritate
1116 2879 1409 2953 verborum
1441 2878 1706 2946 -velanda,
1760 2878 1889 2951 quia
1941 2884 2002 2932 ut
2046 2875 2247 2931 dicitur

199 3008 203 3010 -
239 2971 554 3025 Prov.x1v
595 2984 610 3025 ε
655 2969 919 3025 Doctrina
945 2966 1279 3042 prudentum
1319 2966 1518 3043 facilis.
1565 2967 1706 3038 Ergo
1749 2967 1867 3023 sine
1914 2964 2247 3022 obscuritate

239 3057 534 3115 verborum
560 3059 785 3129 proponi
815 3057 996 3113 debet.

313 3150 368 3205 2.
400 3146 556 3213 Item,
587 3141 1198 3205 Ecclesiast.1v:Non
1223 3124 1507 3201 abscondas
1532 3143 1851 3217 sapientiam
1879 3149 2028 3201 tuam
2064 3140 2123 3197 iu
2149 3141 2247 3197 de-

239 3252 362 3292 core
397 3250 512 3301 suo,
561 3242 616 3291 et
663 3234 918 3293 Proverb.
967 3251 1010 3291 11
1053 3234 1210 3301 :Qui
1237 3233 1506 3291 abscondit
1532 3233 1827 3305 frumenta,
1870 3231 1945 3304 gl.
1978 3230 2250 3303 praedica-

241 3323 428 3392 tionis,
459 3323 807 3383 maledicetur
849 3324 910 3381 in
949 3324 1194 3397 populi-⁴13
1241 3340 1369 3397 ergo
1406 3323 1574 3381 verba
1620 3337 1793 3380 sacrae
1833 3321 2097 3377 doctrinae
2144 3336 2247 3375 non

237 3420 369 3469 sunt
409 3411 661 3469 velanda.

312 3504 369 3557 3.
396 3502 550 3567 Item,
586 3500 776 3557 Matth.
805 3516 845 3556 x
875 3516 890 3556 t
922 3498 1069 3566 Quod
1099 3498 1212 3557 dico
1238 3498 1383 3555 vobis
1411 3498 1743 3565 intenebris,
1774 3498 1845 3570 gl.
1878 3498 1933 3553 in
1964 3496 2246 3572 mysteriO,

236 3590 402 3646 dicite
430 3588 492 3644 in
533 3588 751 3655 lumine,
783 3589 892 3661 glo.
925 3595 1142 3662 aperte;
1174 3604 1304 3661 ergo
1329 3588 1561 3645 obscura
1595 3587 1723 3643 fidei
1748 3593 1873 3643 sunt
1903 3587 2077 3657 magis
2105 3584 2249 3639 refe-

238 3679 432 3745 renda,
463 3691 628 3751 quam
657 3678 982 3743 occultanda
1009 3676 1329 3735 difficultate
1351 3666 1663 3735 verborum.

312 3770 366 3822 4.
397 3769 556 3835 ltem,
591 3768 845 3824 doctores
885 3768 1008 3824 fidei
1047 3774 1174 3824 sunt
1209 3766 1549 3839 sapientibus
1577 3774 1632 3821 et
1674 3764 2056 3838 insipientibus
2093 3760 2251 3817 debi-

237 3862 412 3916 tores,
452 3860 512 3907 ut
555 3858 706 3924 patet
734 3854 893 3910 Rom.
945 3870 1002 3923 ις
1045 3868 1173 3925 ergo
1213 3853 1288 3909 ita
1315 3853 1515 3909 debent
1554 3852 1723 3926 loqui,
1765 3858 1826 3905 ut
1869 3867 1900 3905 a
1948 3846 2158 3919 magnis
2194 3854 2264 3925 et]

231 3943 426 4019 parvis
455 3942 847 4015 intelligantur,
879 3943 934 3999 id
961 3950 1062 4013 cst,
1091 3944 1208 4000 sine
1236 3932 1569 4000 obscuritate
1598 3942 1906 3997 verborum.
