2800 4492
557 296 681 359 568
926 358 938 369 ,
1038 286 1100 359 εξ
1135 310 1368 379 mount
1410 310 1742 363 inomaus
1782 308 2101 357 opuscum

1230 536 1627 616 QUAESTIO
1694 535 1909 605 XVII.

635 698 843 755 Deinde
869 696 1101 773 quaesita
1126 703 1253 753 sunt
1277 696 1345 753 de
1375 696 1569 753 officiis
1592 702 1829 769 quatuor
1855 712 1870 750 ε
1909 696 1972 750 10
1996 693 2067 751 do
2089 694 2270 751 officio
2291 694 2547 767 exposito-

565 802 686 843 rum
716 802 887 843 sacrae
925 787 1255 858 Scripturas,
1288 790 1350 843 2⁰
1391 785 1461 842 de
1490 784 1669 841 officio
1698 784 2121 858 praedicatorum
2149 800 2165 852 ;
2210 786 2272 838 3⁰
2298 782 2366 839 do
2391 782 2547 839 officio

565 875 966 943 consessorum
993 876 1055 931 4⁰
1081 874 1150 931 do
1173 872 1352 931 officio
1382 873 1734 931 vicariorum.

1199 1050 1656 1112 ARTIGULUS
1698 1050 1931 1113 XXVI.

777 1184 995 1249 Utrum
1023 1184 1223 1247 omnia
1249 1201 1380 1265 quoe
1406 1184 1674 1247 doctores
1696 1184 1894 1246 sancti
1918 1184 2229 1261 dixerunt,
2254 1184 2378 1247 sint
2458 1210 2463 1217 ·

1279 1290 1320 1335 a
1345 1272 1595 1351 Spiritu
1626 1276 1858 1335 sancto.

638 1407 721 1463 Ad
761 1406 996 1479 primum
1041 1405 1332 1477 quaesitum
1379 1410 1483 1471 est,
1519 1410 1698 1460 utrum
1728 1405 1911 1461 omnia
1940 1420 2065 1476 quae
2105 1405 2358 1461 doctores
2398 1404 2551 1461 sancti

567 1494 841 1559 dixerunt,
875 1494 982 1550 sint
1007 1509 1039 1548 a
1063 1494 1268 1567 Spiritu
1297 1500 1522 1561 sancto;
1553 1500 1609 1548 et
1638 1492 1853 1549 videtur
1882 1493 2026 1566 quod
2056 1508 2185 1549 non.
2214 1494 2355 1563 Quia
2381 1494 2433 1549 in
2456 1493 2554 1549 suis

567 1582 732 1641 dictis
777 1591 903 1638 sunt
947 1581 1131 1654 aliqua
1176 1581 1331 1648 falsa,
1379 1597 1505 1637 nam
1546 1582 1604 1637 in
1631 1581 1745 1637 suis
1771 1580 2208 1653 expositionibus
2250 1582 2556 1655 quandoque

568 1671 869 1726 dissonant.
897 1672 1014 1727 Non
1047 1677 1224 1743 potest
1247 1678 1432 1725 autem
1458 1684 1578 1726 esse
1607 1685 1794 1726 verum
1820 1670 1965 1742 quod
1990 1669 2257 1725 dissimile
2285 1669 2367 1726 vel
2396 1670 2558 1727 disso-

569 1775 696 1815 num
723 1765 806 1815 est
837 1777 850 1813 τ
880 1762 1010 1833 quia
1037 1766 1266 1832 utraque
1296 1774 1425 1832 pars
1452 1758 1904 1840 contradictionis
1931 1773 2037 1814 non
2071 1765 2253 1831 potest
2278 1776 2399 1816 esse
2424 1775 2561 1815 veta.

640 1850 861 1914 Contra,
909 1848 980 1905 ad
1027 1847 1275 1904 eumdem
1325 1849 1563 1919 pertinet
1606 1848 1784 1904 facere
1831 1846 2037 1919 aliquid
2084 1860 2308 1921 propter
2336 1849 2491 1903 finem
2515 1854 2561 1903 et

459 1996 474 2015 Ι
569 1935 866 2008 perducere
896 1935 968 1990 ad
1000 1934 1151 1989 illum
1178 1937 1359 1990 finem.
1391 1937 1497 1991 Sed
1525 1935 1647 1991 finis
1672 1936 1989 2007 Scripturoe,
2021 1951 2148 2008 quae
2187 1942 2274 1991 est
2308 1953 2339 1992 a
2378 1937 2561 2010 Spiritu

569 2029 895 2090 sancto„ost
925 2022 1162 2080 eruditio
1198 2022 1479 2079 hominum
1512 2041 1526 2078 ε
1558 2024 1677 2081 baec
1722 2033 1907 2082 autem
1935 2023 2172 2082 eruditio
2206 2024 2483 2081 hominum
2507 2041 2563 2081 ex

569 2115 864 2187 Scripturis
887 2129 993 2170 non
1038 2121 1217 2187 potest
1241 2129 1362 2169 esso
1391 2114 1495 2169 nisi
1521 2129 1618 2186 per
1658 2114 2025 2187 expositiones
2062 2114 2409 2171 Sanctorum.
2440 2114 2565 2185 Ergo

571 2204 938 2276 expositiones
966 2205 1287 2260 Sanctorum
1317 2208 1444 2258 sunt
1470 2218 1501 2258 a
1529 2202 1735 2274 Spiritu
1766 2211 1979 2259 sancto.

641 2292 961 2365 Respondoo
1001 2292 1312 2361 dicendum,
1357 2290 1505 2364 quod
1548 2290 1619 2347 ab
1663 2291 1854 2347 eodem
1890 2291 2095 2363 Spiritu
2126 2292 2417 2363 scripturae
2455 2298 2568 2348 sunt

572 2382 835 2453 expositae
872 2387 927 2435 et
957 2380 1150 2448 editae3
1179 2380 1322 2437 unde
1349 2378 1554 2455 dicitur
1576 2380 1601 2435 1
1623 2379 1692 2437 ad
1723 2380 1847 2436 Cor.
1876 2395 1961 2445 xl,
1989 2381 2057 2435 44
2086 2397 2099 2433 ε
2133 2380 2405 2438 Animalia
2437 2383 2568 2437 homo

573 2486 680 2525 vion
701 2470 933 2541 percipit
961 2485 1023 2524 ea
1048 2456 1165 2541 quae
1204 2467 1308 2525 Dei
1333 2475 1491 2535 sunu
1519 2467 1828 2541 spiritualis
1854 2475 2029 2524 autem
2054 2468 2271 2541 judicat
2295 2470 2494 2536 omnia,
2523 2476 2570 2526 et

575 2560 850 2631 praecipue
895 2566 1161 2630 quantum
1209 2557 1275 2613 ad
1307 2572 1371 2612 ea
1411 2572 1537 2629 quae
1565 2562 1691 2613 sunt
1738 2555 1883 2622 fidei,
1917 2572 2047 2630 quia
2086 2557 2224 2614 fides
2260 2566 2346 2613 est
2385 2559 2571 2614 donum

571 2647 704 2715 Dei;
748 2653 804 2702 et
831 2645 952 2702 ideo
998 2646 1376 2717 interpretatio
1407 2660 1718 2702 sermonum
1761 2654 2081 2703 numeratur
2122 2646 2264 2703 inter
2308 2646 2417 2703 ulia
2444 2648 2571 2703 dona

573 2735 808 2807 Spiritus
835 2735 1032 2799 sancti,
1061 2735 1084 2789 1
1112 2734 1180 2791 ad
1210 2735 1334 2791 Cor.
1362 2749 1471 2790 xn.

646 2823 729 2877 Ad
768 2823 1003 2894 primum
1038 2837 1167 2893 ergo
1196 2822 1507 2888 dicendum,
1550 2820 1695 2894 quod
1727 2822 1921 2894 gratiae
1946 2822 2119 2893 gratis
2143 2821 2290 2880 dalae
2321 2840 2430 2881 non
2460 2831 2573 2880 sunt

571 2910 814 2978 habituS,
845 2909 942 2965 sed
971 2917 1098 2964 sunt
1134 2910 1358 2982 quidam
1390 2919 1570 2966 motus
1598 2926 1630 2967 a
1658 2910 1863 2981 Spiritu
1893 2918 2085 2967 sancto
2118 2928 2131 2965 2
2165 2910 2304 2967 alias
2334 2912 2379 2966 si
2405 2920 2574 2968 essent

574 2998 812 3065 habitu3‚
851 2998 1119 3072 Propheta
1142 2998 1362 3071 quando
1393 2996 1559 3053 vellet
1590 3014 1684 3069 per
1709 2999 1910 3068 donum
1952 2997 2253 3071 prophetiae
2292 3000 2578 3056 revelatio-

576 3103 699 3145 nem
729 3087 972 3153 haberet,
1006 3087 1150 3161 quod
1178 3083 1375 3143 falsum
1401 3092 1504 3142 est.
1534 3087 1603 3143 Et
1626 3086 1751 3143 ideo
1774 3087 1843 3142 de
1866 3086 2141 3159 aliquibus
2166 3088 2398 3144 occultis
2427 3104 2577 3143 reve-

576 3176 754 3233 landis
793 3178 1086 3250 allquando
1133 3177 1371 3248 tangitur
1420 3192 1573 3232 mens
1609 3193 1639 3232 a
1684 3177 1887 3248 Spiritu
1933 3182 2143 3241 sancte,
2188 3184 2247 3231 et
2292 3175 2579 3250 aliquando

576 3281 702 3329 non,
726 3265 821 3321 sed
836 3266 1020 3338 aliqua
1041 3266 1120 3321 eis
1137 3267 1516 3333 occuitantur;
1540 3264 1682 3320 unde
1698 3264 1837 3320 dixit
1859 3263 2108 3331 ElisaeuS,
2131 3264 2197 3320 lv
2214 3264 2350 3335 Reg.
2378 3282 2455 3333 iv,
2481 3267 2577 3322 27:

575 3354 652 3409 Et
693 3352 954 3407 Dominus
1000 3353 1186 3409 celavit
1224 3370 1259 3407 a
1293 3370 1394 3409 me.
1430 3352 1736 3425 Aliquando
1789 3354 1955 3408 etiam
1998 3353 2184 3425 aliqua
2232 3351 2423 3409 dicunt
2453 3370 2484 3409 a
2530 3370 2579 3408 so

577 3442 744 3514 ipsis;
771 3442 913 3496 sicut
939 3447 1090 3513 patet
1117 3442 1184 3496 de
1212 3441 1450 3509 Nathan,
1484 3442 1575 3515 qui
1607 3440 1879 3497 consuluit
1912 3440 2088 3497 David
2116 3442 2261 3515 quod
2289 3442 2581 3497 aedilicaret

578 3529 858 3602 templum,
892 3538 1077 3601 postea
1109 3533 1290 3586 autem
1333 3546 1361 3584 a
1395 3531 1625 3586 Domino
1657 3530 2015 3602 reprehensus
2044 3536 2098 3585 et
2124 3530 2279 3602 quasi
2320 3536 2584 3587 retractus

577 3616 853 3688 probibuit
876 3614 978 3671 hoc
1007 3616 1110 3688 ipsi
1142 3615 1316 3672 David
1345 3633 1409 3671 ex
1446 3624 1601 3688 parto
1638 3616 1757 3670 Dei.
1798 3616 1913 3671 Hoc
1940 3622 2121 3671 tamen
2155 3615 2452 3671 tenendum
2486 3624 2582 3681 est,

577 3705 722 3777 quod
761 3703 1026 3777 quidquid
1075 3706 1130 3759 in
1172 3697 1641 3775 sacra-Scriptura
1670 3704 2000 3773 continetur,
2047 3720 2236 3760 verum
2283 3713 2405 3772 est;
2459 3706 2588 3763 alias

579 3793 673 3866 qui
719 3798 909 3849 contra
956 3792 1060 3848 hoc
1100 3792 1346 3858 sentiret,
1391 3801 1537 3848 esset
1569 3792 1875 3849 haereticuS.
1918 3792 2267 3863 Expositores
2308 3800 2501 3850 autem
2540 3795 2591 3851 in

581 3879 705 3937 aliis
728 3897 853 3954 quae
881 3896 985 3937 non
1015 3889 1144 3938 suut
1168 3879 1312 3947 fidei,
1349 3880 1520 3937 multa
1550 3896 1617 3936 ex
1644 3896 1741 3936 suo
1766 3897 1928 3937 sensu
1970 3880 2247 3947 dixerunt,
2286 3889 2345 3936 et
2388 3882 2516 3938 ideo
2542 3883 2593 3939 in
