2800 4492
737 338 852 387 xn.
882 353 964 372 --
988 341 1418 394 ouonmemnu
1457 344 1775 395 sup-numa
2132 331 2253 396 38³

939 549 1400 612 ARTIGULUS
1441 551 1555 614 VI.

439 679 663 764 Utrum
685 651 1052 744 immensitas
1068 681 1285 746 ‘divina
1311 683 1595 748 excludat
1608 655 2059 765 pluralitatem.

307 811 398 869 Ad
424 811 660 884 primum
689 813 770 869 sic
809 814 1140 887 proceditur.
1169 815 1222 871 l.
1253 816 1482 872 Videtur
1508 817 1651 890 quod
1690 819 2029 876 immensitas
2066 819 2252 878 divina

235 901 502 961 excludat
530 902 900 976 pluralitatem
933 919 1309 976 personarum.
1355 905 1529 961 Omne
1564 905 1711 961 enim
1738 906 2081 979 immensum,
2126 925 2252 964 cum

236 989 312 1046 sit
344 988 850 1058 indeterminatum,
883 996 994 1049 stat
1031 991 1088 1047 in
1114 1008 1242 1048 uno.
1281 991 1386 1049 Sed
1416 993 1682 1065 quidquid
1712 999 1796 1049 est
1822 994 1877 1048 in
1902 993 2120 1062 divinis,
2166 1003 2251 1051 est

239 1079 593 1136 immensum.
633 1081 766 1136 Cum
798 1096 927 1152 ergo
974 1096 1206 1154 persona
1247 1080 1402 1137 sitin
1431 1077 1649 1150 divinis,
1694 1081 1863 1138 stabit
1906 1082 1959 1138 in
2006 1097 2128 1151 uno,
2171 1083 2248 1140 ita

239 1168 392 1240 quod
417 1184 524 1224 non
548 1175 713 1225 erunt
736 1169 808 1225 ibi
837 1169 1016 1243 plures
1044 1185 1311 1242 persenae.

311 1261 370 1314 2.
397 1257 454 1312 Si
485 1257 717 1325 dicatur,
751 1258 897 1331 quod
925 1275 1168 1330 personae
1197 1259 1300 1316 hoc
1320 1259 1519 1315 modo
1506 1276 1559 1316 m
1583 1275 1693 1316 uno
1716 1264 1865 1316 stant
1889 1260 2035 1332 quod
2061 1277 2251 1316 omnes

239 1351 372 1400 sunt
412 1360 518 1400 una
579 1345 847 1414 essentia;
898 1353 1108 1403 contra
1147 1347 1299 1404 Sicut
1343 1347 1581 1403 essentia
1618 1355 1703 1404 est
1738 1347 2023 1414 immensa,
2076 1351 2150 1404 it‘a
2194 1355 2250 1404 et

239 1447 495 1506 persona.
523 1433 628 1490 Sed
658 1435 993 1491 immensitas
1016 1435 1270 1492 essentiae
1297 1435 1431 1492 facit
1452 1436 1599 1509 quod
1626 1436 1699 1492 sit
1729 1451 1834 1492 una
1859 1439 2094 1492 essentia
2122 1437 2249 1493 tan'-

242 1529 380 1578 tum.
406 1523 550 1596 Ergo
577 1524 912 1583 immensitas
934 1539 1178 1596 personae
1205 1524 1336 1588 facit
1357 1525 1513 1598 quod·
1529 1525 1601 1581 sit
1629 1541 1733 1581 una
1762 1540 1989 1597 persona
2012 1531 2245 1582 tantum.

312 1615 367 1667 3.
407 1613 462 1669 Si
495 1613 728 1680 dicatur,
770 1612 915 1686 quod
945 1628 1174 1685 persona
1203 1628 1308 1668 non
1333 1618 1419 1668 est
1454 1611 1717 1670 immensa
1750 1612 1851 1669 nisi
1882 1613 2247 1671 immensitate

241 1698 526 1770 essentiae;
577 1708 787 1758 contra.
831 1703 1066 1757 Persona
1123 1700 1423 1758 secundum
1460 1700 1798 1757 intellectum
1844 1701 1997 1758 addit
2040 1703 2247 1776 aliquid

239 1807 405 1865 supra
449 1790 760 1847 essentiam.
801 1790 905 1846 Sed
943 1789 1208 1863 quidquid
1238 1789 1559 1862 intelligitur
1588 1790 1643 1845 in
1671 1790 1891 1856 diviniS,
1925 1790 2247 1862 intelligitur

243 1891 302 1938 ut
331 1882 676 1937 immensum.
703 1879 843 1952 Ergo
863 1887 1062 1953 praeter
1089 1879 1513 1936 immensitatem
1538 1880 1789 1936 essentiae
1812 1880 1973 1936 estin
2002 1881 2269 1938 Deo-im-.

241 1972 504 2027 mensitas
547 1985 812 2043 personat,
846 1985 970 2042 quae
999 1968 1202 2024 faciet
1190 1985 1242 2024 ιιι
1273 1969 1473 2024 divinis
1503 1985 1667 2032 unam
1696 1975 1907 2026 tantum
1936 1986 2243 2042 personam.

307 2060 417 2116 Sed
445 2063 638 2116 contra
667 2065 750 2113 est
779 2058 924 2132 quod
951 2058 1151 2114 dicitur
1181 2059 1227 2113 ll
1255 2058 1411 2120 Joan.
1443 2075 1499 2128 v,
1524 2074 1609 2114 vn
1650 2058 1829 2116 .Tres
1866 2066 1993 2116 sunt
2019 2059 2111 2132 qui
2140 2066 2247 2115 tes-

240 2147 526 2204 timonium
553 2148 683 2203 dant
713 2148 772 2202 in
797 2148 937 2204 coelo.

307 2238 635 2310 Respondeo
677 2236 988 2306 dicendum,
1035 2235 1182 2309 quod
1224 2235 1565 2292 immensitas
1592 2249 1701 2305 non
1740 2235 1979 2292 excludit
2018 2236 2245 2310 plurali-

240 2332 429 2392 tatem,
469 2325 576 2382 nisi
604 2325 902 2381 secundum
933 2324 1078 2397 quod
1111 2324 1252 2380 tollit
1280 2325 1819 2391 determinationem,
1851 2341 1975 2397 quae
2009 2335 2090 2381 est
2120 2327 2246 2398 plu-

237 2416 478 2474 ralitatis
508 2413 832 2488 principium
871 2414 1126 2488 primum.
1157 2415 1309 2470 Sicut
1339 2419 1521 2469 autem
1561 2413 1767 2468 dictum
1806 2419 1889 2469 est
1930 2414 2097 2486 priuS‚
2136 2422 2243 2470 art.

235 2508 258 2562 1
292 2507 454 2579 hujus
491 2511 708 2578 quaest„
743 2503 812 2559 ad
842 2505 892 2570 l,
929 2503 1128 2576 duplex
1162 2509 1244 2558 est
1270 2502 1687 2570 determinatim
1714 2501 1923 2558 scilicet
1960 2501 2263 2558 limitatio-.

236 2596 320 2651 nis
349 2600 408 2650 et
436 2593 826 2650 distinctionis.
857 2592 916 2647 In
946 2592 1145 2648 divinis
1173 2604 1356 2648 autem
1382 2589 1529 2647 nullo
1554 2591 1715 2646 modo
1738 2591 1886 2648 cadit
1910 2592 2245 2646 determina-

202 2729 211 2736 .
237 2685 314 2742 tio
355 2681 732 2752 limitationis;
758 2681 908 2738 cadit
935 2690 1116 2737 autem
1145 2680 1218 2736 ibi
1249 2680 1631 2736 determinatio
1658 2679 2023 2736 distinctionis
2064 2679 2247 2754 dupli-

237 2774 415 2828 citer:
458 2787 568 2828 uno
612 2772 774 2827 modo
815 2771 1112 2826 secundum
1147 2770 1290 2843 quod
1331 2757 1685 2840 distinguitur
1712 2786 1809 2842 per
1836 2771 2128 2825 essentiam
2176 2769 2247 2826 ab
2345 2803 2351 2808 -

238 2861 493 2917 omnibus
511 2861 711 2916 creatis
735 2847 930 2916 utnon
955 2859 1248 2916 limitatum
1276 2875 1308 2916 a
1335 2858 1601 2928 limitat03
1628 2857 1735 2914 alio
1760 2859 1921 2914 modo
1944 2859 2261 2915 secuudum

239 2952 384 3025 quod
410 2965 643 3024 persona
673 2948 1025 3021 distinguitur
1050 2965 1081 3005 a
1106 2963 1334 3022 persona
1361 2965 1455 3020 per
1483 2945 1797 3002 relationem
1822 2948 2047 3018 originis
2072 2964 2089 3004 ς
2120 2963 2244 3019 quae

234 3041 462 3114 quidem
497 3039 776 3096 distinctio
811 3055 916 3095 non
945 3046 1029 3094 est
1073 3043 1290 3111 propter
1329 3036 1567 3109 aliquam
1595 3035 1993 3100 limitationem,
2028 3035 2121 3089 sed
2151 3051 2245 3090 ra-

234 3133 382 3185 tione
413 3129 774 3202 oppositionis
796 3143 918 3200 quae
956 3135 1038 3183 est
1067 3127 1128 3182 in
1161 3125 1423 3182 relatione
1455 3123 1634 3180 :unde
1658 3122 1799 3176 hanc
1838 3123 2242 3178 distinctionem

232 3217 576 3274 immensitas
601 3217 786 3272 divina
831 3232 937 3272 non
975 3214 1234 3285 excludit,
1275 3219 1330 3270 et
1375 3229 1472 3284 per
1507 3226 1847 3284 consequens
1882 3227 1985 3267 nec
2011 3210 2242 3286 plurali-

231 3312 406 3363 tatem
437 3321 812 3380 personarum.

300 3397 372 3452 Et
403 3411 499 3468 per
527 3395 630 3450 hoc
655 3401 806 3466 patet
830 3394 1109 3468 responsio
1140 3392 1208 3450 ad
1231 3393 1485 3468 primum.

302 3484 386 3540 Ad
419 3485 718 3541 secundum
757 3483 1065 3549 dicendum,
1113 3482 1258 3556 quod
1298 3481 1549 3555 quamvis
1590 3498 1819 3557 persona
1849 3483 1921 3538 sit
1955 3482 2237 3546 immensa,

228 3577 420 3628 tamen
450 3573 789 3629 immensitas
815 3577 900 3628 est
925 3571 1232 3638 essentiale,
1279 3572 1423 3645 sicut
1455 3587 1686 3644 persona
1715 3577 1800 3626 est
1827 3570 1967 3625 bona
1998 3567 2253 3622 bonitate.

229 3661 543 3730 essentiali;
575 3661 718 3717 unde
745 3678 853 3718 non
891 3667 1104 3733 oportet
1139 3661 1282 3733 quod
1313 3659 1651 3716 immensitas
1680 3659 1845 3715 saciat
1871 3655 2241 3712 indistinctio-

226 3765 358 3806 nem
389 3751 442 3807 in
475 3751 740 3822 personiS,
767 3750 862 3808 sed
891 3748 1066 3807 solum
1094 3749 1148 3804 in
1178 3765 1296 3806 esse
1321 3757 1553 3805 naturae.
1912 3771 1919 3777 ·

302 3839 386 3898 Ad
421 3840 648 3897 tertium
676 3839 984 3910 dicendum,
1017 3839 1163 3912 quod
1186 3853 1417 3912 persona
1443 3851 1549 3892 non
1576 3835 1777 3891 dicitur
1806 3833 2022 3908 aliquid-
2040 3849 2254 3892 secun-2

230 3926 367 3992 dum
391 3927 733 3994 intellectum
762 3927 962 3990 addere
989 3943 1154 4004 supra
1177 3927 1490 3995 essentiam,
1523 3923 1680 4002 quasi
1710 3922 2019 3984 intellectus
2044 3922 2256 3984 debeat·-
