2800 4492
715 349 804 395 ιιι.
829 363 912 382 --
930 348 1004 396 ἰιι
1056 347 1325 396 nonnum
1365 347 1444 406 nn
1486 347 1813 402 'tmuium
2149 336 2275 396 117·

249 469 552 532 essentiam
580 480 742 524 nemo
756 465 822 522 in
843 468 992 524 statu
1021 463 1142 522 viae
1150 464 1336 524 videre
1360 469 1575 538 potest·
1606 480 1735 538 ergo
1759 480 1861 524 nec
1888 467 2007 539 ejus
2032 467 2265 526 sormam

250 563 548 637 inspicere.
909 601 914 604 <

331 656 386 708 3.
417 651 574 718 Item,
615 645 948 719 quicumque
988 641 1208 716 inspicit
1253 641 1485 701 formem
1524 642 1761 716 alicujus
1796 632 1897 712 rei,
1945 644 2154 718 aliquid
2197 647 2267 702 de

251 743 380 814 ipsa
401 755 466 796 re
491 733 820 808 cognoscit:
833 732 939 789 sed
964 733 1264 788 secundum
1291 732 1492 806 Diony.
1524 748 1545 790 1
1572 748 1625 790 c.
1656 734 1907 808 mysticae
1932 735 2262 808 Theologiae,

253 829 572 891 intellectus
591 821 1092 890 nostersecundum
1115 821 1262 895 quod
1277 821 1471 886 melius
1488 827 1671 895 potest
1694 823 1809 880 Deo
1826 823 2029 892 unitur,
2048 824 2267 897 quando

257 920 379 990 ejirs
401 913 538 972 nibil
565 909 1127 982 omninocognoscit3
1155 923 1288 980 ergo
1316 924 1427 974 non
1444 923 1733 980 possumus
1770 908 2023 968 divinam
2036 909 2285 968 formam.

257 1005 554 1078 inspicere.

331 1097 387 1150 4.
414 1095 576 1158 Item,
605 1090 750 1146 sicut
777 1087 986 1144 dictum
1015 1092 1118 1155 est,
1147 1086 1316 1152 totius
1338 1093 1543 1145 >nostrae
1573 1087 1901 1159 cognitionis
1942 1090 2285 1163 principium.

257 1191 348 1242 est
370 1199 404 1240 a
431 1195 598 1240 sensu
629 1197 643 1237 z
674 1178 770 1235 sed
800 1193 866 1235 ea
895 1192 1024 1250 quae
1042 1191 1140 1250 per
1164 1191 1383 1234 sensum
1401 1177 1799 1250 cognoscimuS,
1822 1193 1931 1234 non
1958 1184 2085 1235 su'nt
2113 1179 2272 1236 suffi-

257 1273 468 1332 cientia
513 1270 585 1326 ad
619 1267 1118 1332 demonstrandum
1155 1263 1387 1322 formam
1437 1266 1559 1332 Dei,
1595 1281 1697 1322 nec
1746 1267 1915 1323 etiam
1964 1267 2270 1340 aliquarum

259 1359 696 1418 substantiarum
724 1362 1132 1429 separatarum3
1157 1369 1288 1427 ergo
1325 1369 1433 1412 non
1474 1369 1765 1427 possumus
1813 1356 1990 1428 ipsam
2029 1355 2271 1414 divinam

255 1451 498 1515 formam
518 1446 810 1519 inspicere.

334 1541 388 1594 5.
427 1538 587 1602 Item,
630 1533 930 1590 secundum
976 1503 1380 1604 Philosophum,
1425 1547 1471 1590 ιι
1511 1533 1919 1606 Metaphysicae,
1962 1532 2273 1590 intellectus

258 1635 453 1685 noster
477 1641 540 1684 se
573 1623 737 1680 habet
761 1623 831 1678 ad
863 1637 1048 1678 rerum
1073 1621 1519 1679 manifestissima
1546 1621 1690 1680 sicut
1728 1622 1919 1680 oculus
1960 1628 2175 1680 noctuae
2204 1623 2273 1681 ad

261 1716 438 1774 solem
464 1731 478 1770 ι
511 1712 611 1771 sed
633 1710 824 1770 oculus
855 1716 1072 1768 noctuae
1099 1711 1246 1769 nullo
1273 1710 1437 1768 modo
1465 1717 1647 1785 potest
1694 1711 1883 1770 videre
1909 1711 2115 1784 solem3
2143 1728 2273 1784 ergo

261 1804 578 1863 intellectus
599 1809 786 1858 noster
813 1815 915 1856 nec
938 1800 1170 1866 formam
1193 1799 1459 1870 divinam,
1476 1816 1577 1860 nec
1600 1799 1737 1860 alias
1760 1799 1965 1864 formas
1992 1812 2276 1882 separatas

263 1910 393 1968 qnae
420 1898 550 1950 sunt
577 1897 792 1948 naturae
812 1888 1298 1946 manifestissimae.

289 2009 298 2018 ·
335 1983 448 2040 Sed
469 1986 663 2038 contra
682 1986 790 2047 est,
818 1979 964 2052 quod
991 1977 1213 2046 dicitur,
1238 1979 1397 2036 Rom.
1417 1994 1469 2036 ιε
1496 1978 1803 2038 Invisibilia
1828 1980 1931 2038 Dei
1958 1997 1993 2037 a
2020 1988 2275 2040 creatura

261 2071 457 2132 mundi
477 2087 576 2144 per
599 2085 664 2124 ea
701 2084 816 2142 quw
851 2067 1001 2139 facta
1025 2072 1153 2126 sunt
1195 2065 1461 2126 intellecta
1499 2067 1924 2141 conspiciuntur,
1952 2072 2285 2144 sempiterna

264 2176 469 2236 quoque
501 2160 615 2232 effus
657 2165 708 2214 et
757 2155 1018 2213 divinitas
1046 2173 1067 2213 .·
1095 2155 1228 2212 nihil
1273 2161 1458 2214 nutem
1507 2157 1657 2215 aliud
1708 2163 1793 2214 est
1845 2157 2021 2217 forma
2070 2160 2276 2228 divina,

266 2266 440 2326 quam
475 2249 596 2322 ipsa
619 2245 840 2314 Deitas3
863 2259 993 2316 ergo
1015 2243 1194 2316 ipsam
1221 2243 1455 2305 formam
1478 2245 1721 2306 divinam
1744 2261 2075 2319 cognoscere
2110 2248 2281 2305 intel-

264 2341 418 2400 lectu
443 2338 630 2410 aliquo
653 2334 816 2394 modo
841 2347 1150 2407 possumus.

338 2431 501 2497 ltem,
527 2427 704 2484 Gene.
729 2416 922 2491 xxxii,
949 2438 1112 2495 super
1131 2421 1302 2480 illud:
1331 2422 1461 2483 Vidi
1488 2423 1777 2482 Dominum
1802 2423 1942 2496 facie
1968 2425 2041 2481 ad
2065 2424 2276 2497 faciem,

269 2519 406 2576 dicit
443 2516 552 2590 glo.
585 2515 754 2586 Greg.
781 2530 796 2569 ε
819 2533 848 2567 α
873 2511 992 2570 Nisi
1033 2511 1194 2570 homo
1231 2510 1401 2580 illam,
1433 2512 1645 2571 scilieet
1672 2512 1965 2570 veritatem
2010 2513 2274 2582 divinam,

269 2614 573 2679 utcumque
593 2602 958 2676 conspiceret,
977 2616 1085 2658 non
1105 2615 1230 2658 eam
1255 2601 1571 2675 conspicere
1596 2616 1655 2658 se
1676 2615 1785 2658 non
1809 2616 1969 2674 posse
1988 2601 2233 2670 sentiret,
2252 2622 2281 2657 »

269 2695 368 2754 sed
393 2709 495 2752 nos
532 2692 798 2754 sentimus
826 2690 1070 2748 divinam
1096 2691 1392 2748 essentiam
1430 2705 1538 2748 non
1572 2703 1732 2764 posse
1762 2689 2005 2764 perfecte
2032 2707 2281 2764 cognos-

269 2801 432 2854 cere3
462 2797 592 2855 ergo
621 2781 805 2854 aliquo
831 2780 994 2840 modo
1020 2781 1196 2853 ipsam
1219 2780 1607 2853 conspicimus.

337 2876 502 2941 Item,
544 2871 746 2944 Diony.
795 2884 840 2928 11
881 2885 932 2926 c.
982 2868 1138 2927 coele.
1183 2869 1333 2925 Hier.
1378 2868 1532 2937 dicit,
1560 2870 1707 2942 quod
1748 2868 2019 2928 humanus
2068 2871 2283 2929 animus

272 2961 544 3022 assuescit
568 2958 788 3018 extendi
807 2974 905 3031 per
927 2955 1225 3024 visibilia,
1211 2973 1269 3013 m
1297 2959 1763 3030 supermundanas
1790 2959 2131 3027 altitudineS,
2158 2976 2284 3033 quae

271 3051 408 3112 nihil
450 3049 601 3108 aliud
633 3053 780 3116 sunt,
823 3059 990 3119 quam
1029 3044 1220 3102 formae
1259 3054 1557 3118 separatae3
1602 3062 1731 3118 ergo
1768 3047 1973 3104 formas
1999 3054 2283 3120 separatas

269 3153 568 3216 possumus
593 3137 778 3210 aliquo
804 3135 967 3192 modo
991 3149 1339 3206 cognoscere.

339 3227 672 3302 Respondeo
695 3224 1006 3292 dicendum,
1034 3223 1180 3297 quod
1213 3222 1505 3296 dupliciter
1528 3224 1735 3298 aliquid
1768 3227 2135 3298 cognoscitur.
2162 3226 2285 3288 Uno

271 3319 463 3386 modo,
491 3317 624 3374 dum
661 3314 836 3372 scitur
880 3315 948 3370 de
987 3327 1050 3368 eo
1087 3327 1156 3368 an
1197 3320 1328 3370 est:
1360 3311 1469 3372 alio
1515 3313 1697 3382 modo,
1730 3313 1861 3370 dum
1906 3317 2079 3375 scitur
2116 3319 2185 3376 de
2218 3333 2283 3376 eo

273 3408 413 3482 quid
451 3413 557 3464 est.
597 3404 682 3462 Ad
727 3403 832 3460 hoc
877 3407 1061 3459 autem
1099 3401 1248 3476 quod
1285 3402 1384 3460 de
1404 3417 1465 3458 re
1506 3401 1690 3476 eliqua
1730 3403 1970 3464 sciamus
2012 3407 2142 3482 quid
2176 3417 2281 3477 est,

273 3501 499 3571 oportet
527 3493 671 3568 quod
701 3491 1012 3550 intellectus
1038 3499 1224 3551 noster
1250 3489 1505 3548 feratur·
1489 3507 1547 3548 ιιι
1574 3480 1750 3564 ipsius
1786 3495 1869 3552 rei
1896 3496 2281 3569 quidditatem,

275 3587 398 3644 sive
427 3582 726 3644 essentiam
749 3579 836 3639 vel
859 3580 1195 3647 immediate,
1218 3579 1305 3637 vel
1329 3580 1696 3639 mediantibus
1712 3581 1987 3656 aliquibus
2014 3600 2139 3658 quae
2164 3584 2286 3641 suf-

273 3674 537 3734 sicienter
570 3672 688 3744 ejns
723 3655 1091 3745 qnidditatem
1134 3669 1531 3728 demonstrant.
1564 3671 1883 3730 Immediate
1932 3680 2115 3730 autem
2150 3671 2284 3728 ferri

271 3779 394 3826 non
421 3765 606 3835 potest
632 3758 942 3823 intellectus
972 3764 1160 3824 noster
1197 3757 1495 3818 secundum
1523 3765 1731 3816 statum
1756 3759 1865 3819 viae
1888 3761 1946 3818 in
1988 3759 2285 3818 essentiam

270 3851 556 3917 divinam,
585 3855 642 3906 et
669 3847 1117 3920 aliasseparatas
1139 3846 1427 3914 essentias,
1455 3847 1587 3920 quia
1617 3847 1934 3907 immediate
1972 3849 2283 3910 extenditur

272 3941 358 4008 nd,
391 3938 798 4022 phantasmata,
828 3937 917 4008 ad⁴
939 3951 1068 4012 quae
1086 3943 1454 4021 ,comparatur
1480 3937 1625 3998 sicut
1654 3936 1803 3998 visus
1839 3937 1909 3998 ad
1936 3937 2193 4012 colorem,
2223 3946 2287 4000 ut
