2800 4492
752 329 842 376 ιι.
873 345 952 360 -
978 329 1047 376 m
1095 331 1363 377 nonnum
1403 331 1483 378 na
1523 331 1851 380 mmm-trra.
2186 318 2301 380 103

294 449 384 501 est
405 445 702 501 secundum
725 445 1066 515 electionem,
1089 447 1371 507 -inducitur
1399 448 1471 506 ad
1496 449 1647 506 illum
1672 449 1893 507 modum
1920 465 2029 524 quo
2056 450 2301 524 operatio

293 531 612 604 voluntatis,
645 532 731 591 vel
757 534 1066 594 intellectus
1093 543 1274 594 motus
1309 538 1531 606 dicitur,
1562 539 1709 611 quod
1748 545 1831 597 est
1856 538 2152 614 improprie
2180 538 2302 596 dic·

293 625 415 686 tum
442 629 658 696 sumpto
687 630 838 681 motu
866 625 1024 699 quasi
1054 625 1445 698 metaphorice.
1482 629 1662 685 Motus
1690 632 1873 684 autem
1900 642 2011 701 quo
2044 626 2301 684 dicuntur

293 711 597 768 secundum
641 712 818 770 locum
857 714 1084 783 moveri,
1128 730 1236 772 non
1263 720 1347 772 est
1392 716 1693 774 secundum
1739 716 2303 790 circumscriptionem

294 795 543 869 localem,
576 801 672 859 sed
694 802 992 859 secundum
1023 804 1394 877 operationem
1419 821 1544 878 quae
1576 811 1859 862 exercetur
1888 805 1941 862 in
1968 804 2091 874 hoc,
2123 804 2212 862 vel
2246 805 2300 860 in

293 885 390 944 illo
414 887 534 945 loco
560 905 575 944 ε
606 895 702 946 aut
720 890 1018 948 secundum
1043 891 1282 966 aliquam
1311 893 1477 950 aliam
1502 892 1877 951 habitudinem
1904 908 2071 967 quam
2100 893 2302 952 habent

295 973 370 1032 ad
404 975 604 1046 locum,
631 978 849 1035 omnino
872 978 1213 1053 aequivocam
1235 981 1306 1038 ad
1336 980 1486 1038 illam
1512 980 1927 1056 habitudinem„
1944 996 2111 1054 quam
2136 979 2303 1038 habet

295 1078 496 1136 corpus
523 1066 759 1124 locatum
800 1068 869 1124 ad
905 1068 1085 1126 locum
1115 1087 1132 1125 z
1164 1075 1220 1126 et
1257 1063 1382 1128 i'deo
1408 1077 1561 1144 patet
1591 1070 1737 1144 quod
1781 1070 1862 1127 eis
1898 1083 2007 1128 non
2046 1068 2301 1152 convenit

295 1159 482 1210 motus
507 1156 805 1214 secundum
833 1157 978 1231 quod
1004 1158 1275 1217 naturalia
1302 1159 1358 1216 in
1384 1165 1535 1216 motu
1561 1175 1683 1217 esse
1705 1159 1983 1216 dicuntur.

366 1242 452 1298 Ad
482 1251 738 1316 quartum
784 1245 1094 1314 dicendum,
1139 1249 1286 1321 quod
1309 1238 1487 1306 'actus
1514 1243 1588 1305 et'
1608 1248 1853 1322 potentia
1886 1252 2016 1306 sunt
2050 1260 2300 1310 commu-

295 1330 472 1400 niora,
504 1347 669 1405 quam
695 1334 925 1391 materia
951 1343 1008 1392 et
1034 1335 1210 1392 forma
1236 1353 1250 1392 z
1277 1341 1333 1392 et
1362 1336 1486 1392 ideo
1529 1336 1585 1392 in
1608 1335 1849 1408 Angelis,
1879 1335 1987 1395 etsi
2013 1350 2120 1392 non
2144 1334 2302 1394 inve-

295 1419 483 1476 niatur
507 1422 828 1496 compositio
862 1424 1110 1482 materiae
1136 1431 1191 1482 et
1217 1424 1427 1493 formae,
1461 1430 1641 1497 potest
1671 1424 1933 1488 tamenin
1962 1423 2043 1481 eis
2069 1423 2302 1482 inveniri

295 1505 544 1582 potentia
573 1518 628 1568 et
659 1516 838 1570 actus.
878 1513 1107 1571 Materia
1133 1513 1280 1570 enim
1309 1522 1365 1573 et
1398 1514 1575 1570 forma
1617 1519 1745 1570 sunt
1779 1519 1966 1586 partes
2015 1509 2302 1583 compositi

295 1613 366 1654 ex
391 1598 638 1668 materia,
670 1606 726 1657 et
747 1599 956 1672 forma,
973 1606 1029 1659 et
1055 1601 1179 1660 ideo
1213 1602 1272 1659 in
1300 1601 1707 1660 illisinvenit'ur
1736 1609 1953 1660 tantum
1979 1599 2303 1674 compositio

297 1687 547 1744 materiae
568 1693 626 1744 et
652 1687 858 1758 formae,
886 1706 1120 1762 quarum
1143 1705 1251 1748 una
1274 1707 1400 1763 pars
1423 1706 1483 1748 se
1506 1689 1673 1748 habet
1694 1690 1765 1748 ad
1786 1689 1951 1748 aliam
1975 1696 2035 1746 ut
2057 1687 2303 1762 potentia

297 1775 369 1830 ad
398 1783 614 1833 actum..
644 1775 799 1848 Quod
841 1786 1026 1836 autem
1065 1783 1248 1853 potest
1275 1795 1415 1848 esse,
1450 1785 1636 1854 potest
1670 1779 1845 1836 etiam
1888 1793 1997 1836 non
2038 1791 2205 1834 esse:
2246 1783 2305 1834 et

295 1863 424 1920 ideo
447 1864 702 1936 possibile
725 1873 808 1922 est
832 1882 998 1924 unam
1014 1874 1234 1941 partem
1270 1867 1503 1926 inveniri
1528 1883 1653 1928 cum
1680 1868 1807 1939 alia,
1834 1873 1891 1925 et
1928 1868 2045 1924 sine
2076 1864 2205 1934 alia,
2247 1871 2305 1921 et

293 1951 424 2008 ideo
445 1953 766 2027 compositio
788 1955 1037 2013 materiae
1061 1962 1118 2012 et
1146 1955 1335 2014 formae
1363 1973 1471 2014 non
1500 1954 1776 2016 iuvenitur
1803 1954 2104 2014 secundum
2136 1956 2305 2015 Com-

295 2055 444 2098 men.
475 2057 500 2100 1
524 2042 660 2102 Coel.
690 2051 747 2103 et
772 2046 919 2102 Mun.
957 2051 1014 2102 et
1041 2061 1128 2104 vu
1148 2047 1335 2116 Meta„
1362 2047 1469 2104 nisi
1497 2047 1555 2103 in
1588 2047 1675 2104 his
1700 2061 1827 2119 quae
1846 2052 1975 2104 sunt
2002 2059 2101 2115 per
2137 2051 2304 2102 natu·

293 2144 420 2188 ram
440 2131 764 2204 corporalia.
794 2133 910 2190 Nec
931 2132 1115 2192 obstat
1142 2135 1289 2207 quod
1315 2135 1539 2208 aliquod
1577 2134 1831 2192 accidens
1866 2133 1921 2191 in
1957 2132 2145 2207 aliquo
2168 2131 2305 2188 sub-

289 2219 442 2292 iecto
465 2225 729 2294 perpetuo
747 2229 1117 2292 conservetur,
1135 2223 1277 2281 sicut
1297 2223 1475 2296 figura
1494 2223 1550 2280 in
1572 2223 1731 2292 coelo,
1756 2238 1887 2281 cum
1904 2228 2087 2283 tamen
2106 2235 2307 2295 corpus

295 2307 524 2366 coeleste
548 2308 880 2382 impossibile
907 2311 980 2368 sit
1003 2327 1124 2369 esse
1149 2311 1264 2368 sine
1289 2311 1386 2370 tali
1414 2312 1590 2384 figura
1616 2329 1631 2368 z
1658 2313 1790 2386 quia
1813 2313 2008 2384 figura,
2036 2315 2095 2368 et
2122 2309 2305 2388 omnia

297 2395 410 2454 alia
443 2397 768 2458 accidentia·
787 2404 1196 2472 consequuntur
1231 2400 1599 2458 substantiam
1638 2401 1784 2458 sicut
1808 2414 2053 2467 causam,
2084 2403 2140 2454 et
2179 2398 2305 2454 ideo

295 2485 604 2558 subjectum
631 2502 692 2544 se
716 2486 881 2545 habet
909 2487 979 2545 ad
1005 2489 1312 2546 accidentia
1335 2503 1444 2544 non
1478 2486 1655 2560 solum
1689 2493 1750 2546 ut
1785 2486 2031 2561 potentia
2060 2485 2307 2559 passiva,

296 2572 396 2629 sed
420 2573 586 2630 etiam
627 2575 1030 2648 quodammodo
1064 2583 1125 2634 ut
1165 2575 1411 2650 potentia
1439 2574 1641 2644 activa,
1685 2583 1743 2632 et
1782 2574 1906 2632 ideo
1932 2573 2115 2648 aliqua
2153 2573 2305 2630 acci-

296 2661 487 2720 dentia
521 2662 844 2720 naturaliter
881 2669 1271 2739 perpetuantur
1313 2664 1372 2726 iu
1411 2663 1674 2737 subjectis
1701 2662 1835 2720 suis.
1865 2662 2093 2720 Materia
2122 2667 2306 2722 autem

297 2765 410 2806 non
449 2758 534 2809 est
567 2747 671 2810 hoc
712 2752 872 2810 modo
901 2753 1209 2826 subiectum
1235 2752 1445 2822 formae,
1477 2759 1533 2810 et
1561 2753 1685 2810 ideo
1714 2753 1891 2811 omnis
1920 2750 2153 2810 materia
2180 2765 2307 2824 quae

298 2838 516 2896 substat
551 2840 714 2897 alicui
758 2840 964 2908 formae,
1011 2847 1191 2914 potest
1218 2841 1386 2901 etiam
1432 2856 1541 2898 non
1568 2841 1793 2900 subesse
1834 2841 1939 2897 uisi
1981 2838 2230 2900 fortassis
2274 2852 2309 2894 a

297 2941 469 2984 causa
491 2929 794 2986 extrinseca
819 2931 1166 3002 contineatur
1193 2947 1209 2987 ε
1235 2930 1380 2988 sicut
1401 2929 1607 2988 virtute
1632 2930 1818 2988 divina
1847 2929 2098 3002 ponimus
2121 2927 2307 3000 aliqua

297 3030 531 3090 corpora
571 3033 698 3090 quae
738 3034 805 3075 ex
827 3020 1117 3076 contrariis
1141 3019 1446 3092 composita
1482 3026 1629 3089 sunt,
1675 3033 1795 3075 esse
1822 3014 2204 3089 incorporalia,
2244 3018 2309 3069 ut
2343 3081 2349 3088 ·

298 3118 530 3176 corpora
573 3106 992 3180 resurgentium.
1056 3106 1308 3164 Essentia
1345 3113 1531 3164 autem
1572 3105 1764 3178 Angeli
1806 3104 2105 3162 secundum
2151 3117 2308 3158 suam

297 3197 556 3250 naturam
581 3200 668 3252 est
688 3194 1134 3268 incorruptibilis,
1162 3202 1218 3252 et
1236 3195 1360 3252 ideo
1382 3211 1491 3252 non
1510 3196 1665 3252 estin
1687 3209 1753 3252 eo
1772 3192 2095 3266 compositio
2122 3191 2308 3249 formae

297 3289 360 3339 et
397 3284 665 3340 materiae.
695 3284 802 3340 Sed
839 3283 968 3357 quia
994 3283 1234 3356 Angelus
1275 3299 1380 3340 non
1421 3284 1588 3341 habet
1627 3299 1748 3341 esse
1784 3299 1817 3340 a
1844 3281 2044 3355 seipso,
2088 3279 2211 3337 ideo
2250 3297 2309 3337 se

296 3370 468 3428 habet
495 3372 552 3428 in
583 3373 828 3446 potentia
872 3373 940 3430 ad
973 3389 1092 3430 esse
1117 3372 1263 3448 quod
1302 3373 1505 3448 accipit
1531 3389 1565 3430 a
1603 3374 1738 3440 Deo,
1778 3377 1837 3428 et
1869 3371 1952 3429 sic
1972 3386 2093 3428 esse
2133 3386 2166 3428 a
2193 3370 2308 3426 Deo

296 3467 587 3532 acceptum
627 3468 977 3535 comparatur
1016 3463 1088 3520 ad
1128 3463 1425 3530 essentiam
1464 3463 1585 3535 eius
1612 3460 1917 3536 simplicem
1952 3466 2015 3516 ut
2043 3465 2201 3516 actus
2237 3456 2309 3513 ad

295 3549 623 3622 potentiam.
663 3551 732 3606 Et
757 3549 864 3608 hoc
897 3556 981 3608 est
1015 3551 1162 3624 quod
1186 3551 1409 3619 dicitur,
1450 3551 1597 3624 quod
1624 3559 1752 3608 sunt
1774 3548 2065 3624 compositi
2101 3563 2169 3604 ex
2196 3560 2307 3620 quo

295 3643 407 3704 est,
438 3633 495 3694 et
535 3637 681 3711 quod
717 3648 820 3706 est,
871 3645 934 3696 ut
975 3640 1152 3713 ipsum
1195 3655 1314 3696 esse
1339 3640 1676 3714 intelligatur
1717 3655 1827 3715 quo
1868 3648 1971 3706 est,
2023 3639 2141 3711 ipsa
2177 3649 2309 3693 vero

295 3713 501 3784 natura
523 3727 701 3800 angeli
729 3727 1068 3800 intelligatur
1090 3727 1238 3802 quod
1261 3735 1365 3786 est.
1392 3729 1598 3787 Tamen
1626 3729 1673 3785 si
1702 3745 1771 3785 ex
1795 3728 2025 3785 materia
2050 3729 2109 3780 et
2132 3722 2310 3780 forma

293 3822 487 3874 essent
529 3816 710 3888 angeli
757 3817 1064 3891 compositi,
1105 3833 1212 3874 non
1252 3826 1437 3874 tamen
1465 3834 1533 3874 ex
1572 3817 1803 3874 materia
1847 3812 2091 3872 sensibili
2129 3827 2162 3870 a
2199 3827 2309 3886 qua

199 3933 210 3941 ·
291 3909 523 3980 oportet
548 3905 938 3966 mathematica
965 3921 1085 3964 esse
1110 3906 1408 3976 abstracta,
1438 3912 1495 3963 et
1521 3903 1895 3979 metaphysica
1925 3907 2201 3975 separata.
