2800 4492
767 329 879 376 xu.
910 346 989 362 —
1020 331 1443 382 omnnem-uu
1484 335 1797 384 snm-mun
2165 327 2279 390 381

265 445 578 504 secundum
599 443 748 520 quod
775 454 1121 520 comparatur
1145 447 1213 505 ad
1239 450 1637 520 cognoscibile,
1624 461 1725 510 ··et
1752 469 1819 510 ex
1855 454 1959 513 hac
1982 467 2137 531 parte
2172 476 2281 518 non

267 535 439 592 babet
469 535 617 609 quod
641 535 788 601 insit,
829 535 926 592 sed
955 537 1102 608 quod
1130 536 1200 593 ad
1223 538 1369 598 aliud
1404 540 1496 595 sit.
1528 541 1666 597 lilud
1695 550 1880 600 autem
1909 548 2055 619 quod
2080 548 2151 605 ad
2176 550 2285 608 aii-

267 624 406 698 quid
444 623 668 693 dicitur,
699 639 806 680 non
840 622 1004 680 habet
1033 623 1300 704 rationem
1335 627 1637 686 accidentis
1678 647 1744 690 ex
1787 633 1890 690 hoc
1928 636 2071 707 quod
2099 644 2183 693 est
2212 640 2279 696 ad

267 713 500 787 aliquid,
533 713 628 769 sed
657 712 832 770 solum
856 729 922 771 ex
946 713 1050 770 hoc
1078 715 1222 787 quod
1253 715 1427 786 inest;
1467 725 1523 774 et
1554 719 1679 776 inde
1707 729 1790 779 est
1815 723 1961 796 quod
1989 725 2105 782 sota
2135 727 2279 784 rela-

267 803 350 858 tio
387 801 688 858 secundum
731 801 998 859 rationem
1040 801 1125 859 sui
1165 805 1380 876 generis
1418 821 1543 866 cum
1585 809 1894 870 substantia
1936 821 2181 875 remanet
2223 817 2278 872 in

263 889 491 955 divinis,
519 905 619 947 nec
644 897 824 955 tamen
853 899 939 947 est
975 891 1050 947 ibi
1077 892 1363 960 accidens;
1390 902 1447 952 et
1474 904 1696 969 propter
1724 899 1827 958 boc
1850 903 2047 958 notitia
2074 919 2276 961 secun-

265 980 401 1036 dum
436 978 928 1035 considerationem
965 979 1130 1036 istam
1167 996 1271 1038 non
1301 989 1384 1039 est
1416 983 1469 1040 in
1510 987 1690 1044 anima
1728 988 1871 1045 sicut
1900 990 1957 1046 in
1996 990 2272 1064 subjecto;

263 1078 325 1125 et
361 1069 662 1126 secundum
703 1067 844 1126 hanc
871 1070 1336 1142 comparationem
1373 1075 1590 1130 excedit
1629 1083 1884 1142 mentem,
1918 1078 1974 1133 in
2008 1089 2273 1151 quantum

265 1156 372 1214 alia
412 1173 446 1213 a
489 1163 670 1212 mente
711 1173 808 1230 per
844 1158 1098 1215 notitiam
1126 1171 1546 1231 cognoscuntur.
1586 1163 1897 1221 Secundum
1928 1165 2069 1224 hanc
2108 1170 2273 1226 etiam

263 1241 787 1308 considerationem
801 1245 1037 1316 ponitur.
1081 1246 1366 1305 Trinitatis
1408 1250 1608 1321 imago,
1641 1251 1771 1324 quia
1814 1252 1981 1309 etiam
2029 1271 2274 1327 personoe

263 1332 468 1390 divinae
495 1332 904 1403 distinguuntur
931 1334 1230 1390 secundum
1260 1336 1404 1408 quod
1434 1337 1505 1394 ad
1534 1337 1767 1396 alterum
1792 1347 1952 1411 sunt3
1988 1352 2044 1399 et
2072 1358 2272 1400 secun.-

262 1422 396 1478 dum
428 1421 531 1477 boc
572 1421 741 1478 etiam
781 1430 864 1478 est
910 1422 1164 1495 quoedam
1205 1424 1495 1497 aequalitas
1541 1427 1752 1486 notitiae
1792 1428 1862 1485 ad
1909 1437 2167 1499 mentem,
2216 1433 2268 1488 in

261 1517 533 1586 quantum
571 1526 630 1569 se
657 1512 903 1568 extendit
927 1512 995 1568 ad
1020 1513 1201 1570 omnia
1231 1514 1301 1570 ad
1333 1530 1459 1588 quae
1484 1521 1661 1589 potest
1688 1533 1748 1575 se
1772 1519 2065 1578 extendere
2094 1536 2265 1580 mene.
2307 1593 2319 1604 ι

327 1601 400 1660 Ει
423 1601 506 1658 sic
527 1609 681 1676 patet
705 1602 985 1675 responsio
1014 1603 1084 1660 ad
1115 1603 1351 1675 objecta.

998 1797 1394 1876 QUAESTIO
1440 1799 1527 1868 ΙΙ.

326 1956 540 2018 Deinde
561 1956 828 2032 quoeritur
855 1956 926 2014 de
948 1955 1207 2014 fruitione
1235 1958 1436 2017 animae
1464 1935 1665 2018 Christi
1695 1960 1749 2018 in
1778 1961 2049 2035 passione.

974 2089 1429 2198 Amoenus
1470 2138 1549 2198 v.

265 2270 487 2334 Utrum
512 2267 711 2346 fuerit
735 2265 962 2346 fruitio
985 2267 1197 2330 animae
1225 2266 1461 2332 Christi
1482 2268 1549 2331 in
1564 2269 1859 2347 passione.
1883 2305 1965 2318 —-
1986 2273 2047 2352 (3
2064 2277 2260 2352 part„

285 2357 288 2360 ’
335 2362 550 2438 quoest.
585 2357 684 2430 46,
717 2360 841 2419 art.
873 2359 946 2432 73
975 2357 1045 2417 do
1083 2356 1214 2423 Ver.
1242 2362 1455 2436 quast.
1481 2357 1583 2430 24,
1616 2363 1737 2420 art.
1772 2358 1871 2431 10,
1916 2375 2077 2440 corp.
2110 2367 2165 2424 ot
2190 2363 2261 2437 93

338 2463 541 2528 opusc.
573 2447 635 2523 3,
667 2462 801 2525 cap.
831 2445 930 2521 48,
964 2449 1020 2508 ot
1045 2461 1245 2525 opusc.
1277 2445 1379 2521 60,
1413 2444 1483 2508 do
1505 2444 1636 2524 ejus
1656 2446 1986 2527 passione).

325 2580 396 2636 Et
437 2578 658 2636 videtur
702 2580 848 2652 quod
900 2578 993 2636 iiia
1040 2578 1225 2635 fruitio
1270 2578 1579 2651 perveniret
1624 2595 1797 2654 usque
1842 2581 1913 2638 ad
1972 2582 2265 2644 essentiam

255 2669 476 2728 animae.
539 2667 738 2725 Anima
775 2667 919 2724 enim
970 2665 1172 2738 Christi
1209 2667 1451 2741 perfecte
1488 2667 1791 2726 fruebatur.
1833 2669 1941 2726 Sed
1976 2685 2086 2726 non
2121 2678 2266 2728 esset

257 2756 499 2831 perfecte
539 2754 745 2823 fruitio,
778 2755 826 2812 si
855 2756 925 2813 ad
951 2755 1245 2814 essentiam
1273 2756 1474 2815 animae
1506 2773 1610 2814 non
1646 2759 1973 2831 perveniret,
2005 2759 2099 2818 sed
2130 2776 2267 2817 con-

256 2849 478 2904 sisteret
504 2851 718 2903 tantum
742 2843 796 2900 in
826 2861 934 2901 una
959 2845 1222 2918 potentia,
1250 2845 1461 2902 scilicet
1487 2846 1540 2902 in
1568 2846 1835 2920 superiori
1864 2833 2098 2906 ratione.
2123 2849 2265 2922 Ergo

256 2933 612 3008 perveniebat
637 2947 808 3006 usque
831 2934 902 2989 ad
930 2932 1223 2989 essentiam
1253 2934 1471 2992 animae.

325 3029 382 3082 2.
427 3024 717 3090 Praeterea,
757 3021 942 3078 anima
970 3020 1169 3078 Christi
1205 3022 1501 3095 perfectius
1534 3023 1820 3082 fruebatur
1866 3039 2031 3097 quam
2068 3025 2265 3082 animae

253 3113 580 3172 Sanctorum
619 3112 673 3167 in
714 3111 913 3184 patria.
957 3110 1064 3167 Sed
1092 3110 1278 3168 fruitio
1315 3113 1640 3170 Sanctorum
1679 3113 1738 3168 in
1784 3112 1966 3184 patria
2006 3113 2266 3185 pertingit

254 3219 431 3277 usque
461 3201 532 3259 ad
555 3201 851 3258 essentiam
877 3200 1096 3258 animae.
1121 3201 1264 3272 Ergo
1295 3201 1468 3257 multo
1496 3200 1691 3257 fortius
1715 3201 1770 3257 in
1794 3201 2031 3258 Christo,

323 3291 434 3349 Sed
460 3295 672 3357 contra,
713 3289 844 3345 nibil
887 3289 1085 3345 fruitur
1116 3289 1222 3345 nisi
1251 3289 1398 3361 quod
1436 3289 1750 3361 cognoscit;
1785 3290 1936 3363 quia,
1970 3291 2269 3348 secundum

253 3378 643 3454 Augustinum,
683 3377 913 3434 fruimur
941 3377 1192 3450 cognitis,
1231 3376 1290 3433 in
1316 3377 1516 3450 quibus
1544 3385 1767 3450 propter
1802 3395 1861 3435 se
1894 3379 2147 3436 voluntas
2172 3381 2269 3452 de-

256 3468 458 3526 lectata
495 3467 857 3540 conquiescit.
885 3466 993 3524 Sed
1033 3481 1361 3538 cognoscere
1388 3481 1498 3522 non
1525 3473 1610 3524 est
1637 3468 1890 3526 essentias
1913 3469 2140 3536 animae,
2172 3468 2269 3525 sed

255 3555 538 3630 potentiae,
569 3556 711 3629 Ergo
735 3555 923 3612 fruitio
949 3554 1021 3612 ad
1050 3555 1344 3612 essentiam
1368 3555 1567 3614 animae
1590 3572 1695 3612 non
1719 3556 2094 3629 perveniebat.

324 3643 652 3718 Respondeo
687 3643 998 3710 dicendum,
1045 3641 1190 3716 quod
1234 3642 1423 3702 fruitio
1452 3644 1507 3700 in
1547 3653 1675 3701 actu
1717 3643 1958 3717 quodam
1995 3643 2269 3713 consistit,

255 3749 366 3808 quo
391 3734 538 3790 Deus
566 3733 784 3809 videtur
811 3739 866 3789 et
895 3738 1142 3800 amatur3
1173 3739 1328 3790 actus
1357 3740 1541 3788 autem
1569 3747 1677 3786 non
1703 3739 1787 3787 est
1817 3731 1920 3785 nisi
1952 3731 2028 3786 rei
2058 3730 2275 3786 subsis-

255 3822 454 3893 tentis;
501 3822 665 3889 unde,
708 3822 927 3895 proprie
972 3821 1263 3895 loquendo,
1297 3837 1475 3892 neque
1519 3819 1766 3891 potentia
1810 3817 2008 3887 animae
2048 3813 2267 3887 fruitur,

254 3925 434 3984 neque
458 3911 717 3981 essentia,
748 3910 845 3970 sed
865 3910 1046 3980 homo,
1073 3909 1160 3972 vel
1184 3909 1364 3968 anima
1391 3923 1487 3981 per
1514 3923 1574 3965 se
1600 3905 1934 3978 subsistens}
1964 3906 2059 3965 sed
2086 3911 2269 3967 tamen

2752 3795 2768 3844 u..
2741 3465 2773 3782 .-=.·-.„-..=..a.2-⁴.1.
2752 3359 2774 3457 2.ss-
