2800 4492
543 328 622 389 44
704 338 712 344 '
1023 336 1080 387 s.'
1118 340 1352 386 motam
1393 338 1721 391 AQUINA‘HS
1762 330 2086 382 opuscum-

543 462 695 517 nitur
728 460 969 517 medium
999 461 1140 514 inter
1174 456 1483 529 opinionem
1521 461 1577 511 et
1615 454 1970 522 intellectum,
2000 454 2115 511 sive
2154 453 2443 512 scientiam
2486 453 2567 511 ab

543 552 772 622 Hugone
795 549 862 604 de
891 550 1017 605 San.
1052 548 1194 602 Vict.
1227 546 1362 602 Cum
1393 544 1670 601 intellectu
1697 552 1881 600 autem
1912 551 1966 600 et
2005 544 2234 600 scientia
2263 560 2569 600 commune

543 638 710 695 habet
739 642 948 694 certum
979 642 1034 691 et
1059 635 1221 690 lixum
1249 649 1531 691 assensum
1566 650 1578 688 ε
1607 633 1658 687 in
1685 649 1793 706 quo
1822 632 1892 689 ab
1916 632 2168 703 opinione
2195 632 2396 697 differt,
2430 646 2569 704 quae

547 727 746 798 accipit
767 725 997 781 alterum
1025 724 1397 797 oppositorum
1425 737 1552 777 cum
1581 721 1867 777 formidine
1897 720 2141 787 alterius,
2175 729 2229 778 et
2264 738 2295 777 a
2325 722 2567 777 dubita-

549 814 694 871 tione
720 829 844 887 quae
872 813 1103 868 fluctuat
1129 812 1270 867 inter
1297 812 1407 868 duo
1444 810 1717 866 contraria
1749 826 1761 863 ε
1796 810 1889 865 sed
1932 824 2060 865 cum
2102 810 2355 881 opinione
2396 825 2563 867 com·

547 918 709 959 mune
737 902 902 957 habet
929 900 1076 974 quod
1105 908 1188 955 est
1217 901 1285 955 de
1312 897 1477 954 rebus
1511 914 1636 971 quae
1665 914 1771 954 non
1814 905 1941 955 sunt
1980 898 2277 955 intellectui
2322 906 2564 955 natura-

547 990 672 1049 liter
700 990 998 1065 possibilia,
1032 990 1085 1045 in
1116 1004 1224 1061 quo
1255 988 1437 1043 differt
1458 1003 1489 1043 a
1515 988 1743 1043 scientia
1770 994 1825 1042 et
1848 987 2148 1043 intellectu.
2184 988 2337 1057 Quod
2370 999 2563 1046 autem

549 1081 752 1153 aliquid
782 1096 884 1135 non
909 1078 982 1133 sit
1010 1092 1280 1150 apparens
1305 1076 1543 1131 humano
1568 1074 1887 1141 intellectui,
1917 1082 2097 1147 potest
2133 1078 2454 1149 contingere
2488 1096 2563 1135 ex

549 1166 777 1234 duobus,
810 1172 872 1222 ut
901 1168 1103 1222 dicitur
1140 1166 1195 1219 in
1243 1179 1289 1220 n
1335 1165 1463 1219 Met.
1492 1163 1701 1220 scilicet
1745 1180 1812 1218 ex
1840 1162 2056 1220 defectu
2099 1166 2340 1236 ipsarum
2372 1183 2565 1225 rerum

549 1256 1014 1328 cognoscibilium,
1047 1261 1103 1310 et
1131 1270 1196 1309 ex
1225 1252 1441 1308 defectu
1481 1242 1789 1308 intellectus
1832 1252 2025 1307 nostri.
2056 1252 2135 1307 Ex
2173 1254 2389 1311 defectu
2424 1258 2565 1330 qui-

549 1346 673 1402 dem
701 1360 902 1410 rerum,
934 1346 1076 1399 sicut
1100 1344 1154 1398 in
1179 1340 1543 1413 singularibus
1567 1348 1623 1397 et
1649 1340 2089 1412 contingentibus
2116 1358 2241 1415 quae
2282 1360 2313 1399 a
2354 1346 2564 1402 nostris

551 1434 799 1490 sensibus
841 1442 968 1489 sunt
1011 1439 1235 1497 remota,
1281 1422 1426 1487 sicut
1468 1436 1596 1485 sunt
1644 1429 1785 1485 sacta
1832 1429 2128 1495 hominum,
2172 1439 2227 1487 et
2282 1432 2454 1500 dicta,
2504 1440 2563 1491 et

551 1524 793 1595 cogitata
821 1538 834 1575 ε
867 1536 990 1594 quae
1019 1520 1241 1593 quidem
1273 1519 1403 1575 talia
1428 1522 1651 1584 sunt‚ut
1680 1519 1770 1573 uni
1798 1517 1999 1573 homini
2025 1506 2236 1591 possint
2258 1536 2379 1576 esse
2406 1530 2560 1589 nota,

553 1619 608 1667 et
638 1611 730 1667 alii
757 1612 961 1681 ignota.
991 1608 1059 1663 Et
1097 1608 1225 1680 quia
1256 1606 1308 1660 in
1350 1605 1602 1662 convictu
1644 1606 1919 1660 hominum
1965 1622 2102 1662 unus
2140 1607 2300 1663 homo
2342 1618 2563 1682 oportet

555 1700 702 1772 quod
729 1698 835 1754 alio
858 1703 1043 1751 utatur
1071 1696 1214 1749 sicut
1243 1694 1443 1766 seipso,
1467 1694 1521 1748 in
1542 1694 1741 1765 quibus
1770 1693 1885 1767 ipse
1910 1694 2013 1751 sibi
2039 1712 2144 1751 non
2175 1696 2375 1753 sufficit
2398 1716 2412 1753 ι
2438 1699 2563 1755 ideo

556 1792 772 1859 oportet
796 1784 940 1857 quod
972 1791 1082 1838 stet
1111 1781 1218 1836 illis
1243 1797 1367 1853 quae
1395 1781 1536 1838 alius
1559 1782 1683 1844 scit,
1714 1790 1769 1837 et
1798 1788 1923 1837 sunt
1947 1783 2051 1839 sibi
2079 1784 2281 1855 ignota,
2308 1787 2453 1841 sicut
2478 1788 2565 1843 nis

557 1890 682 1947 quae
713 1874 826 1944 ipse
853 1872 1134 1943 cognoscit
1166 1886 1179 1925 ε
1207 1875 1263 1925 et
1289 1870 1417 1925 inde
1444 1878 1528 1925 est
1556 1872 1700 1942 quod
1743 1871 1796 1925 in
1827 1871 2102 1927 bominum
2142 1877 2565 1931 conversatione

558 1969 640 2018 est
671 1961 804 2017 fides
836 1960 1166 2026 necessaria,
1197 1974 1305 2030 qua
1342 1973 1480 2013 unus
1507 1957 1669 2013 homo
1698 1958 1861 2015 dictis
1900 1959 2125 2016 alterius
2152 1963 2349 2027 credit,
2372 1971 2430 2019 et
2460 1965 2565 2023 hoc

559 2059 639 2106 est
658 2049 891 2121 justitiae
928 2048 1358 2112 fundamentum,
1396 2053 1455 2100 ut
1492 2046 1703 2101 Tullius
1733 2046 1869 2103 dicit
1908 2048 1962 2103 in
2002 2048 2093 2103 lib.
2126 2049 2194 2104 de
2219 2050 2470 2109 Officiis:
2506 2065 2563 2111 et

559 2138 684 2193 inde
705 2143 788 2191 est
813 2135 956 2207 quod
991 2134 1197 2189 nullum
1224 2134 1569 2189 mendacium
1600 2140 1683 2189 est
1710 2133 1827 2190 sine
1858 2142 2099 2207 peccate,
2129 2153 2255 2193 cum
2279 2148 2563 2210 per-omne

539 2223 903 2281 ‘mendacium
932 2222 1058 2279 huic
1082 2223 1208 2280 fidei
1235 2230 1345 2277 tam
1375 2224 1700 2279 necessariae
1724 2224 2033 2294 derogetur.
2062 2225 2141 2280 Ex
2174 2224 2389 2283 defectu
2432 2248 2563 2287 vero

561 2319 748 2367 nostro
782 2316 910 2365 sunt
955 2324 1062 2364 non
1112 2309 1449 2381 apparentia,
1491 2315 1553 2363 ut
1595 2325 1681 2364 res
1720 2309 1922 2365 divinae
1970 2315 2024 2366 et
2060 2314 2400 2383 necessariae,
2438 2334 2564 2389 quae

559 2404 688 2455 sunt
715 2399 1014 2455 secundum
1047 2406 1299 2453 naturam
1331 2396 1567 2452 maxime
1608 2404 1772 2453 notae.
1800 2398 1954 2455 Unde
2000 2398 2066 2454 ad
2112 2399 2303 2455 horum
2344 2403 2563 2476 inspec-

527 2490 764 2545 'tionem
808 2503 913 2543 non
956 2500 1145 2543 sumus
1189 2486 1379 2541 statim
1422 2485 1475 2539 in
1519 2485 1786 2557 principio
1822 2484 2020 2553 idonei,
2048 2502 2172 2542 cum
2216 2499 2467 2561 oporteat
2496 2510 2564 2551 ex

563 2578 742 2632 minus
771 2577 914 2632 notis
940 2581 996 2629 et
1025 2572 1421 2647 posterioribus
1445 2574 1744 2629 secundum
1774 2581 2025 2630 naturam
2050 2576 2119 2631 ad
2145 2579 2318 2650 magis
2352 2592 2479 2637 nota
2510 2592 2565 2639 et

566 2664 747 2734 priora
769 2660 1092 2716 naturaliter
1119 2660 1423 2731 pervenire.
1446 2659 1549 2715 Sed
1574 2659 1703 2730 quia
1734 2676 1800 2715 ex
1828 2659 1973 2715 nullo
2003 2660 2193 2717 horum
2214 2680 2345 2737 quae
2372 2667 2562 2725 ultimo

567 2748 962 2819 cognoscimus,
979 2750 1106 2799 sunt
1143 2754 1274 2800 nota
1301 2760 1366 2800 ea
1412 2760 1537 2817 quae
1580 2745 1754 2817 primo
1790 2748 2186 2816 cognoscimus,
2215 2758 2430 2821 oportet
2468 2770 2563 2810 nos

501 2909 506 2915 .
548 2837 735 2891 etiam
773 2834 948 2905 primo
979 2832 1220 2905 aliquam
1268 2831 1518 2887 notitiam
1556 2832 1756 2889 habere
1796 2834 1864 2889 de
1901 2835 2009 2890 illis
2053 2853 2177 2909 quae
2222 2848 2349 2899 sunt
2378 2858 2471 2914 per
2504 2859 2563 2899 ss

568 2926 742 2995 magis
787 2932 936 2986 nota,
971 2922 1114 2995 quod
1154 2921 1269 2977 fieri
1309 2937 1416 2977 non
1458 2927 1637 2993 potest
1674 2920 1779 2977 nisi
1826 2924 2118 2981 credendo.
2149 2926 2217 2982 Et
2264 2928 2365 2985 hoc
2400 2932 2563 2987 etiam

569 3018 722 3085 patet
748 3012 800 3066 in
829 3010 1017 3067 ordine
1043 3010 1416 3075 scientiarum,
1432 3009 1561 3081 quia
1589 3009 1825 3089 scientia,
1849 3027 1973 3084 quae
1996 3020 2080 3069 est
2106 3015 2176 3070 de
2202 3018 2385 3073 causis
2410 3018 2564 3076 altis·

567 3102 738 3163 simis,
769 3100 979 3156 scilicet
1023 3099 1416 3173 metaphysica,
1464 3098 1655 3155 ultimo
1696 3102 1935 3157 occurrit
1973 3101 2174 3159 homini
2220 3106 2288 3161 ad
2334 3122 2566 3179 cognos-

545 3189 818 3266 cendum,
852 3195 906 3242 et
934 3196 1114 3243 tamen
1150 3187 1202 3241 in
1231 3184 1479 3242 scientiis
1524 3187 1873 3258 praeambulis
1913 3194 2129 3261 oportet
2170 3192 2316 3265 quod
2364 3210 2565 3267 suppo·

569 3276 768 3331 uantur
793 3274 1044 3347 quaedam
1073 3290 1196 3348 quae
1232 3275 1286 3331 in
1316 3273 1410 3329 illa
1453 3273 1667 3347 plenius
1702 3275 2049 3333 innotescunt
2078 3295 2091 3331 :
2125 3280 2267 3336 unde
2312 3283 2567 3353 quaelibet

569 3363 799 3420 scientia
824 3363 988 3418 habet
1012 3364 1431 3435 suppositioneS,
1460 3363 1655 3435 quibus
1680 3371 1895 3436 oportet
1925 3365 2299 3424 addiscentem
2324 3373 2563 3431 credere.

569 3453 705 3510 Cum
734 3452 900 3522 igitur
922 3451 1044 3506 fluis
1067 3451 1319 3508 humanas
1345 3452 1473 3508 vitae
1497 3453 1567 3508 sit
1595 3451 1898 3521 beatitudo,
1914 3470 2039 3527 quae
2062 3458 2313 3514 consistit
2335 3460 2387 3514 in
2415 3460 2568 3532 plena

569 3540 881 3612 cognitione
926 3537 1252 3605 divinorum,
1307 3537 1674 3595 necessarium
1714 3546 1795 3596 est
1844 3542 1911 3597 ad
1954 3540 2249 3599 humanam
2290 3547 2467 3603 vitam
2517 3550 2568 3606 in

539 3626 967 3687 „beatitudiuem
1008 3625 1360 3699 dirigendam
1389 3626 1579 3683 statim
1630 3628 1685 3683 in
1737 3629 2003 3703 principio
2047 3630 2211 3688 fidem
2265 3634 2569 3694 divinorum

568 3717 787 3783 habere,
821 3729 946 3787 quae
971 3713 1125 3785 plene
1153 3713 1529 3791 cognoscenda
1555 3722 1911 3787 expectantur
1939 3719 1994 3774 in
2022 3719 2211 3778 ultima
2243 3723 2571 3794 perfectione

542 3804 827 3865 bumana.
844 3802 927 3860 Ad
958 3810 1190 3875 quorum
1219 3801 1475 3874 quaedam
1502 3804 1875 3874 cognoscenda
1902 3806 2058 3879 plene
2082 3809 2341 3881 possibile
2364 3820 2447 3867 est
2471 3811 2570 3868 bo-

543 3930 548 3937 ·
574 3893 708 3971 mini
729 3892 1014 3973 pervenire
1037 3908 1135 3967 per
1162 3891 1308 3949 viam
1331 3892 1561 3949 rationis
1584 3892 1637 3947 in
1666 3900 1814 3952 statu
1848 3895 1952 3954 viae
1983 3906 1995 3955 ε
2030 3903 2086 3981 et
2108 3896 2301 3974 borum
2325 3902 2572 3981 quamyis
