2800 4492
541 284 620 351 10
984 302 1066 351 :s.
1111 302 1346 347 mount
1384 298 1713 354 aemma-is
1752 298 2075 347 orusouna

609 417 931 491 Respondeo
967 416 1280 484 dicendum,
1307 417 1453 491 quod
1482 416 1601 475 haeo
1643 407 1727 473 est'
1772 414 2083 473 differentia
2124 413 2268 469 inter
2292 410 2551 471 'virtutes

540 496 752 562 activas
793 512 849 563 et
887 506 1149 581 passivas,
1184 506 1333 579 quod
1370 507 1607 579 passivae
1647 522 1755 564 non
1803 510 2030 576 possunt
2066 502 2233 559 exire·
2258 502 2313 559 in
2359 507 2547 558 actum

539 596 776 668 propriae
803 596 1155 668 operationiS,
1197 596 1298 651 nisi
1327 602 1729 654 moveantur-'a
1768 594 1885 651 suia
1924 592 2139 657 activi&
2170 592 2315 649 sicut
2354 606 2549 647 sensus

479 680 482 685 “
541 698 647 737 non
671 685 836 739 sentit
861 684 962 739 nisi
1002 691 1284 740 moveatur
1309 683 1633 749 asensibili,
1666 682 1763 739 sed
1804 681 2039 737 virtutes
2076 679 2274 737 activae
2314 685 2549 752 possunt

541 772 756 844 operari
783 772 898 829 sine
922 773 1026 829 hoc
1053 774 1197 845 quod
1225 772 1296 831 ab
1319 772 1504 846 aliquo
1540 778 1883 837 moveantur,
1904 770 2233 840 sicutpatet
2258 769 2312 824 in
2336 768 2551 823 viribus

537 861 744 928 animae
775 860 1098 933 vegetabilis
1127 878 1142 921 ι
1171 853 1268 917 sed
1315 862 1368 917 in
1412 859 1967 933 genereriutellectus
2011 858 2287 916 invenitur
2343 855 2549 927 duplex

543 950 786 1020 potentia
815 951 1014 1017 activa,
1043 950 1254 1011 scilicet
1293 948 1605 1007 intellectus
1632 964 1821 1020 agens,
1850 954 1909 1003 et
1933 946 2170 1019 passiva,
2196 944 2408 1003 scilicet
2454 944 2549 1001 in-

543 1037 791 1095 tellectus
827 1038 1120 1113 possibilis.
1167 1038 1404 1108 Quidam
1446 1037 1616 1109 igitur
1651 1042 1967 1111 posuerunt,
1998 1034 2145 1108 quod
2182 1033 2331 1092 solus
2376 1032 2551 1118 intel-

543 1124 716 1189 lectus
743 1126 1016 1198 possibilis
1051 1134 1135 1186 est
1165 1127 1411 1199 ‘potentia
1448 1126 1679 1193 animae;
1710 1124 2021 1182 intellectus
2057 1138 2189 1182 vero
2230 1120 2549 1193 ageneerit

543 1214 796 1288 quaedam
823 1216 1133 1274 substantia
1164 1221 1421 1286 separata
1448 1223 1504 1272 et
1538 1214 1665 1274 hoee
1692 1219 1780 1270 est
1814 1212 1999 1285 opinio
2048 1214 2206 1269 Avic.
2240 1210 2548 1273 secundum

541 1318 722 1375 quam,
759 1305 1070 1377 opinionem
1115 1304 1364 1378 sequitur
1404 1302 1553 1376 quod
1609 1302 1794 1360 anima
1838 1300 2079 1357 humana
2120 1314 2227 1355 non
2274 1300 2450 1373 possit
2490 1299 2551 1354 in

542 1399 730 1449 actum
770 1394 1018 1466 propriae:
1033 1392 1386 1467 operationis,
1413 1391 1505 1465 qui
1544 1398 1635 1451 est.
1668 1388 1911 1463 cognitio
1945 1389 2195 1448 veritatis
2236 1389 2404 1454 exire,
2434 1386 2547 1443 nisi

545 1480 746 1543 lumine
791 1482 1047 1543 exteriori
1093 1482 1412 1547 illustretur,
1440 1479 1591 1536 illius
1627 1478 1840 1539 scilicet
1880 1477 2207 1537 substantiae
2243 1482 2543 1549 separatae,

545 1585 710 1641 quam
749 1570 940 1627 dicunt
980 1571 1322 1631 intellectum
1369 1576 1645 1639 agentem.
1694 1566 1799 1625 Sed
1846 1565 1977 1639 quia
2020 1564 2185 1621 verba
2234 1564 2547 1637 Philosophi

545 1655 602 1711 in
632 1671 700 1711 ιιι
738 1657 808 1712 de
837 1657 1052 1723 Anima,
1081 1658 1258 1727 magis
1298 1654 1554 1711 videntur
1596 1668 1809 1720 sonare,
1838 1652 1983 1726 quod
2029 1651 2341 1709 intellectus
2362 1668 2550 1724 -agens

547 1742 624 1799 sit
647 1744 893 1815 potentia
921 1745 1138 1810 animae,
1167 1751 1224 1799 et
1247 1743 1374 1801 huic
1399 1743 1565 1805 etiam
1600 1742 1901 1803 auctoritas
1926 1741 2225 1813 Scripturas
2255 1748 2544 1809 consonat,

536 1846 671 1903 quae
715 1830 918 1888 lumine
957 1831 1314 1889 intellectuali
1349 1846 1447 1893 nos
1480 1830 1767 1903 insignitos
1804 1844 1925 1887 esse
1950 1830 2256 1903 profitetur,
2284 1830 2376 1885 cui
2412 1828 2548 1885 Phi-
2626 1898 2635 1905 ·

545 1917 801 1991 losophus
831 1928 1116 1993 comparat
1155 1919 1495 1977 intellectum
1526 1927 1799 1991 agentem,
1826 1918 1953 1975 ideo
1995 1918 2051 1974 in
2096 1917 2281 1973 anima
2320 1916 2549 1989 panitur

548 2013 800 2078 respectu
837 2009 1169 2081 operationis
1201 2008 1583 2081 intelligibilis,
1615 2023 1741 2081 quae
1781 2014 1867 2063 est
1909 2006 2166 2083 cognitio,
2200 2006 2449 2063 veritatis
2484 2010 2549 2062 et

544 2096 790 2166 potentia
831 2097 1014 2155 activa
1043 2105 1098 2157 et
1137 2097 1372 2170 passiva.
1415 2097 1569 2155 Unde
1610 2097 1755 2152 sicut
1792 2095 1994 2169 aliquae
2040 2096 2299 2166 potentiae
2344 2093 2549 2151 activae

545 2182 845 2249 naturaleS,
871 2185 986 2247 suis
1027 2184 1258 2256 passivis
1291 2187 1604 2259 conjunctae
1640 2184 1916 2240 sufficiunt
1952 2184 2022 2241 ad
2056 2175 2405 2255 operationes
2438 2198 2547 2239 na-

547 2271 773 2353 turaleS,
802 2274 878 2329 ita
923 2274 1092 2332 etiarn
1133 2273 1316 2332 anima
1351 2274 1587 2330 hominis
1622 2272 1829 2332 habens
1867 2274 1923 2328 in
1957 2289 2020 2329 se
2054 2272 2362 2346 potentiam
2398 2272 2547 2329 acti-

545 2374 670 2417 vam
699 2367 755 2425 et
785 2362 1076 2435 passivam,
1109 2363 1310 2427 sufficit
1341 2364 1409 2419 ad
1452 2362 1841 2437 perfectionem
1873 2362 2141 2419 veritatis.
2186 2364 2319 2419 Cum
2359 2367 2544 2417 autem

545 2449 803 2522 quaelibet
845 2452 1018 2509 virtus
1045 2460 1232 2511 creata
1275 2453 1348 2511 sit
1385 2452 1561 2524 finita,
1592 2452 1698 2514 erit
1730 2454 1849 2524 ejus
1892 2451 2142 2512 efficacia,
2166 2451 2235 2508 ad
2278 2449 2544 2507 determi-

544 2546 704 2597 natos
747 2542 992 2601 effectus,
1029 2542 1285 2602 limitata.
1336 2544 1492 2599 Unde
1546 2542 1603 2597 in
1644 2540 1855 2614 aliquos
1906 2541 2131 2595 effectus
2190 2554 2295 2595 non
2338 2544 2537 2612 potest,

543 2627 648 2681 nisi
689 2644 830 2685 nova
875 2631 1050 2685 virtus
1091 2630 1359 2697 addatur3
1395 2630 1477 2685 sic
1514 2630 1681 2699 igitur
1722 2636 1849 2683 sunt
1882 2628 2150 2697 quaedam
2174 2626 2541 2698 intelligibiles

545 2712 826 2781 veritateS,
854 2716 921 2771 ad
953 2729 1100 2787 quas·
1129 2732 1193 2771 se
1228 2715 1474 2779 extendit
1519 2714 1761 2769 efficacia
1796 2712 2107 2769 intellectus
2144 2714 2376 2781 agentia„
2400 2716 2545 2773 sicut

535 2800 812 2873 ,principia
845 2818 971 2875 quae
1001 2801 1323 2860 naturaliter
1353 2802 1517 2859 homo
1548 2800 1847 2873 cognoscit,
1878 2806 1933 2855 et
1960 2814 2029 2855 ea
2056 2814 2181 2871 quae
2219 2799 2289 2855 ab
2328 2798 2415 2857 his
2442 2804 2543 2859 de-

544 2886 838 2955 ducuntur,
868 2890 1016 2947 etad
1037 2889 1154 2947 haec
1182 2889 1559 2961 cognoscenda
1588 2904 1695 2946 non
1719 2886 2017 2960 requiritur
2043 2901 2184 2943 nova
2216 2886 2304 2942 lux
2334 2887 2543 2964 intelli,-

545 2974 755 3047 gibilis,
809 2978 905 3034 sed
957 2978 1158 3035 sufficit
1211 2979 1390 3036 lumen
1434 2976 1754 3047 naturaliter
1799 2974 2057 3032 inditum.
2105 2974 2369 3047 Quaedam
2412 2994 2540 3035 vero

545 3073 674 3120 sunt
696 3066 764 3121 ad
794 3082 920 3138 quae
943 3068 1208 3140 principia
1240 3067 1502 3139 praedicta
1544 3082 1653 3123 non
1690 3080 1749 3121 se
1784 3064 2105 3133 extendunt,
2136 3066 2279 3122 sicut
2314 3075 2443 3123 sunt
2474 3084 2540 3125 ea

545 3168 670 3226 quae
693 3160 820 3209 sunt
851 3156 994 3223 fidei,
1023 3164 1082 3213 et
1109 3156 1336 3213 rationis
1363 3154 1681 3212 facultatem
1720 3153 2055 3221 excedentia,
2085 3161 2145 3211 ut
2178 3154 2361 3213 sutura
2405 3172 2540 3213 con-

545 3242 834 3312 tingentia,
865 3250 922 3299 et
960 3241 1088 3301 alia
1111 3243 1443 3317 hujusmodi,
1474 3248 1531 3300 et
1574 3242 1694 3300 haec
1736 3259 2065 3315 cognoscere
2104 3259 2257 3301 mens
2300 3244 2540 3302 humana

546 3343 652 3384 non
697 3339 894 3401 potest,
927 3332 1032 3388 nisi
1076 3332 1340 3390 divinitus
1384 3348 1523 3389 novo
1574 3332 2137 3402 lu-mine‚illustret11r,
2190 3333 2539 3407 superaddito

546 3416 738 3473 lumini
783 3419 1040 3481 naturali.
1092 3420 1354 3492 Quamvis
1399 3428 1581 3479 autem
1625 3438 1731 3479 non
1785 3422 2096 3495 requiratur
2143 3422 2268 3478 novi
2322 3422 2539 3479 luminis

545 3506 754 3563 additio
783 3508 852 3564 ad
876 3509 1240 3581 cognitionem
1269 3526 1457 3567 eorum
1485 3510 1553 3567 ad
1579 3526 1703 3586 quae
1728 3511 1991 3567 naturalis
2014 3512 2155 3567 ratio
2182 3527 2243 3567 se
2272 3511 2537 3582 extendit,

545 3595 848 3670 requiritur
895 3606 1074 3654 tamen
1117 3598 1302 3655 divina
1343 3600 1588 3672 operatio
1620 3616 1634 3653 ε
1666 3599 2039 3671 operationem
2085 3599 2230 3655 enim
2262 3616 2369 3673 qua
2394 3586 2539 3655 Deus

546 3692 770 3743 naturas
803 3701 984 3742 rerum
1013 3685 1268 3753 instituit,
1297 3686 1525 3759 singulis
1551 3686 1755 3742 formas
1795 3692 1851 3742 et
1877 3687 2108 3743 virtutes
2142 3689 2540 3761 proprias‘tri-

545 3773 735 3845 bueus,
766 3772 964 3850 quibus
987 3785 1208 3848 possent
1232 3792 1362 3833 suas
1399 3776 1745 3855 operationes
1772 3792 2045 3844 exercere,
2078 3784 2336 3850 operatur
2372 3777 2540 3833 etiam

546 3861 602 3918 in
626 3864 788 3924 rebus
809 3880 975 3940 opera
999 3865 1373 3939 providentiae,
1407 3865 1648 3923 omnium
1673 3880 1855 3923 rerum
1883 3862 2115 3925 virtutes
2138 3866 2208 3939 ad
2229 3873 2385 3923 actus
2409 3882 2539 3939 pro-
