2800 4492
735 367 848 415 111.
879 384 958 400 --
983 368 1413 421 ouoomnuruu
1456 370 1735 416 unomen
2122 354 2242 415 499

234 479 347 538 vini
377 487 505 540 ante
529 484 1016 543 consecrationem.
1047 486 1276 543 Constat
1311 492 1497 543 autem
1522 502 1620 559 per
1644 486 2039 545 admixtionem
2080 486 2245 544 unius

237 580 410 643 guttae
426 589 584 647 aquae
607 590 718 630 non
741 574 907 631 fuisse
936 581 1113 631 totum
1131 575 1717 645 vinum'destructum3
1739 576 1995 633 undenec
2018 576 2241 649 propter

233 659 338 717 hoe
368 668 480 719 tota
512 665 722 736 species
746 664 859 720 vini
883 664 1252 736 corrumpitur
1277 666 1398 737 post
1426 666 1893 722 consecrat-ionem
1912 682 1926 735 ς
1944 680 2047 721 nec
2072 680 2242 737 opor-

237 755 335 816 tet,
361 752 408 806 si
455 759 686 824 augetur
717 754 1020 827 quantitaS,
1053 754 1200 827 quod
1244 760 1467 827 propter
1504 754 1606 810 hoe
1650 754 1723 811 sit
1752 754 1829 809 ibi
1867 752 1976 811 alia
2004 754 2239 827 specieS.

233 837 374 895 Nam
414 840 533 914 ipsa
576 843 784 900 additio
829 859 936 899 non
983 842 1128 899 tollit
1167 843 1462 899 essentiam
1505 842 1877 910 dimensiouiS,
1911 842 2007 899 sed
2058 843 2239 900 variat

237 929 676 987 terminationem
705 933 851 1004 ejus;
880 946 1004 1005 quae
1043 932 1268 1006 quidem
1311 932 1557 988 variatur
1585 946 1691 988 non
1731 944 1910 987 solum
1956 948 2053 1003 per
2078 932 2243 988 addi-

239 1016 458 1085 tionem,
487 1019 583 1074 sed
612 1020 778 1091 etiam
805 1036 902 1092 per
929 1020 1283 1091 divisionem3
1305 1022 1447 1077 unde
1476 1021 1522 1075 si
1550 1020 1675 1077 talis
1706 1020 1938 1077 variatio
1965 1020 2242 1076 sufficeret

236 1107 307 1163 ad
352 1104 452 1163 hoe
484 1108 636 1181 quod·
671 1108 946 1164 desineret
981 1124 1101 1167 esse
1147 1109 1252 1165 sub
1299 1108 1585 1183 speciebus
1624 1124 1824 1183 corpus
1878 1108 1965 1165 vel
2019 1110 2244 1179 sanguis

235 1196 456 1264 Christi,
489 1206 810 1269 sequeretur
833 1198 980 1270 quod
1023 1214 1118 1271 per
1155 1198 1478 1255 divisionem
1514 1199 1819 1272 specierum
1846 1196 2099 1254 similiter
2122 1213 2243 1255 esse

235 1285 540 1354 desineret3
571 1286 717 1359 quod
749 1292 900 1358 patet
931 1302 1049 1343 esse
1076 1282 1294 1343 falsum.
1943 1354 1945 1357 y

305 1372 372 1427 Et
399 1372 522 1428 ideo
551 1374 860 1442 dicendum,
888 1376 1034 1448 quod
1074 1376 1257 1448 aliqua
1292 1376 1556 1433 admixtio
1592 1375 1820 1432 alterius
1849 1374 2077 1447 liquoris
2108 1374 2241 1431 facit

237 1469 296 1515 ut
330 1451 568 1517 totaliter
597 1462 812 1519 desinat
850 1477 970 1521 esse
1011 1465 1234 1536 sanguis
1279 1464 1479 1521 Christi
1508 1464 1611 1542 sub
1647 1464 1949 1537 speciebuS,
1982 1470 2036 1519 et
2058 1464 2242 1537 aliqua

235 1566 364 1619 non,
395 1551 491 1605 sed
527 1550 700 1606 solum
745 1552 846 1607 sub
887 1559 1042 1625 parte
1087 1554 1414 1623 specierum.
1444 1553 1501 1609 Si
1544 1553 1691 1609 enim
1734 1559 1879 1608 esset
1931 1552 2240 1609 substantia

232 1640 346 1694 vini
375 1639 478 1707 ibi;
509 1640 555 1694 si
587 1639 725 1695 alius
756 1638 932 1713 liquor
961 1642 1017 1697 in
1057 1658 1254 1712 magna
1285 1643 1597 1715 quantitate
1640 1641 2053 1706 admisceretur,
2088 1646 2241 1697 tota-

235 1727 360 1781 liter
393 1726 524 1781 illud
551 1728 734 1784 vinum
759 1738 1288 1803 corrumperetur,et
1310 1726 1585 1789 desineret
1606 1745 1724 1786 esse
1754 1730 1958 1796 vinum,
1991 1729 2037 1784 si
2062 1728 2245 1801 liquor

235 1815 514 1872 admixtus
539 1825 682 1873 esset
711 1816 937 1874 alterius
961 1818 1192 1891 speciei3
1224 1819 1308 1876 vel
1358 1820 1631 1875 desineret
1673 1834 1792 1875 esse
1826 1818 1928 1873 hoc
1956 1818 2163 1885 vinum,
2193 1818 2244 1875 si

235 1911 383 1959 esset
409 1906 648 1975 ejusdem
677 1906 908 1978 species.
937 1908 992 1963 Si
1024 1916 1206 1964 autem
1238 1907 1378 1964 alius
1416 1907 1595 1981 liquor
1621 1907 1672 1962 in
1711 1922 1882 1979 parva
1931 1907 2243 1980 quantitate

236 1993 649 2060 admisceretur,
671 2010 777 2051 non
802 2004 985 2067 posset
1015 1996 1157 2051 illius
1189 1990 1416 2069 liquoris
1440 1996 1729 2069 permixtio
1758 1996 1828 2052 ad
1853 2002 2027 2052 totum
2056 1996 2244 2053 vinum

237 2081 539 2151 pervenire,
563 2082 657 2138 sed
689 2083 757 2139 ad
789 2085 1027 2157 aliquam
1059 2091 1270 2157 partem
1297 2086 1444 2156 ejus;
1475 2100 1641 2157 quam
1666 2084 1906 2140 variaret
1932 2075 2017 2140 'vel
2042 2098 2243 2141 secun-

235 2169 369 2223 dum
393 2170 652 2240 speciem,
681 2171 728 2226 si
771 2181 914 2227 esset
955 2172 1182 2229 alterius
1217 2171 1438 2245 speciei,
1472 2187 1635 2245 quam
1661 2188 1757 2245 per
1788 2170 2107 2227 mixtionem
2136 2187 2242 2227 non

143 2318 162 2333 ‚
239 2261 481 2317 totaliter
519 2263 797 2319 amitteret
837 2280 856 2317 :-
889 2263 972 2317 vel
1013 2262 1308 2318 secundum
1350 2276 1657 2325 numerum,
1711 2261 1758 2316 si
1796 2269 1941 2318 esset
1997 2254 2243 2333 ejusdem

236 2349 437 2421 speciei
459 2363 473 2419 ς
497 2351 580 2406 vel
611 2352 850 2425 speciem
874 2368 1026 2407 suam
1057 2369 1150 2423 per
1179 2351 1496 2407 mixtionem
1520 2348 1762 2407 totaliter
1777 2349 2075 2417 amitteret,
2100 2350 2246 2409 sicut

236 2443 393 2509 gutta
424 2455 581 2511 aquae
609 2442 846 2511 projecta
879 2440 930 2494 in
963 2441 1278 2512 amphoram
1305 2440 1437 2495 vini.
2203 2511 2207 2514 Δ

223 2546 234 2551 ·
309 2527 397 2581 Sic
426 2543 554 2599 ergo
583 2530 627 2583 si
662 2528 863 2599 speciei
909 2534 1030 2601 post
1071 2528 1537 2584 consecrationem
1568 2527 1723 2584 fieret
1753 2532 1907 2583 tanta
1953 2525 2246 2600 permixtio

236 2618 482 2671 extranei
517 2616 740 2689 liquoris
769 2633 894 2690 quae
923 2616 1195 2673 sufficeret
1238 2617 1306 2673 ad
1347 2623 1521 2673 totam
1546 2615 1926 2673 'substantiam
1964 2616 2078 2673 vini
2114 2631 2245 2672 cor-

237 2705 614 2776 rumpendam,
643 2706 724 2761 sie
752 2705 826 2761 ibi
847 2707 1137 2762 desineret
1177 2722 1295 2762 esso
1325 2706 1548 2777 sanguis
1576 2704 1774 2761 Christi
1800 2705 1904 2761 sub
1943 2704 2074 2762 totis
2118 2720 2251 2779 spe·-

236 2792 426 2849 ciebus
450 2811 470 2848 -:
495 2794 540 2849 si
571 2800 752 2850 autem
791 2810 893 2849 non
925 2796 995 2849 sit
1029 2801 1179 2850 tanta
1204 2796 1517 2867 permixtio,
1550 2792 1751 2849 desinit
1784 2810 1903 2849 esse
1933 2793 2037 2849 sub
2063 2795 2244 2865 parte.

235 2882 376 2939 Nam
406 2883 534 2939 dato
571 2882 716 2956 quod
761 2883 850 2938 ille
892 2883 1070 2956 liquor
1109 2883 1409 2956 permixtus
1449 2883 1504 2939 in
1550 2881 1789 2957 speciem
1827 2882 1938 2941 vini
1979 2887 2245 2952 mutetur,

235 2986 345 3026 non
377 2979 556 3027 tamen
586 2978 934 3028 convertetur
962 2974 1016 3028 in
1045 2974 1364 3044 sanguinem
1391 2972 1614 3029 Christi.

309 3059 392 3115 Ad
423 3061 654 3133 primum
675 3076 804 3133 ergo
835 3062 1142 3127 dicendum,
1177 3062 1322 3134 quod
1348 3061 1495 3117 facta
1522 3060 1878 3132 permixtione
1906 3058 2089 3130 specie
2118 3072 2245 3113 cum

236 3150 346 3207 alio
373 3149 600 3221 liquore,
632 3166 738 3205 non
779 3156 1022 3205 remanet
1059 3150 1270 3222 species
1299 3150 1493 3205 eadem
1534 3148 1619 3203 vel
1666 3147 1964 3203 secundum
2003 3146 2243 3218 speciem

235 3238 322 3294 vel
352 3238 650 3294 secundum
683 3232 984 3303 numerum,
1013 3236 1098 3293 vel
1127 3238 1426 3293 secundum
1460 3242 1633 3291 totum
1662 3235 1747 3291 vel
1778 3234 2079 3291 secundum
2109 3250 2245 3308 par-

238 3336 380 3393 tem;
408 3335 462 3382 et
492 3329 570 3382 sic
595 3326 696 3382 sub
724 3334 836 3383 toto
865 3327 945 3383 vel
977 3326 1078 3382 sub
1107 3333 1261 3399 parte
1291 3340 1396 3380 non
1436 3323 1737 3380 remanebit
1766 3324 1989 3395 sanguis
2018 3322 2240 3389 Christi,

236 3415 332 3471 sed
364 3415 672 3471 substantia
713 3416 823 3471 vini
853 3433 865 3469 t
895 3431 995 3470 nec
1032 3414 1198 3470 etiam
1246 3414 1388 3469 sacta
1436 3414 1777 3486 separatione
1812 3408 1996 3468 denuo
2032 3412 2138 3468 erit
2167 3410 2243 3466 ibi

235 3506 460 3576 sanguis
488 3504 708 3570 Christi,
734 3504 860 3577 quia
890 3503 1175 3560 miscihilia
1206 3518 1330 3576 quae
1371 3510 1695 3576 separantur
1726 3517 1756 3559 a
1794 3502 1983 3568 mixte,
2018 3514 2123 3554 non
2150 3514 2247 3556 re·-

146 3654 156 3662 ,
234 3594 406 3649 deunt
430 3595 620 3650 eadem
653 3610 898 3661 numero,
927 3594 1021 3648 sed
1053 3592 1243 3647 eadem
1275 3593 1477 3665 specie.

307 3683 391 3739 Ad
433 3684 729 3739 secundum
777 3686 921 3755 quod
971 3682 1024 3737 in
1068 3682 1401 3737 contrarium
1446 3681 1721 3751 objicitur,
1754 3676 2066 3743 dicendum,
2095 3678 2242 3749 quod

234 3772 411 3828 forma
453 3772 736 3827 mixtionis
767 3771 1060 3843 dupliciter
1085 3778 1266 3843 potest
1297 3769 1547 3839 intelligi.
1582 3769 1698 3823 Uno
1729 3766 1889 3822 modo
1927 3765 2099 3821 forma
2147 3782 2244 3837 per
2338 3838 2343 3842 ι

233 3877 401 3934 quam
423 3877 621 3933 corpus
640 3861 866 3917 mixtum
889 3862 941 3915 in
967 3861 1146 3932 specie
1163 3860 1493 3925 collocatur3
1514 3858 1663 3912 etsie
1692 3862 1773 3911 est
1790 3854 1960 3910 forma
1982 3853 2247 3911 substan-

232 3947 404 4021 tialis;
426 3966 521 4024 per
539 3948 685 4007 hunc
701 3949 845 4007 enim
865 3949 1083 4007 modum
1099 3948 1272 4007 forma
1288 3945 1486 4021 lapidis
1502 3945 1701 4004 dicitur
1724 3944 1897 4003 forma
1922 3942 2096 4003 mixti.
2116 3942 2240 4007 Alio
