2800 4492
451 312 574 372 434
811 383 820 392 ‚
932 329 984 372 s.
1029 325 1264 371 mona
1302 323 1633 375 aoununs
1670 321 1983 368 ornacum

521 446 592 502 Et
635 443 932 502 secundum
969 444 1071 500 hoc
1113 447 1196 498 est
1233 441 1398 498 tertia
1443 439 1645 511 opinio,
1670 439 1819 513 quod
1862 437 2190 496 alimentum
2224 447 2473 490 conver·-

457 535 591 591 titur
620 533 674 588 in
704 533 760 589 id
797 531 940 605 quod
971 539 1056 588 est
1087 528 1463 604 principaliter
1496 529 1567 584 de
1606 529 1841 585 veritate
1867 527 2123 583 humanae
2154 531 2375 581 naturae
2408 526 2474 576 et

460 630 729 697 quantum
774 620 842 675 ad
890 619 1126 694 speciem
1169 625 1224 674 et
1261 622 1528 691 quantum
1566 616 1636 672 ad
1683 615 2024 672 individuum
2061 631 2077 671 ε
2117 612 2273 685 ponit
2315 611 2475 666 enim

453 711 574 768 haec
600 709 802 782 opinio,
828 708 973 782 quod
1013 714 1326 782 utrumque,
1356 705 1569 762 scilicet
1612 709 1667 760 et
1712 704 1857 778 quod
1903 720 1970 760 ex
1998 703 2260 761 alimento
2288 715 2477 770 geue-

457 806 630 866 ratur‚
672 805 727 854 et
765 797 910 870 quod
951 811 982 852 a
1021 794 1340 870 parentibus
1382 793 1636 860 trahitur,
1668 793 2039 850 indifferenter
2078 797 2137 847 et
2172 787 2471 864 aequaliter

461 887 636 944 forma
672 885 908 942 humana
956 884 1253 958 perficitur,
1286 891 1340 940 et
1378 891 1677 955 utrumque
1721 881 2097 937 indifferenter
2149 884 2333 936 manet
2372 875 2470 932 vel

461 973 831 1041 consumitur-3
848 980 1033 1028 manet
1058 972 1279 1045 quidem
1308 970 1608 1028 secundum
1636 970 1896 1042 speciem,
1913 967 2252 1024 consumitur
2274 971 2467 1024 autem

463 1068 520 1119 et
567 1067 905 1118 restauratur
955 1060 1258 1117 secundum
1302 1058 1611 1116 materiam.
1656 1059 1812 1114 Sicut
1857 1062 1915 1113 in
1956 1057 2141 1130 aliqua
2182 1053 2467 1127 republica

459 1151 662 1208 diversi
699 1151 948 1208 homines
996 1165 1220 1206 numero
1273 1149 1342 1205 ad
1392 1147 1845 1204 communitatem
1887 1147 2181 1220 pertinent,
2228 1144 2468 1218 quibus-

459 1241 589 1297 dam
617 1239 1000 1306 morientibus,
1033 1243 1088 1294 et
1117 1237 1241 1294 aliis
1279 1237 1334 1293 in
1363 1236 1544 1293 locum
1586 1251 1775 1293 eorum
1822 1234 2272 1302 succedentibus;
2296 1242 2356 1290 et
2382 1233 2469 1289 sio

458 1344 566 1386 non
611 1335 793 1384 manet
837 1343 944 1384 una
991 1325 1297 1401 respublica
1337 1325 1636 1382 secundum
1682 1325 1989 1390 materiam,
2028 1323 2159 1396 quia
2202 1334 2329 1378 sunt
2368 1320 2467 1378 alii

461 1426 517 1474 et
541 1417 632 1475 alii
657 1415 939 1484 homines3
967 1421 1150 1472 manet
1185 1413 1368 1472 tamen
1397 1428 1504 1471 una
1549 1429 1778 1470 numero
1805 1418 2070 1486 quantum
2110 1411 2179 1468 ad
2222 1410 2468 1482 speciem

461 1506 580 1563 sive
608 1504 857 1572 formam,
883 1511 1107 1577 propter
1145 1503 1354 1559 ordinis
1389 1501 1659 1559 unitatem
1696 1501 1750 1557 in
1794 1501 1988 1557 officiis
2029 1501 2307 1557 distinctis
2341 1515 2355 1555 ε
2388 1500 2471 1556 ita

464 1593 631 1649 etiam
664 1593 718 1648 in
747 1606 974 1667 corpore
1006 1590 1244 1648 humano
1267 1597 1453 1671 manet
1490 1604 1621 1646 caro
1659 1597 1715 1645 et
1751 1604 1814 1645 os
1851 1595 1908 1645 et
1945 1605 2289 1661 unaquaequo
2334 1603 2471 1660 par·-

466 1682 602 1738 tium
627 1681 817 1759 eadem
847 1696 1072 1737 numero
1101 1688 1368 1753 quantum
1408 1679 1476 1736 ad
1504 1679 1743 1751 speciem
1772 1685 1829 1734 et
1853 1677 2085 1734 sormam
2122 1692 2247 1751 quae
2281 1678 2473 1754 consi-

466 1769 690 1825 deratur
717 1769 771 1824 in
800 1768 1162 1824 determinato
1189 1769 1300 1824 situ
1327 1775 1383 1824 et
1408 1768 1616 1824 'virtute
1639 1773 1695 1823 et
1719 1767 2041 1838 figura;non
2074 1772 2257 1822 antem
2284 1772 2470 1824 manet

433 1919 441 1924 ,
468 1864 732 1929 quantum
756 1855 826 1912 ad
853 1855 1307 1927 materiam;quia
1338 1854 1430 1910 illa
1461 1856 1689 1911 materia
1709 1855 1977 1922 carniS,in
2004 1871 2111 1928 qua
2142 1853 2270 1909 talis
2295 1854 2471 1911 forma

469 1952 605 2011 erat,
636 1943 788 2016 prius
815 1950 1144 2016 consumpta
1167 1950 1269 2010 est,
1302 1949 1356 1998 et
1386 1943 1493 1999 alia
1522 1943 1578 1999 in
1616 1943 1793 2000 locum
1836 1945 1956 2017 ejus
1996 1943 2295 2012 successit3
2326 1943 2475 2000 sicut

467 2037 621 2106 patet
644 2031 712 2087 de
735 2031 860 2102 igne
882 2031 979 2105 qui
1002 2032 1351 2088 continuatur
1379 2032 1683 2089 secundum
1714 2032 1963 2089 eamdem
2002 2031 2235 2089 formam
2262 2038 2321 2087 et
2352 2025 2479 2088 mo·
2534 2053 2543 2064 ·

469 2121 618 2188 dum,
646 2136 742 2194 per
767 2119 872 2176 hoc
891 2119 1037 2192 quod
1060 2120 1396 2201 consumptis
1424 2113 1753 2196 quibusdam
1778 2121 1938 2192 lignis
1958 2120 2066 2179 alia
2090 2131 2477 2194 supponuntur

470 2225 596 2283 quae
632 2211 812 2280 ignem
848 2209 1136 2264 sustinent.
1162 2209 1230 2265 Et
1255 2209 1557 2266 secundnm
1594 2210 1734 2267 hanc
1769 2209 2096 2282 opinionem,
2124 2209 2195 2265 de
2236 2215 2477 2283 utroque

471 2295 858 2368 praedictorum
900 2296 1288 2364 indifferenter,
1333 2297 1545 2354 scilicet
1592 2302 1853 2368 generato
1906 2313 1974 2352 ex
2022 2297 2287 2354 alimento
2337 2304 2413 2352 et·
2438 2313 2475 2354 a

451 2384 786 2458 ,parentibus
810 2393 1006 2454 tracto,
1035 2392 1247 2442 tantum
1284 2393 1552 2458 resurget,
1582 2391 1846 2458 quantum
1874 2395 1959 2442 est
2004 2386 2371 2442 necessarium
2401 2385 2474 2442 ad

472 2475 710 2546 speciem
733 2482 790 2531 et
813 2475 1175 2548 quantitatem
1204 2475 1448 2532 debitam
1476 2475 1695 2532 humani
1726 2475 1990 2549 corporis.
2021 2475 2090 2530 Et
2132 2475 2252 2533 haec
2288 2475 2477 2548 opinio

475 2561 608 2617 mihi
633 2562 850 2617 videtur
871 2562 1092 2629 ‚caeteris
1120 2561 1473 2634 probabilior.

541 2649 850 2705 Secundum
894 2665 1024 2720 ergo
1060 2649 1202 2706 hanc
1242 2650 1551 2722 opinionem
1596 2648 1667 2706 ad
1705 2650 1939 2722 primum
1974 2650 2285 2718 dicendum,
2324 2650 2475 2724 quod

473 2735 751 2793 distinctio
775 2736 1102 2809 Philosophi,
1127 2753 1238 2810 qua
1258 2737 1545 2809 distinguit
1568 2751 1789 2795 carnem
1812 2739 2112 2795 secundum
2154 2739 2391 2810 speciem
2415 2745 2477 2796 et

367 2853 371 2858 ·
474 2824 772 2880 secuudum
796 2823 1101 2892 materiam,
1134 2840 1239 2881 non
1277 2830 1363 2881 est
1411 2827 1493 2889 sic
1533 2826 1867 2900 accipienda,
1897 2827 2041 2900 qnod
2092 2826 2199 2884 alia
2228 2829 2314 2885 -sit
2343 2843 2475 2885 caro

475 2927 598 2985 quae
634 2911 836 2968 dicitur
877 2912 1174 2968 secundum
1212 2914 1470 2985 speciem,
1504 2914 1711 2971 scilicet
1754 2931 1786 2971 a
1829 2915 2147 2988 parentibus
2183 2922 2383 2984 tracta,
2412 2923 2477 2973 et

475 2999 582 3057 alia
607 3017 733 3075 quae
761 3001 833 3058 sit
859 3002 1158 3060 secundum
1203 3002 1493 3058 materiam
1530 3019 1597 3058 ex
1624 3002 1883 3060 alimento
1912 3009 2205 3075 generata;
2238 3003 2333 3058 sed
2361 3019 2477 3064 una

476 3091 745 3147 etreadem
773 3105 902 3148 caro
943 3090 1155 3162 signata
1200 3097 1381 3162 potest
1422 3091 1753 3148 considerari
1795 3096 1852 3146 et
1894 3090 2191 3146 secundum
2234 3092 2475 3164 speciem

474 3194 641 3250 quam
665 3178 848 3246 babet,
876 3185 932 3234 et
957 3178 1256 3235 secundum
1287 3179 1593 3235 materiam.
1624 3179 1693 3234 Et
1732 3179 1876 3252 quod
1920 3179 2009 3234 hic
2046 3180 2121 3235 sit
2163 3179 2479 3242 intellectus

473 3265 802 3336 Philosophi,
832 3272 984 3338 patet
1012 3283 1078 3322 ex
1105 3267 1209 3324 hoc
1253 3257 1398 3342 quod
1445 3267 1561 3340 ipse
1594 3266 1727 3322 dicit
1754 3267 1978 3335 ibidem,
2012 3267 2159 3340 quod
2188 3268 2285 3323 hoc
2320 3269 2476 3326 modo

473 3352 832 3424 distinquitur
877 3369 1003 3409 caro
1037 3353 1318 3412 secundum
1345 3356 1563 3428 speeiem
1596 3362 1645 3412 et
1680 3356 1961 3412 secundum
2002 3355 2311 3422 materiam,
2334 3358 2477 3415 sicut

473 3440 875 3514 unumquodque
915 3441 1216 3498 habentium
1255 3444 1473 3516 speciem
1519 3444 1579 3500 in
1622 3444 1873 3500 materia.
1905 3445 1965 3500 In
1994 3445 2117 3502 aliis
2154 3452 2342 3503 autem
2370 3446 2479 3502 ha-

471 3529 724 3588 bentibus
752 3530 989 3604 speciem
1013 3531 1067 3586 in
1107 3532 1355 3598 materia,
1390 3533 1525 3587 sicut
1566 3537 1649 3587 est
1682 3531 1821 3604 lapis
1849 3534 1903 3588 et
1930 3531 2154 3600 ferrum,
2174 3539 2231 3588 et
2276 3533 2482 3607 hujus·-

472 3619 618 3676 modi
661 3634 766 3676 non
796 3619 958 3686 habet
1003 3619 1180 3676 locum
1218 3621 1392 3694 prima
1432 3619 1733 3687 distinctio,
1764 3620 1861 3676 sed
1889 3621 2147 3689 secunda,
2176 3630 2238 3684 ut
2272 3638 2371 3696 per
2414 3639 2478 3681 se

471 3715 644 3780 patet.
1047 3721 1052 3730 ·

541 3795 608 3854 Et
631 3796 754 3853 ideo
787 3797 1072 3854 dicendum
1103 3804 1205 3865 est,
1238 3793 1382 3870 quod
1413 3795 1731 3853 alimentum
1767 3797 2107 3854 convertitur
2147 3799 2219 3854 in·
2244 3813 2479 3860 carnem

473 3898 598 3965 quae
625 3889 708 3944 est
735 3885 1029 3952 secundum
1056 3877 1314 3969 speciem,
1339 3883 1481 3942 idest
1498 3900 1630 3968 quae
1656 3885 1821 3950 habet
1848 3887 2115 3968 speciem5
2142 3901 2250 3948 non
2276 3895 2489 3966 tamen⁶
