2800 4492
2485 11 2800 272 Ἶ

573 467 921 526 manifestum
949 475 1034 526 est
1060 471 1206 544 quod
1237 477 1434 528 natura
1456 470 1671 528 essendi
1700 471 1955 528 convenit
1992 471 2103 527 Deo
2133 465 2345 526 infinite
2371 465 2587 542 absque

572 557 720 612 omni
769 557 1096 616 limitatione
1138 567 1194 616 et
1236 561 1647 628 contractione;
1696 561 1841 616 unde
1886 561 2007 633 ejus
2052 558 2228 626 yirtus
2278 558 2468 616 activa
2523 573 2587 613 se

574 647 814 702 extendit
842 645 1046 704 infinite
1075 648 1144 705 ad
1177 654 1350 705 totum
1381 665 1499 715 ens,
1529 655 1586 705 et
1623 649 1689 706 ad
1722 664 1881 705 omne
1911 649 1963 704 id
1989 648 2133 721 quod
2169 653 2347 720 potest
2377 646 2587 704 habere

574 735 842 792 rationem
871 737 1031 794 entis·
1061 736 1196 794 illud
1226 755 1355 810 ergo
1383 738 1558 796 solum
1587 738 1790 812 poterit
1816 737 2029 795 excludi
2060 755 2091 792 a
2118 737 2301 793 divina
2330 736 2583 809 potentia

576 826 718 898 quod
741 833 1006 899 repugnat
1036 827 1232 883 rationi
1259 828 1439 896 entis;
1472 835 1528 884 et
1558 827 1659 884 boc
1687 841 1794 884 non
1822 833 2042 900 propter
2071 826 2343 883 defectum
2374 826 2587 881 divinae

576 915 854 986 potentiae,
883 915 976 970 sed
1015 916 1144 988 quia
1189 915 1367 988 ipsum
1408 932 1512 972 non
1553 922 1731 989 potest
1768 931 1889 971 esse
1918 931 2033 979 ene,
2069 914 2210 971 unde
2253 930 2358 968 non
2396 919 2584 986 potest

579 995 716 1058 lieri.
755 999 1043 1076 Repugnat
1072 1013 1256 1060 autem
1301 1004 1499 1061 rationi
1540 1005 1681 1060 entis
1720 1019 1823 1060 non
1852 1019 1951 1060 ens
1987 1002 2145 1058 simul
2177 1007 2232 1059 et
2277 1002 2581 1058 secundum

579 1087 719 1146 idem
744 1093 980 1150 existens
1009 1111 1022 1148 ;
1051 1093 1192 1150 unde
1226 1094 1369 1166 quod
1397 1093 1603 1166 aliquid
1640 1091 1800 1148 simul
1826 1093 1900 1148 sit
1928 1100 1981 1148 et
2009 1108 2113 1147 non
2141 1091 2233 1158 sit,
2262 1107 2293 1147 a
2317 1091 2428 1146 Deo
2462 1091 2581 1145 [ieri

581 1194 686 1235 non
717 1187 912 1252 potest,
944 1197 1044 1237 nec
1083 1180 1287 1252 aliquid
1317 1181 1807 1238 contradictionem
1837 1179 2157 1248 includens;
2189 1185 2244 1235 et
2286 1179 2355 1234 de
2381 1175 2584 1251 hujus·

579 1265 722 1320 modi
752 1274 835 1322 est
865 1267 1149 1322 materiam
1185 1269 1304 1323 esse
1334 1268 1388 1322 in
1418 1275 1545 1324 actu
1576 1263 1693 1323 sine
1723 1267 1915 1322 forma.
1948 1265 2120 1322 Omne
2150 1265 2293 1321 enim
2318 1265 2463 1336 quod
2496 1271 2583 1320 est

579 1359 704 1410 actu
725 1369 740 1420 ς
765 1354 851 1410 vel
881 1365 964 1412 est
998 1356 1112 1429 ipse
1137 1364 1311 1424 actus,
1343 1356 1428 1413 vel
1454 1363 1539 1412 est
1565 1355 1807 1429 potentia
1836 1355 2168 1431 participans
2198 1362 2379 1410 actum
2411 1370 2423 1407 :
2457 1367 2583 1409 esse

577 1451 762 1501 autem
785 1449 910 1500 actu
953 1454 1218 1520 repugnat
1256 1444 1455 1518 rationi
1502 1446 1763 1510 materiae,
1795 1460 1919 1518 quae
1960 1442 2258 1501 secundum
2302 1444 2581 1517 propriam

580 1533 847 1590 rationem
879 1543 962 1590 est
999 1552 1096 1592 ens
1141 1537 1192 1590 in
1221 1537 1496 1608 potentia.
1538 1535 1885 1606 Relinquitur
1914 1549 2043 1605 ergo
2080 1529 2225 1606 quod
2268 1549 2373 1587 non
2408 1533 2583 1603 possit

579 1638 697 1677 esse
726 1624 780 1678 in
811 1633 934 1678 actu
961 1625 1063 1680 nisi
1102 1625 1154 1678 in
1185 1631 1453 1697 quantum
1478 1623 1769 1698 participat
1797 1629 1977 1678 actum
2005 1639 2019 1675 z
2052 1628 2209 1677 actus
2231 1629 2417 1678 autem
2448 1636 2583 1693 par-

582 1709 838 1782 ticipatus
867 1728 897 1767 a
941 1713 1169 1768 materia
1201 1713 1330 1766 nihil
1375 1719 1461 1768 est
1500 1712 1647 1768 aliud
1687 1727 1849 1784 quam
1898 1711 2105 1777 sorma;
2149 1710 2291 1765 unde
2322 1711 2462 1765 idem
2496 1715 2583 1764 cst

580 1797 750 1864 dictu,
773 1801 1060 1855 materiam
1084 1817 1203 1856 esse
1227 1801 1278 1855 in
1312 1806 1457 1866 actu,
1482 1807 1539 1856 et.
1566 1801 1850 1857 materiam
1876 1799 2074 1856 babere
2102 1799 2352 1854 sormam.
2384 1799 2584 1854 Dicere

581 1901 708 1958 ergo
737 1887 883 1959 quod
910 1889 1136 1944 mate-ria
1175 1889 1246 1946 sit
1272 1889 1324 1944 in
1351 1896 1477 1945 actu
1508 1890 1624 1946 sine
1654 1889 1845 1956 forma,
1880 1895 1963 1945 est
1990 1888 2175 1946 dicere
2203 1888 2587 1945 contradicto-

583 1976 662 2031 ria
693 1992 812 2031 esse
835 1976 1030 2044 simul;
1063 1978 1205 2034 unde
1230 1995 1260 2034 a
1289 1980 1401 2034 Deo
1428 1978 1545 2034 fieri
1574 1995 1682 2035 non
1712 1985 1913 2051 potest.

653 2065 734 2120 Ad
779 2063 911 2121 illud
950 2081 1080 2138 ergo
1127 2068 1271 2140 quod
1315 2067 1370 2122 in
1409 2067 1741 2124 contrarium
1773 2067 2047 2138 objicitur,
2080 2065 2390 2133 dicendum,
2431 2062 2585 2140 quod

584 2153 838 2210 accidens
865 2155 1162 2210 secundum
1198 2172 1355 2211 suum
1384 2171 1503 2212 esse
1532 2155 1801 2228 dependet
1836 2171 1867 2211 a
1905 2153 2151 2228 subjecto
2181 2154 2321 2211 sicut
2351 2171 2380 2211 a
2413 2167 2585 2212 causa

569 2247 924 2314 ,sustentante
961 2243 1155 2317 ipsum.
1197 2244 1265 2302 Et
1307 2245 1435 2317 quia
1480 2245 1625 2301 Deus
1668 2249 1846 2317 potest
1876 2246 2173 2317 producere
2201 2258 2386 2299 omnes
2424 2251 2589 2300 actus

581 2337 943 2386 secundarum
980 2347 1266 2389 causarum
1297 2332 1503 2405 absque
1540 2330 1671 2406 ipsis
1706 2333 1888 2388 causis
1924 2332 2195 2398 secundis,
2227 2339 2407 2404 potest
2449 2347 2589 2386 con·

583 2434 802 2476 servare
842 2419 894 2476 in
936 2431 1056 2477 esse
1097 2423 1351 2478 accidrns
1391 2423 1508 2477 sine
1554 2421 1819 2494 subjecto.
1851 2419 1954 2477 Sed
2002 2421 2234 2476 materia
2279 2419 2586 2476 secundum

584 2525 738 2566 suum
774 2525 892 2566 esse
921 2509 1136 2566 actuale
1169 2509 1440 2581 dependet
1480 2526 1510 2566 a
1538 2509 1709 2567 forma
1743 2511 1795 2566 in
1836 2517 2102 2584 quantum
2139 2508 2313 2566 forma
2344 2515 2427 2566 est
2464 2508 2586 2582 ipse

585 2604 738 2654 actus
767 2599 918 2670 ejus;
951 2596 1092 2656 unde
1118 2612 1222 2654 non
1247 2605 1332 2654 est
1355 2596 1551 2655 simite.

573 327 687 397 194
1046 353 1098 399 s.
1142 349 1376 400 ‘rueme
1417 348 1743 406 Acamans
1784 349 2097 400 opuscum

1195 2741 1202 2748 ’
1282 2773 1735 2839 ART1cuLth
1798 2775 1877 2840 11.

594 2881 814 2968 Utrum
837 2905 1006 2969 Deus
1021 2907 1222 2985 possit
1258 2911 1457 2986 secere
1496 2910 1650 2972 idem
1686 2928 1901 2988 corpus
1940 2927 2060 2972 esse
2093 2911 2281 2972 simul
2306 2910 2585 2972 localiter

661 2995 729 3056 in
769 2995 996 3057 duobus
1039 2997 1204 3058 locis.
1241 3000 1402 3078 -(1
1431 3003 1630 3076 part„
1680 3003 1889 3077 quoest.
1936 3000 2037 3074 67,
2078 3004 2201 3062 art.
2234 3003 2303 3074 23
2337 3004 2391 3060 et
2421 3003 2583 3064 cont.

668 3081 842 3148 Gaul.
873 3086 934 3160 3,
962 3103 1094 3164 cap.
1130 3085 1240 3146 101
1273 3091 1328 3149 αι
1362 3088 1523 3167 102).

654 3217 734 3272 Ad
765 3217 1063 3273 secundum
1092 3217 1172 3275 sic
1199 3217 1533 3292 proceditur.
1563 3217 1790 3276 Videtur
1816 3217 1961 3292 quod
2005 3215 2149 3277 Deus
2192 3215 2364 3294 possit
2403 3219 2585 3278 facere

583 3313 752 3360 unum
775 3319 970 3379 corpus
995 3308 1152 3364 simul
1183 3324 1301 3365 esse
1329 3308 1574 3365 localiter
1604 3309 1656 3364 in
1701 3305 1912 3365 duobus
1939 3309 2091 3366 locis.
2125 3309 2410 3368 Difficilius
2438 3313 2584 3365 enim

582 3399 667 3448 est
691 3395 831 3466 quod
860 3393 975 3451 baec
993 3391 1296 3453 substantia
1318 3407 1561 3457 mutetur
1584 3399 1635 3452 in
1663 3398 1811 3454 illam
1835 3398 2215 3466 substantiam,
2244 3415 2408 3473 quam
2438 3399 2588 3472 quod

581 3481 686 3538 boc
713 3481 966 3541 accidens
991 3493 1230 3542 mutetur
1257 3485 1310 3540 in
1334 3483 1467 3542 illud
1488 3485 1759 3543 accidens.
1788 3485 1891 3544 Sed
1922 3487 1973 3542 in
1995 3496 2341 3544 sacramento
2372 3487 2582 3552 altaris,
2787 3480 2793 3542 l

580 3585 649 3626 ex
683 3571 786 3627 hoc
813 3573 959 3646 quod
1002 3569 1186 3628 divina
1217 3573 1421 3630 virtute
1463 3574 1770 3631 substantia
1816 3575 1991 3648 panis,
2031 3575 2439 3631 remanentibus
2468 3579 2599 3656 ejus·

579 3659 1028 3727 dimensionibus,
1057 3662 1358 3718 secundum
1389 3679 1527 3735 quas
1565 3672 2039 3721 commensuratur
2074 3660 2213 3729 loce,
2247 3667 2592 3722 convertitur

578 3747 635 3802 in
661 3745 1024 3806 substantiam
1050 3751 1294 3822 corporis
1319 3749 1538 3817 Christi,
1562 3753 1812 3826 sequitur
1833 3753 1974 3827 quod
1996 3753 2141 3810 idem
2163 3769 2361 3827 corpus
2387 3753 2591 3810 Chi-isti

579 3837 651 3891 Sit
697 3850 803 3892 non
845 3837 1090 3894 localiter
1134 3839 1435 3895 secundum
1476 3845 2061 3899 commensurationem
2112 3845 2454 3916 propriarum
2502 3843 2594 3898 di-

581 3925 939 3999 mensionum,
979 3927 1076 3985 sed
1125 3929 1617 4000 sacramentaliter,
1659 3931 1713 3987 in
1753 3929 2003 4006 pluribus
2045 3931 2179 3990 locis
2225 3931 2408 3989 simul.
2442 3931 2591 4005 Ergo
