2800 4492
737 377 869 437 :1:112
899 391 978 406 —
1005 376 1432 434 ouonuen‘run
1456 427 1459 430 ,
1482 376 1727 423 81³1qu
2126 364 2245 424 343

224 496 393 564 patet
423 490 573 565 quod
613 491 794 547 unitas
821 506 1067 564 persopae
1099 506 1206 549 non
1234 492 1386 567 ponit
1430 491 1485 568 in
1531 505 1819 550 numerum
1864 506 1989 550 cum
2035 493 2245 554 unitate

219 581 495 640 essentiae
538 580 695 651 quasi
747 580 984 649 realiterj
1012 581 1084 650 ab
1135 596 1204 649 ea
1257 572 1531 649 differem,
1582 581 1679 638 sed
1719 581 1898 648 solum,
1942 583 2243 642 secundum

218 669 460 727 modum
486 668 847 741 intelligendu
1024 730 1032 742 ,
1261 731 1263 736 ,

293 757 370 813 Et
399 773 500 832 per
528 757 630 813 hoo
659 763 811 830 patet
839 745 1118 830 responsio
1148 759 1217 816 ad
1247 760 1483 832 objecta.

295 846 444 900 Nam
467 845 702 918 primum
731 845 1069 918 procedebat
1088 847 1388 911 seeundum
1417 848 1779 909 differentiam
1813 850 1893 907 rei
1922 867 1935 906 :
1964 867 2091 926 quae
2113 852 2243 926 quia

221 949 337 990 non
368 939 456 990 est
498 933 554 990 in
599 933 800 990 divinis
819 929 977 994 'inter
1024 936 1291 1002 unitatem·
1316 939 1571 1002 essentiae
1601 946 1656 995 et
1689 955 1957 1012 personas,
1987 941 2109 997 ideo
2135 957 2241 996 non

221 1028 412 1096 potest
439 1022 566 1093 poni
590 1021 930 1094 quaternitas
957 1022 1012 1093 in
1035 1024 1173 1092 Deo·
1201 1025 1511 1092 Secundum
1534 1042 1664 1083 vero
1684 1029 2013 1101 procedebat
2038 1045 2242 1084 secun-

223 1109 360 1173 dum
394 1109 761 1168 differentiam
788 1127 912 1184 quae
939 1119 1027 1180 est
1066 1129 1134 1172 ex
1176 1115 1336 1175 modo
1376 1116 1711 1189 intelligendi
1758 1123 1815 1174 et
1870 1117 2237 1190 significandi,

224 1215 294 1264 ex
320 1213 436 1272 quo
465 1199 716 1272 provenit
763 1201 908 1273 quod
947 1201 1198 1271 dicimus
1229 1205 1377 1274 quod
1423 1205 1583 1262 Pater
1610 1211 1665 1262 et
1702 1205 1870 1264 Filius
1907 1214 1963 1264 et
2004 1207 2245 1280 Spiritus

225 1287 466 1344 Sanctus
487 1288 746 1346 dicuntur
775 1301 961 1358 unum5
984 1291 1083 1359 ,sed
1113 1307 1218 1356 non
1245 1308 1404 1354 unus,

301 1589 510 1646 Deinde
540 1589 687 1647 circa
714 1590 950 1662 Angelos
979 1583 1365 1664 quaerebantur
1395 1589 1613 1650 duozlo
1637 1589 1705 1650 de
1728 1595 1943 1652 actione
1962 1595 2236 1668 ipsorum;

230 1685 417 1734 utrum
453 1677 665 1735 scilicet
707 1679 974 1752 quidquid
1016 1691 1184 1752 agunt
1227 1677 1394 1754 a'gant'
1437 1698 1531 1753 per
1578 1683 1865 1757 imperium
1890 1683 2235 1754 ‘voluntatis;

228 1772 292 1824 2⁰
320 1767 530 1825 deloco
559 1767 830 1838 ipsorum3
857 1765 1278 1840 utru'm'scilicet
1324 1766 1536 1844 possint
1582 1787 1703 1828 esse
1744 1773 1799 1828 in
1840 1788 2081 1830 convexo
2111 1773 2236 1830 coeli

228 1856 507 1931 empyrei,-
524 1857 666 1930 quod
694 1857 860 1914 etiam
883 1859 1231 1931 quaerebatur
1253 1860 1400 1917 cirea
1430 1877 1657 1934 corpora
1688 1861 1943 1934 gloriosa.

931 2021 1384 2122 ARTIOULUS
1412 2001 1423 2128 '-
1448 2040 1527 2101 11.
1632 2077 1637 2080 -

400 2149 620 2214 Utrum
648 2149 947 2238 quidquid
974 2153 1108 2232 aqit
1127 2151 1430 2302 ῑΑηρεῑαε,
1464 2158 1612 2233 ayat
1633 2171 1744 2236 per
1766 2155 2079 2234 imperium

1051 2257 1122 2303 vo
1151 2245 1409 2304 natatis.

251 2315 264 2424 ζ
297 2355 460 2416 Circa
493 2325 792 2410 secundun}
820 2355 899 2414 sio
926 2355 1258 2428 proceditur.
1290 2359 1342 2411 l.
1367 2356 1598 2413 Videtur
1636 2357 1783 2429 quod
1822 2373 1927 2413 non
1968 2358 2235 2431 quidquid

119 2435 125 2444 ’
228 2445 341 2515 agit
371 2441 629 2514 Angelus,
647 2449 778 2514 agat
808 2459 901 2516 per
927 2443 1215 2517 imperium
1245 2435 1560 2500 voluntatis.
1584 2445 1849 2501 Voluntas
1878 2447 2022 2500 enim
2042 2462 2237 2518 aequa-

228 2533 352 2600 liter
377 2548 438 2594 se
466 2531 625 2588 habet
658 2532 726 2588 ad
759 2533 1060 2605 propinqua
1085 2538 1140 2588 et
1171 2540 1398 2588 remota.
1426 2533 1479 2588 Si
1508 2548 1635 2604 ergo
1658 2533 1901 2604 Angelus
1924 2543 2109 2604 ageret
2140 2551 2234 2606 per

224 2621 402 2690 solum
455 2621 740 2693 imperium
783 2621 1471 2700 voluntatiffisequeretur
1514 2622 1659 2694 quod
1704 2637 1807 2678 non
1864 2623 2126 2689 differret,
2166 2624 2235 2680 ad

227 2711 329 2766 hoo
357 2709 505 2782 quod
529 2708 770 2780 Angelus
795 2708 1000 2784 aliquid
1029 2719 1238 2782 ageret,
1271 2710 1417 2783 quod
1460 2720 1603 2767 esset
1633 2713 2000 2791 propinquum
2024 2714 2111 2768 vet
2140 2729 2236 2769 re-

227 2807 438 2855 motum
471 2798 600 2852 illud
632 2797 684 2852 in
711 2797 858 2870 quod
893 2799 1038 2869 agit;
1071 2799 1231 2854 etsie
1255 2815 1532 2872 nunquam
1558 2807 1773 2872 oportet
1814 2801 1957 2874 quod
1998 2801 2065 2857 de
2094 2801 2232 2859 coelo

225 2889 294 2956 ad
327 2897 533 2945 terram
557 2887 912 2944 descenderet
942 2888 1009 2944 ad
1039 2887 1246 2961 aliquid
1275 2887 1363 2944 hic
1391 2888 1663 2960 agendum
1695 2908 1708 2946 z
1741 2891 1886 2962 quod
1930 2899 2013 2946 est
2038 2900 2229 2948 contra

228 2977 581 3034 traditionem
608 2991 780 3032 sacrae
803 2977 1118 3047 Scripturae.
1910 3053 1913 3056 ‚
2252 3037 2261 3046 ἡ

294 3071 349 3124 2.
383 3068 674 3132 Praeterea,
703 3071 966 3138 quantum
997 3066 1065 3121 ad
1094 3066 1429 3128 voluntltem
1458 3081 1565 3122 non
1589 3067 1770 3123 differt
1797 3068 1979 3123 unitas
2006 3077 2059 3124 et
2084 3069 2231 3124 mul-

226 3155 404 3212 titudo
438 3173 452 3210 ι
483 3155 627 3211 sicut
662 3155 808 3210 enim
855 3154 1054 3227 aliquis
1102 3161 1280 3227 potest
1325 3155 1463 3211 velle
1514 3167 1731 3210 movere
1776 3171 1937 3211 unam
1976 3172 2109 3224 rem,
2154 3160 2227 3214 ita

225 3251 404 3318 potest
432 3243 570 3299 velle
611 3259 831 3299 movere
873 3242 1056 3316 plures
1097 3259 1203 3310 ree,
1234 3242 1318 3298 vel
1361 3243 1528 3298 etiam
1582 3250 1756 3299 totum
1804 3246 2135 3302 universum.
2172 3247 2226 3304 Si

223 3348 354 3402 ergo
377 3329 619 3401 Angelus
657 3336 844 3402 ageret
879 3330 1056 3386 solum
1085 3346 1182 3402 per
1223 3329 1511 3401 imperium
1556 3327 1872 3400 voluntatis,
1906 3344 2229 3408 sequeretur

223 3420 372 3492 quod
412 3427 597 3492 posset
637 3435 856 3475 movere
904 3426 1078 3474 totum
1122 3418 1491 3499 universum&
1517 3419 1664 3491 quod
1708 3421 2059 3493 impossibile,
2104 3439 2227 3478 cum

223 3507 338 3580 ipse
367 3506 440 3563 sit
470 3520 598 3578 pars
627 3505 884 3565 universi.
916 3507 1035 3562 Non
1063 3520 1195 3576 ergo
1220 3505 1459 3577 Angelus
1483 3507 1597 3578 agit
1625 3507 1741 3563 solo
1767 3509 1993 3582 imperio
2034 3509 2229 3564 volun--

223 3596 374 3654 tatiS.

262 3685 400 3742 -Sed
427 3691 636 3750 contra,
671 3684 848 3741 omnis
889 3685 1032 3742 actio
1079 3690 1162 3742 est
1207 3684 1277 3740 ab
1318 3684 1501 3758 aliqua
1542 3686 1761 3741 virtute.
1788 3685 1891 3741 Sed
1937 3676 2226 3756 in'Angelo

220 3791 327 3837 non
351 3781 438 3832 est
462 3773 569 3844 elia
599 3774 770 3830 virtus
796 3789 962 3846 quam
987 3774 1295 3831 intellectus
1318 3781 1373 3830 et-
1406 3773 1655 3828 voluntas
1676 3771 2015 3827 :lntellectus
2039 3778 2225 3828 autem

220 3879 327 3919 non
365 3865 481 3936 agIt
517 3863 619 3919 nisi
663 3880 758 3936 per
803 3864 1158 3922 voluntatem.
1189 3864 1328 3936 Ergo
1367 3862 1545 3922 omnis
1586 3859 1728 3919 actio
1772 3859 1965 3934 Angeli
2004 3868 2087 3918 est
2130 3869 2228 3937 pet·

219 3954 512 4028 imperium
541 3953 858 4026 voluntatis,
897 3999 902 4006 .
