2800 4492
529 373 660 436 364:
1005 388 1056 433 s.
1096 386 1702 436 moutnnoumxris
1744 385 2053 430 croscum
2161 418 2185 440 .

533 507 758 562 titnr’eo
784 503 876 562 cui
915 503 1394 576 magis.creditur.
1420 502 1545 569 Sed,
1572 503 1715 558 sicut
1744 501 2033 560 Anselmus
2070 501 2204 560 dicit
2240 499 2296 559 in
2335 502 2435 560 lib.
2468 503 2544 559 de

533 595 797 661 veritate,
830 595 1004 665 magis
1027 591 1268 649 creditur
1289 591 1459 654 sactis
1482 605 1648 666 quam
1676 590 1877 648 verbis.
1904 590 2045 664 Ergo
2072 590 2299 664 gravius
2334 599 2553 666 peccat

531 683 626 756 qui
656 683 916 738 mentitur
941 681 1101 738 sactis
1128 696 1292 754 quam
1316 679 1521 743 siurbis.
1586 721 1591 725 -
2244 719 2254 726 -
2296 719 2307 726 -
2438 719 2477 725 --

602 771 708 830 sed
749 779 940 826 contra
975 776 1060 826 est
1102 768 1248 841 quod
1290 768 1625 840 Augustinus
1666 767 1801 825 dicit
1838 769 1894 824 in
1919 769 1943 824 1
1967 761 2036 824 de
2066 770 2329 828 Doctrina
2352 739 2540 826 chris-

534 859 711 916 tiana·
729 858 880 916 Inter
907 857 1087 914 omnia
1107 857 1260 929 signa
1277 856 1613 929 prcecipuum
1640 857 1811 914 Meum
1832 863 2008 912 tenent
2031 857 2209 914 uerba.
2224 857 2320 914 His
2343 867 2535 915 autem

534 945 778 1004 abutitur
828 946 918 1002 ille
963 946 1057 1020 qui
1105 931 1268 1001 verbo
1321 946 1600 1004 mentitur.
1652 943 1795 1018 Ergo
1846 945 2061 1002 videtur
2108 945 2261 1022 qnod
2310 947 2539 1041 grevius

534 1041 725 1107 peccat
749 1034 838 1092 ille
861 1035 957 1108 qui
983 1033 1240 1090 mentitur
1259 1032 1455 1100 verbo,
1480 1035 1645 1105 quam
1673 1032 1763 1089 ille
1788 1033 1880 1106 qui
1908 1035 2185 1090 mentitur
2199 1033 2388 1090 facto.

552 1123 923 1197 Respondet)
963 1122 1270 1190 dicendum,
1309 1122 1477 1194 quod,
1502 1122 1643 1179 sicut
1675 1123 1993 1184 Ambrosius
2030 1123 2167 1180 dicit
2202 1124 2257 1179 ln
2292 1125 2537 1198 quodem

535 1227 936 1279 sermone,.non
956 1212 1136 1277 solum
1163 1212 1218 1267 in
1247 1210 1398 1268 falsis
1422 1211 1621 1278 verbis,
1642 1212 1740 1268 sed
1762 1212 1929 1268 etiam
1956 1212 2015 1274 in
2042 1212 2317 1269 simulatis
2332 1213 2499 1285 -operi
2514 1245 2549 1272 ·.

536 1301 640 1357 bus
659 1300 1002 1358 mendacium
1037 1308 1141 1358 est.
1169 1301 1459 1358 Peccatum
1486 1305 1673 1357 autem
1700 1301 1967 1358 mendacii
2006 1301 2381 1374 principaliter
2404 1294 2565 1373 qui-'

536 1389 662 1446 dem
691 1389 942 1447 consistit
986 1389 1042 1445 in
1082 1377 1382 1448 intentione
1418 1384 1683 1458 ,telleneu
1714 1389 1862 1444 unde
1888 1389 1981 1444 ille
2024 1389 2117 1462 qui
2162 1389 2298 1448 dicit
2334 1389 2537 1446 farsum

535 1479 682 1553 quod
736 1485 898 1553 putat
946 1493 1064 1534 esse
1117 1491 1326 1545 veram,
1365 1493 1473 1534 non
1518 1477 1797 1538 mentitur.
1837 1477 2011 1549 Magis
2050 1485 2233 1534 autem
2284 1487 2367 1534 est
2402 1495 2539 1536 reus

537 1567 807 1624 mendacii
829 1565 926 1624 ‘ille
965 1567 1062 1638 qui
1097 1566 1235 1622 dicit
1257 1554 1461 1622 ‘verum
1488 1566 1651 1638 quod,
1678 1571 1834 1637 putat
1876 1580 1997 1626 esse
2038 1565 2252 1631 falsum,
2284 1575 2343 1622 ut
2380 1573 2537 1640 patet

539 1674 637 1731 per
663 1657 1026 1730 Augustinum
1064 1657 1118 1712 in
1144 1653 1242 1712 lib.
1269 1657 1337 1712 de
1359 1656 1677 1712 Mendacio.
1700 1655 1878 1722 Unde,
1904 1669 2029 1712 cum
2069 1655 2261 1712 eadem
2304 1656 2537 1714 intentio

477 1763 480 1768 ·
537 1747 760 1804 fallendi
787 1747 858 1802 sit
886 1746 942 1800 in
965 1759 1036 1802 eo
1059 1745 1167 1818 qui⁴
1183 1744 1447 1805 mentitur
1472 1743 1655 1811 verbo,
1674 1752 1729 1798 et
1758 1744 1813 1798 in
1838 1758 1905 1799 eo
1948 1745 2043 1817 qui
2072 1745 2339 1803 mentitur
2364 1746 2547 1814 facto,⁴

539 1826 771 1904 uterque
796 1830 1082 1905 aequaliter
1109 1837 1322 1903 peccat.
1344 1829 1583 1886 Verbum
1606 1831 1753 1886 enim
1780 1838 1835 1886 et
1857 1829 2065 1887 factum
2092 1841 2447 1890 assumuntur
2472 1841 2537 1892 ut

539 1915 914 1979 instrumenta·
950 1917 1206 1986 fallendi;
1253 1917 1404 1980 unde
1444 1933 1552 1974 non
1596 1919 1777 1978 refert·
1808 1925 2075 1992 quantum
2128 1921 2198 1977 ad
2248 1931 2537 1994 peccatum

541 2007 827 2075 mendacii,
841 2013 1026 2064 utrum
1052 2005 1250 2080 aliquis
1271 2005 1439 2063 verbo
1460 2007 1546 2065 vel
1573 2008 1781 2081 scripto
1802 2007 1888 2064 vel
1916 2020 2050 2066 nutu
2076 2009 2162 2066 vel
2184 2025 2544 2086 quocumque

541 2099 688 2158 facto
711 2097 1034 2165 mentiatur3
1053 2096 1196 2152 sicut
1214 2109 1319 2150 non
1349 2095 1517 2151 refert
1543 2097 1903 2168 quantum-ad
1920 2106 2212 2171 peccatum
2236 2099 2549 2172 homicidii,-

542 2195 726 2246 utrum
755 2185 879 2259 quis
897 2184 1076 2258 gladio
1103 2184 1188 2241 vel
1205 2183 1396 2240 securi
1419 2184 1715 2242 interficiat
1735 2185 2029 2244 hominem.

553 2301 560 2308 ·
609 2273 680 2334 Et
705 2290 800 2348 per
819 2273 923 2333 hoc
947 2279 1098 2348 patet
1123 2273 1402 2348 responsio
1431 2273 1505 2330 ad
1525 2272 1760 2346 objecta.

1199 2487 1202 2494 ·
1275 2415 1674 2581 QUAEjsno.
1714 2471 1804 2540 x,
1874 2547 1879 2552 ,

531 2669 539 2673 -
559 2629 822 2685 Deinde
849 2628 1144 2702 quaesitum
1165 2632 1254 2684 est
1275 2628 1443 2687 circa
1436 2643 1648 2702 corpus
1672 2625 1938 2698 hominis3
1966 2635 2148 2686 utrum
2186 2597 2402 2690 scilicet
2436 2631 2545 2691 ali-

545 2716 670 2797 quis
693 2717 862 2790 possit
887 2731 1011 2774 esee
1033 2715 1355 2775 naturaiiter
1379 2716 1464 2772 vel
1494 2716 1817 2776 miraculose
1838 2717 2003 2778 simul
2026 2719 2181 2792 virgo
2206 2725 2269 2776 et
2291 2727 2469 2794 pater.

1142 2839 1629 2956 ARTiOULUS
1674 2840 1912 2957 XVIiI.

677 3023 892 3090 Utrum
921 3023 1149 3106 aliquia
1163 3024 1366 3106 possit
1393 3041 1511 3088 erse
1534 3026 1923 3094 natm-alitur
1950 3026 2043 3090 vel
2067 3027 2188 3093 mir
2190 3026 2428 3094 avalosa

1197 3112 1384 3177 simul
1406 3113 1503 3176 vir
1501 3132 1577 3195 qo
1606 3119 1663 3178 et
1686 3120 1883 3194 pater.

617 3247 685 3301 Et
717 3214 932 3302 videtur
976 3244 1124 3319 quod
1169 3243 1271 3302 hoc
1314 3243 1485 3319 possit
1531 3261 1649 3302 esse
1700 3245 2043 3304 miraculose.
2084 3197 2235 3318 ‘Quia
2287 3245 2451 3319 pater
2488 3256 2545 3307 et

548 3339 724 3390 mater
749 3331 909 3389 simul
935 3339 1061 3390 sunt
1089 3335 1465 3422 generationis
1482 3333 1767 3407 principia.
1794 3335 1898 3392 Sed
1937 3335 2119 3408 aliqua
2152 3336 2347 3394 mulier
2374 3338 2547 3396 mira-

547 3422 732 3479 culose
776 3422 882 3478 fuit
907 3422 1069 3478 simul
1100 3423 1256 3495 virgo
1293 3430 1348 3480 et
1385 3429 1580 3487 mater.
1611 3424 1755 3496 Ergo
1788 3424 1915 3496 pari·
1944 3424 2159 3484 ratione
2210 3425 2416 3500 aliquis
2459 3427 2546 3486 'vit

547 3510 868 3568 miraculose
897 3517 1078 3584 potest
1103 3512 1263 3568 simul
1283 3525 1403 3568 esse
1433 3511 1586 3584 virgo
1615 3521 1670 3569 et
1696 3519 1870 3585 pater.
2058 3520 2063 3532 ’

563 3633 571 3642 -
617 3603 670 3656 2.
697 3601 852 3665 item,
881 3600 1101 3660 videtur
1145 3599 1434 3673 quodhoc
1474 3601 1645 3672 possit
1685 3616 1804 3660 esse
1845 3601 2052 3676 absque
2090 3601 2377 3665 miraculo.
2394 3605 2547 3676 ‘Quin

547 3688 759 3746 daemon
784 3687 1013 3744 incubus
1029 3695 1212 3762 potest
1233 3687 1402 3745 furari
1428 3703 1613 3745 semen
1640 3691 1741 3746 viri
1772 3691 1999 3763 virginis
2021 3691 2076 3746 in
2099 3693 2307 3748 somn-is
2330 3693 2551 3767 polluti,

547 3769 604 3832 et
648 3775 1026 3834 transfundere
1068 3777 1124 3836 in
1165 3777 1451 3836 matricem
1482 3775 1763 3847 'mutieri83
1792 3794 1855 3834 ex
1910 3795 2021 3852 quo
2068 3781 2309 3854 quidem·
2340 3781 2546 3839 semine

545 3869 735 3938 potest
751 3865 962 3938 concipi
993 3865 1189 3938 proles,
1221 3867 1553 3940 cujus-pater
1580 3881 1686 3927 non
1710 3877 1795 3926 est
1818 3869 2031 3926 daemon
2056 3869 2304 3938 incubus⁴
2332 3871 2431 3928 sed
2459 3871 2549 3928 ille

547 3964 616 4006 ex
641 3951 800 4022 cujus
840 3951 1046 4010 semine
1088 3958 1398 4024 generatur,
1428 3952 1577 4026 quod
1622 3953 1737 4026 agit
1764 3955 1821 4014 in
1862 3956 2066 4018 virtute
2109 3957 2231 4032 ejus
2270 3972 2303 4016 a
2326 3971 2439 4032 quo
2464 3963 2549 4019 est
