2800 4492
736 294 844 341 111.
880 310 958 323 --
987 294 1414 349 quonum-rom
1457 294 1783 343 sucuuouu
2147 284 2260 351 171

251 406 565 465 Judaeorum
606 415 733 465 sunt
776 409 1087 483 baptizandi
1125 410 1311 467 invitis
1349 412 1698 486 parentibus3
1743 415 1806 469 3⁰
1842 412 1991 470 circa
2018 414 2260 471 decimas

254 512 384 569 quae
421 497 687 554 debentur
738 498 1003 555 ministris
1047 506 1533 569 sacramentorum,
1582 508 1764 557 utrum
1804 501 2002 581 aliquis
2039 511 2260 582 propter

254 587 903 661 consuetudinempossit
931 590 1175 649 excusari
1208 606 1275 647 ue
1302 590 1546 647 decimas
1573 589 1770 648 solvat.

946 768 1401 831 ARTICULUS
1445 770 1556 830 VI.

270 892 481 963 Utrum
502 899 763 962 homines
792 900 1021 963 eredere
1046 900 1382 964 debuissent
1418 902 1657 965 Christo
1679 921 1800 965 non
1823 905 2080 981 facienti
2103 904 2260 965 visi-

343 989 483 1050 bilia
509 990 833 1051 miracula.
867 1024 946 1035 -—
970 989 1034 1068 (3
1050 996 1251 1069 part„
1290 996 1500 1070 qucest.
1534 994 1634 1065 43,
1681 998 1804 1054 art.
1847 994 1905 1065 1,
1949 993 2030 1054 act
2077 998 2154 1068 43
2201 998 2258 1055 et

340 1095 530 1155 opusc.
564 1078 666 1152 60,
694 1083 819 1140 art.
854 1079 949 1153 12,
982 1079 1053 1141 de
1094 1078 1226 1157 ejus
1250 1080 1618 1157 miraculis.)

276 1284 281 1287 -
315 1208 405 1265 'Ad
429 1210 661 1281 primum
690 1210 770 1264 sic
796 1202 1127 1283 proceditur.
1160 1213 1212 1265 ⁴.
1238 1210 1466 1269 Videtur
1491 1211 1634 1285 quod
1665 1212 1879 1268 Christo
1905 1228 2010 1267 uon
2033 1212 2253 1269 facienti

262 1296 485 1353 visibilia
529 1297 790 1353 miracula
828 1297 1075 1355 homines
1111 1299 1333 1355 credero
1381 1315 1487 1355 nou
1516 1299 1872 1357 tenerentur.
1914 1300 2256 1371 Quicumque

263 1386 396 1441 enim
433 1402 539 1442 non
569 1385 701 1441 facit
727 1386 831 1441 hoc
860 1386 927 1441 ad
958 1387 1104 1460 quod
1135 1394 1369 1455 tenetur,
1403 1396 1614 1461 peccat.
1646 1389 1748 1445 Sed
1790 1390 1833 1443 si
1876 1388 2117 1444 homines
2149 1404 2252 1445 non

262 1476 532 1531 crederent
575 1475 790 1531 Christo
839 1476 1100 1532 miracula
1147 1491 1252 1531 non
1298 1475 1540 1543 facienti,
1584 1492 1688 1533 non
1744 1484 2068 1550 peccarent3
2120 1476 2255 1531 dicit

263 1564 391 1618 enim
431 1566 566 1636 ipsc,
597 1566 753 1619 loan.
786 1581 883 1632 xv,
923 1568 990 1623 24
1019 1583 1031 1619 :
1064 1564 1120 1621 Si
1146 1582 1311 1639 opera
1336 1583 1441 1622 non
1481 1566 1714 1638 fecissem
1738 1568 1796 1622 in
1825 1568 1899 1622 eis
1935 1582 2050 1640 quoe
2078 1567 2255 1623 veulles

263 1654 387 1709 alius
419 1654 567 1725 feeit,
594 1661 866 1726 peceatum
888 1670 1001 1729 *non
1037 1655 1319 1722 haberent;
1352 1663 1408 1711 et
1442 1655 1683 1729 loquitur
1710 1656 1776 1710 do
1809 1663 2032 1731 peccato
2056 1654 2255 1710 'infide-

265 1741 436 1809 litatiS,
462 1742 761 1798 secundum
787 1744 1168 1815 Augustinum.
1199 1744 1340 1817 Ergo
1365 1743 1602 1812 Christe,
1633 1744 1678 1799 si
1707 1759 1812 1801 non
1839 1743 2056 1801 fecisset
2082 1744 2254 1802 mira-

262 1830 388 1899 cula,
421 1830 669 1888 homines
692 1831 914 1887 credere
942 1848 1045 1887 non
1078 1840 1412 1888 tenerentur.

270 1982 273 1987 ,
320 1925 369 1977 2.
400 1922 695 1987 Praeterea,
730 1920 906 1975 nullus
945 1926 1123 1993 potest
1154 1928 1363 1977 mutare
1403 1921 1574 1993 legem
1606 1922 1707 1979 nisi
1750 1922 2045 1995 legislator,
2080 1923 2163 1979 vel
2188 1939 2254 1979 eo

257 2008 513 2084 superior.
554 2008 659 2066 Sed
690 2007 937 2065 Christus
966 2009 1303 2082 praedicabat
1326 2010 1579 2083 quaedam
1609 2026 1734 2084 quae
1763 2012 2085 2069 videbantur
2125 2028 2252 2084 pcr-

258 2100 417 2155 tinere
460 2098 531 2155 ad
557 2098 759 2153 veteris
795 2097 931 2169 legis
961 2098 1339 2167 abolitionem3
1368 2100 1510 2155 sicut
1538 2100 1682 2172 quod
1723 2099 1828 2155 cibi
1865 2115 1969 2156 non
1999 2102 2252 2175 coinqui-

256 2194 436 2243 narent
477 2186 773 2254 hominem,
821 2194 874 2241 et
917 2186 1063 2258 quod
1100 2186 1227 2242 licet
1268 2189 1320 2243 in
1364 2187 1594 2244 sabbato
1622 2188 1856 2261 operari.
1887 2190 2101 2260 Sl'ergo
2145 2206 2252 2246 non

254 2276 529 2351 probasset
566 2293 626 2331 se
650 2291 771 2331 esse
800 2274 1183 2347 legislatorem,
1216 2291 1319 2334 uon
1345 2276 1536 2331 suisset
1561 2277 1610 2333 ei
1636 2276 1988 2335 credendum.
2013 2278 2117 2335 Sed
2148 2279 2252 2336 hoc

254 2364 497 2421 fleri'uon
527 2364 792 2437 potuisset
818 2364 917 2419 uisi
949 2380 1045 2437 per
1076 2364 1355 2431 miracula,
1388 2380 1513 2421 cum
1543 2364 1908 2435 legislatorem
1939 2364 2108 2422 multa
2143 2367 2252 2421 mi-

176 2501 185 2513 .
253 2454 447 2527 recula,
504 2454 902 2527 praecesserint.
968 2454 1112 2527 Ergo
1162 2454 1377 2511 Christo
1431 2468 1536 2510 nou
1583 2460 1702 2511 erat
1744 2453 2095 2522 credendum,
2145 2455 2250 2513 nisi

253 2544 507 2601 miracula
534 2542 773 2599 fecisset.

314 2636 365 2687 3.
390 2633 497 2689 Sed
536 2641 747 2696 contra,
786 2631 959 2703 magis
982 2630 1294 2703 obligantur
1330 2630 1578 2688 homines
1603 2630 1672 2688 ad
1697 2631 2029 2687 credendum
2058 2632 2250 2704 primae

252 2721 459 2778 veritati
488 2737 655 2794 quam
684 2721 753 2777 ad
782 2720 1114 2777 credendum
1146 2720 1448 2776 visibilibus
1488 2720 1676 2795 signis·
1717 2720 1820 2777 Sed
1849 2720 1978 2776 licet
2002 2720 2251 2777 Christus

252 2810 506 2868 miracula
554 2826 660 2867 non
702 2809 939 2874 fecisset,
989 2809 1106 2881 ipse
1146 2814 1327 2865 tamen
1374 2824 1537 2866 verus
1579 2810 1724 2864 Deus
1768 2810 2027 2876 existenS,
2075 2810 2251 2881 prima

251 2901 445 2955 veritas
474 2904 615 2955 erat.
664 2898 805 2973 Ergo
833 2898 998 2955 etiam
1040 2898 1087 2955 si
1118 2898 1381 2955 miracula
1423 2912 1532 2957 nou
1567 2898 1805 2965 fecisset,
1839 2898 2017 2956 adhuc
2050 2905 2169 2959 erat
2197 2898 2248 2957 et

246 2987 595 3046 credendum.

311 3080 364 3135 4.
390 3078 686 3143 Praeterea,
718 3075 897 3149 gratia
933 3076 1148 3133 unionis
1184 3082 1271 3133 est
1299 3079 1472 3149 major
1502 3091 1667 3149 quam
1699 3076 1878 3147 gratia
1909 3083 2125 3150 gratum
2161 3077 2249 3133 sa-

248 3168 388 3223 ciens
410 3183 511 3240 per
542 3165 907 3238 adoptionem.
936 3164 1039 3221 Sed
1071 3164 1332 3221 miracula
1359 3180 1469 3220 non
1499 3164 1828 3221 sufficienter
1857 3165 2088 3239 probant
2113 3182 2242 3237 gra·
2323 3238 2328 3243 .

248 3256 373 3311 tiam
398 3262 619 3327 gratum
648 3253 936 3310 facientem
972 3271 984 3308 :
1030 3255 1179 3328 quia,
1219 3259 1280 3310 ut
1310 3252 1540 3309 habetur
1568 3253 1760 3309 Matth.
1797 3270 1898 3320 vu,
1927 3259 2014 3323 22,
2042 3254 2126 3311 his
2151 3256 2245 3329 qui

247 3346 454 3403 Christo
494 3346 550 3400 in
573 3344 784 3417 judicio
812 3344 995 3400 dicent
1040 3361 1053 3398 ε
1084 3344 1325 3409 Domine,
1357 3344 1416 3399 in
1445 3342 1653 3399 nomine
1681 3350 1771 3399 tuo
1798 3343 2027 3402 virtutes
2054 3347 2247 3403 mullas

246 3434 488 3506 fecimus,·
516 3431 931 3505 respondebitur
960 3445 973 3485 ε
1000 3431 1125 3492 Non
1146 3431 1267 3487 novi
1287 3447 1395 3487 vos.
1419 3430 1558 3503 Ergo
1585 3431 1754 3488 multo
1779 3433 1958 3488 minus
1983 3432 2244 3491 miracula

247 3522 515 3578 sufficiunt
543 3520 614 3578 ad
658 3518 995 3591 probandum
1025 3520 1257 3591 gratiam
1297 3520 1528 3576 unionis·
1572 3520 1627 3577 Si
1654 3536 1780 3593 ergo
1811 3521 1927 3575 sine
1969 3506 2247 3575 miraculis

248 3610 453 3667 Christo
497 3608 747 3665 homines
782 3609 1003 3664 credere
1039 3624 1147 3664 non
1179 3614 1509 3677 tenerentur,
1542 3625 1718 3683 neque
1759 3610 1921 3664 etiam
1967 3607 2244 3667 miraculis

250 3699 401 3756 factis
438 3697 763 3755 tenebantur
798 3697 1020 3758 credere
1048 3698 1251 3755 dicenti
1280 3713 1339 3756 se
1366 3712 1486 3755 esse
1517 3698 1687 3756 Deum
1717 3714 1729 3755 z
1771 3697 1913 3775 quod
1945 3702 2098 3772 patet,
2123 3710 2242 3757 esse

248 3786 455 3846 falsum.
1340 3784 1347 3791 ’

315 3876 635 3960 Respondeo
683 3876 995 3951 dicendum,
1045 3878 1191 3960 quod
1232 3876 1412 3940 nullus
1451 3882 1667 3939 tenetur
1712 3872 1782 3935 ad
1827 3873 1931 3934 hoc
1975 3873 2119 3956 quod
2157 3878 2244 3939 est
