2800 4492
638 470 1341 616 QuoanETUM
1414 527 1864 626 QmNTUM

179 773 436 986 ff
989 849 1388 926 QUAESTIO
1435 854 1489 921 1.

373 1001 512 1059 ‹inde
537 1004 830 1076 quaesitum
856 1012 940 1060 est
977 1005 1045 1062 de
1068 1009 1184 1064 Deo
1212 1015 1268 1064 et
1295 1012 1517 1084 Angelis
1559 1023 1615 1071 et
1655 1013 1983 1078 hominibuS.
2013 1025 2092 1082 De
2131 1027 2246 1088 Deo

235 1093 524 1166 ,pa-esitum
563 1100 648 1147 est
688 1100 744 1148 et
783 1100 1050 1166 quantum
1090 1097 1158 1154 ad
1204 1089 1753 1172 naturam'divinam‚
1785 1118 1841 1165 et
1878 1119 2145 1184 quantum
2172 1119 2241 1174 ad

235 1191 482 1237 naturam
525 1188 885 1254 assumptam.
919 1183 1194 1254 Quantum
1241 1189 1310 1244 ad
1355 1196 1610 1248 naturam
1660 1195 2240 1273 divinamquaesitum

233 1275 317 1326 est
341 1269 410 1324 de
437 1269 687 1337 scientia,
721 1276 774 1326 et
803 1272 873 1327 de
902 1274 1176 1347 potentia.
1201 1275 1362 1334 Circa
1389 1279 1680 1338 scientiam
1706 1284 1806 1340 Dei
1850 1290 2082 1359 quaesita
2113 1303 2241 1351 sunt

232 1357 340 1411 duo
372 1373 386 1412 :
420 1358 480 1412 ⁴⁰
512 1364 692 1414 utrum
721 1359 895 1414 Deum
924 1361 1066 1418 sciat
1094 1362 1328 1434 primum
1360 1364 1573 1425 instans
1596 1369 1649 1426 in
1689 1388 1797 1444 quo
1825 1378 2007 1447 potuit
2052 1396 2239 1438 creare

232 1445 522 1516 muudum;
555 1451 617 1508 20
643 1454 826 1504 utrum
854 1449 1094 1522 praesciti
1124 1465 1156 1506 a
1181 1451 1296 1509 Deo
1325 1456 1539 1526 possint
1564 1457 1855 1528 demereri,
1902 1517 1905 1520 ,

953 1607 1413 1694 ARTIGULUS
1454 1633 1506 1696 1.

236 1757 455 1822 Utrum
481 1757 648 1823 Deua
672 1758 832 1822 sciat
854 1759 1129 1840 prim-um
1173 1762 1412 1827 instans
1439 1766 1505 1828 in
1532 1783 1651 1848 quo
1690 1773 1902 1850 potuit
1943 1771 2232 1847 mendum

385 1871 390 1879 ·
1116 1867 1334 1916 creare.
1428 1907 1431 1910 ,
2090 1901 2096 1906 -

295 1981 378 2040 Ad
409 1981 640 2056 primum
668 1981 748 2038 sic
769 1983 1185 2056 procedebatur.
1220 1988 1448 2045 Videtur
1477 1992 1621 2063 quod
1649 1994 1799 2052 Deus
1825 2001 1965 2058 sciat
1994 2005 2229 2077 primum

224 2071 512 2144 instans-in
551 2087 659 2146 quo
688 2072 863 2144 potuit
901 2075 1180 2130 mundum‘
1207 2091 1415 2134 creare.
1449 2081 1593 2136 Deus
1639 2085 1784 2140 enim
1824 2091 2003 2159 potuit
2042 2111 2230 2154 creare

225 2160 487 2232 mundum
513 2166 807 2234 antequam
833 2163 1139 2231 creaverit3
1167 2173 1487 2222 ucnautem
1518 2170 1695 2240 potuit
1734 2189 1925 2232 creare
1953 2180 2133 2254 ipsum
2178 2188 2230 2246 j„

224 2250 497 2309 infinitum
523 2258 670 2316 ante,
698 2251 827 2328 quia
856 2250 937 2308 sic
964 2260 1110 2307 esset
1139 2251 1189 2306 ei
1215 2260 1543 2316 coaeternus.
1569 2257 1711 2330 Ergo
1734 2269 1820 2318 est
1848 2266 1980 2324 dare
2004 2271 2225 2346 aliquod

221 2339 436 2399 instans
459 2339 512 2393 in
539 2354 648 2411 quo
677 2340 848 2410 primo
865 2338 1044 2411 potuit
1070 2335 1258 2398 creare
1280 2343 1681 2403 mundum..Sed
1705 2349 1853 2407 Deus
1871 2371 1969 2412 sua
1995 2360 2224 2420 scientia

223 2434 400 2486 totum
423 2427 855 2500 comprehendit.
879 2427 1022 2500 Ergo
1049 2428 1197 2503 Deus
1225 2431 1330 2485 scit
1358 2432 1596 2506 primum
1626 2433 1837 2494 instans
1878 2442 1931 2498 in
1975 2463 2084 2518 quo
2121 2467 2227 2524 po-

222 2518 327 2576 tuit
356 2524 544 2574 creare
572 2516 854 2572 mundum.
1336 2513 1342 2517 ’
1892 2601 1895 2606 Ι
2066 2523 2074 2528 ·

290 2607 395 2664 Sed
421 2611 631 2670 contra,
663 2604 809 2660 Deus
838 2603 970 2660 nihil
996 2602 1099 2660 scit
1123 2605 1269 2677 quod
1295 2607 1415 2678 ejus
1438 2609 1851 2683 omnipotentiae
1879 2623 2222 2695 praejudicet,

222 2695 611 2769 Praejudicaret
656 2701 841 2750 autem
878 2695 1003 2772 ejus·
1039 2697 1468 2769 omnipotentiae,
1496 2699 1541 2754 si
1584 2709 1731 2760 esset
1764 2705 1984 2780 aliquod
2015 2713 2223 2778 instans

221 2783 278 2844 in
304 2802 412 2862 quo
440 2785 617 2857 primo
647 2783 826 2859 potuit
853 2797 1042 2838 creare
1071 2785 1334 2842 mundum
1366 2802 1380 2842 ε
1410 2785 1538 2860 quia
1585 2791 1667 2846 sic
1707 2793 1825 2865 ejus
1868 2805 2109 2868 potentia
2151 2808 2221 2869 ad
2294 2808 2299 2815 '

220 2863 351 2931 illud
383 2874 593 2944 instans
620 2872 967 2928 limitaretur.
997 2873 1138 2954 Ergo
1162 2873 1310 2930 Deus
1333 2876 1508 2932 nescit
1529 2879 1765 2952 primum
1791 2884 2001 2946 instans
2028 2891 2221 2969 inquo

221 2965 397 3040 potuit
423 2979 610 3020 creare
637 2963 921 3018 mundum.
1558 2968 1564 2974 ·
1734 2967 1741 2976 ·
1933 2970 1940 2977 ·

290 3052 611 3122 Respondeo
650 3049 960 3116 dicendum,
993 3051 1138 3123 quod
1180 3049 1472 3123 dupliciter
1506 3056 1710 3115 dicitur
1756 3061 1963 3135 aliquid
2002 3068 2115 3126 fieri
2168 3073 2220 3129 in

217 3142 404 3215 aliqua
435 3153 684 3194 mensura
718 3136 821 3193 loci
848 3137 935 3194 vel
982 3139 1264 3210 temporis,
1295 3140 1414 3197 Uno
1451 3149 1631 3212 modo,
1664 3156 2061 3226 praesupposila
2104 3160 2221 3233 ipsa

219 3245 512 3291 mensura:
539 3234 594 3282 et
621 3227 703 3283 sic
726 3226 1085 3299 particulares
1119 3228 1345 3285 effectus
1366 3233 1741 3304 producuntur
1781 3256 1814 3296 a
1861 3241 1975 3299 Deo
2019 3249 2101 3303 vel
2150 3252 2221 3307 ab

217 3320 340 3378 aliis
364 3315 673 3392 agentihuS‚
705 3315 758 3370 in
802 3313 920 3370 loco
949 3314 1033 3370 vel
1066 3323 1329 3389 tempore.
1357 3318 1479 3376 Alio
1514 3324 1676 3380 modo
1703 3333 1765 3382 ut
1789 3329 1947 3387 simul
1985 3350 2108 3391 cum
2155 3355 2243 3394 eo·

217 3409 363 3484 quod
393 3409 486 3477 fit,
529 3405 863 3478 producatur
899 3418 1155 3460 mensura
1198 3404 1300 3461 loci
1345 3407 1431 3489 ¹vel
1479 3415 1769 3485 temporis;
1814 3427 1867 3473 et
1916 3420 2020 3478 hoe
2062 3427 2221 3483 modo

217 3499 453 3555 mundus
479 3513 512 3554 a
538 3496 652 3551 Deo
681 3495 735 3550 iu
777 3507 898 3550 esse
938 3492 1257 3563 producitur
1289 3511 1302 3550 t
1334 3512 1442 3553 non
1470 3501 1693 3570 quidem
1734 3509 1891 3579 quasi
1942 3511 1994 3564 in
2037 3513 2221 3585 aliquo

219 3587 336 3644 loco
373 3587 459 3642 vel
493 3592 738 3656 tempore
781 3583 1198 3657 praeexistente3
1229 3584 1322 3639 secl
1363 3587 1493 3659 quia
1532 3591 1693 3648 simul
1739 3610 1864 3650 cum
1920 3599 2120 3655 mundo
2164 3609 2221 3656 ει,

218 3676 370 3731 locus
403 3682 460 3730 et
489 3680 702 3747 tempus
750 3670 1089 3745 producitur.
1115 3671 1270 3747 Unde
1313 3673 1473 3731 aliter
1512 3683 1595 3736 est
1639 3681 2051 3754 intelligendum
2094 3704 2221 3746 oum

216 3765 418 3822 dicitur
447 3762 590 3834 quod
629 3761 774 3818 Deus
803 3761 980 3834 potuit
1024 3760 1202 3818 facere
1231 3761 1473 3836 aliquem
1509 3769 1895 3836 particularem
1942 3774 2215 3846 effectum,
2271 3765 2319 3812 ²>

217 3857 348 3925 puta
371 3863 575 3923 equum
601 3833 686 3905 rel
711 3848 1004 3913 hominem,
1033 3854 1328 3921 antequam
1353 3849 1565 3920 fecerit,
1589 3853 1673 3909 vel
1699 3856 1867 3910 etiam
1896 3857 2024 3914 alibi
2054 3863 2219 3954 quam
2245 3913 2255 3922 .

213 3940 438 4010 fecerit5
464 3944 517 3994 et
549 3936 706 3993 aliter
734 3952 859 3992 cum
888 3935 991 3992 hoc
1010 3935 1077 3992 de
1107 3937 1308 3992 mundo
1337 3936 1560 3998 dicitur.
1586 3941 1727 3999 Nam
1756 3949 1881 4028 cum
1908 3947 1975 4006 de
2004 3943 2221 4046 homin?

703 4052 756 4102 S.
788 4053 945 4100 Tuon.
980 4053 1080 4105 Ao.
1103 4051 1367 4101 Oruscmm.
1389 4076 1453 4090 —
1485 4055 1523 4102 ll
1579 4081 1642 4095 —
1664 4058 1727 4107 20
