<?xml version="1.0" encoding="UTF-8"?>
<!DOCTYPE html PUBLIC "-//W3C//DTD XHTML 1.0 Transitional//EN"
    "http://www.w3.org/TR/xhtml1/DTD/xhtml1-transitional.dtd">
<html xmlns="http://www.w3.org/1999/xhtml" xml:lang="en" lang="en">
 <head>
  <title>
</title>
<meta http-equiv="Content-Type" content="text/html;charset=utf-8" />
  <meta name='ocr-system' content='tesseract 3.04.00' />
  <meta name='ocr-capabilities' content='ocr_page ocr_carea ocr_par ocr_line ocrx_word'/>
</head>
<body>
  <div class='ocr_page' id='page_1' title='image "./sthomaquinatisd00thomgoog_0327.png"; bbox 0 0 2800 4492; ppageno 0'>
   <div class='ocr_carea' id='block_1_1' title="bbox 771 289 2425 391">
    <p class='ocr_par' dir='ltr' id='par_1_1' title="bbox 771 289 2425 391">
     <span class='ocr_line' id='line_1_1' title="bbox 771 289 2425 391; baseline -0.001 -28"><span class='ocrx_word' id='word_1_1' title='bbox 771 319 916 367; x_wconf 51' lang='grc' dir='ltr'>ἀτη.</span> <span class='ocrx_word' id='word_1_2' title='bbox 947 334 1026 352; x_wconf 89' lang='lat'><em>-</em></span> <span class='ocrx_word' id='word_1_3' title='bbox 1055 317 1481 391; x_wconf 70' lang='lat' dir='ltr'>ouonmenwu</span> <span class='ocrx_word' id='word_1_4' title='bbox 1532 317 1817 369; x_wconf 70' lang='lat' dir='ltr'>eumuna·</span> <span class='ocrx_word' id='word_1_5' title='bbox 2180 289 2306 368; x_wconf 62' lang='lat'>513</span> <span class='ocrx_word' id='word_1_6' title='bbox 2405 318 2425 335; x_wconf 87' lang='lat'><strong>·</strong></span> 
     </span>
    </p>
   </div>
   <div class='ocr_carea' id='block_1_2' title="bbox 211 433 2314 3357">
    <p class='ocr_par' dir='ltr' id='par_1_2' title="bbox 211 433 2314 3357">
     <span class='ocr_line' id='line_1_2' title="bbox 285 433 2309 518; baseline -0.008 -16"><span class='ocrx_word' id='word_1_7' title='bbox 285 441 582 518; x_wconf 80' lang='lat' dir='ltr'>tioipati03</span> <span class='ocrx_word' id='word_1_8' title='bbox 625 445 689 497; x_wconf 90' lang='lat' dir='ltr'>ut</span> <span class='ocrx_word' id='word_1_9' title='bbox 735 437 948 496; x_wconf 85' lang='lat' dir='ltr'>scilicet</span> <span class='ocrx_word' id='word_1_10' title='bbox 989 434 1294 512; x_wconf 83' lang='lat' dir='ltr'>essentialis</span> <span class='ocrx_word' id='word_1_11' title='bbox 1336 436 1619 492; x_wconf 83' lang='lat' dir='ltr'>aeternitas</span> <span class='ocrx_word' id='word_1_12' title='bbox 1646 435 1752 508; x_wconf 88' lang='lat' dir='ltr'>ipsi</span> <span class='ocrx_word' id='word_1_13' title='bbox 1796 434 1910 490; x_wconf 87' lang='lat' dir='ltr'>Deo</span> <span class='ocrx_word' id='word_1_14' title='bbox 1956 433 2309 499; x_wconf 75' lang='lat' dir='ltr'><strong>attribuatur,</strong></span> 
     </span>
     <span class='ocr_line' id='line_1_3' title="bbox 279 522 2305 606; baseline -0.008 -14"><span class='ocrx_word' id='word_1_15' title='bbox 279 549 476 593; x_wconf 82' lang='lat' dir='ltr'>aevum</span> <span class='ocrx_word' id='word_1_16' title='bbox 503 538 689 588; x_wconf 80' lang='lat' dir='ltr'>autem</span> <span class='ocrx_word' id='word_1_17' title='bbox 714 526 872 602; x_wconf 85' lang='lat' dir='ltr'>quasi</span> <span class='ocrx_word' id='word_1_18' title='bbox 899 527 1226 606; x_wconf 82' lang='lat' dir='ltr'>participata</span> <span class='ocrx_word' id='word_1_19' title='bbox 1249 524 1532 582; x_wconf 83' lang='lat' dir='ltr'>aeternitas</span> <span class='ocrx_word' id='word_1_20' title='bbox 1562 523 1883 580; x_wconf 77' lang='lat' dir='ltr'><strong>substantiis</strong></span> <span class='ocrx_word' id='word_1_21' title='bbox 1911 522 2305 596; x_wconf 87' lang='lat' dir='ltr'>spiritualibus,</span> 
     </span>
     <span class='ocr_line' id='line_1_4' title="bbox 291 612 2309 696; baseline -0.006 -18"><span class='ocrx_word' id='word_1_22' title='bbox 291 637 426 696; x_wconf 84' lang='lat' dir='ltr'>quae</span> <span class='ocrx_word' id='word_1_23' title='bbox 448 629 572 677; x_wconf 90' lang='lat' dir='ltr'>sunt</span> <span class='ocrx_word' id='word_1_24' title='bbox 601 635 768 691; x_wconf 91' lang='lat' dir='ltr'>supra</span> <span class='ocrx_word' id='word_1_25' title='bbox 799 625 1032 688; x_wconf 75' lang='lat' dir='ltr'>tempuS.</span> <span class='ocrx_word' id='word_1_26' title='bbox 1061 615 1200 684; x_wconf 83' lang='lat' dir='ltr'>Quia</span> <span class='ocrx_word' id='word_1_27' title='bbox 1225 630 1354 670; x_wconf 87' lang='lat' dir='ltr'>vero</span> <span class='ocrx_word' id='word_1_28' title='bbox 1384 614 1438 669; x_wconf 93' lang='lat' dir='ltr'>id</span> <span class='ocrx_word' id='word_1_29' title='bbox 1469 613 1613 685; x_wconf 89' lang='lat' dir='ltr'>quod</span> <span class='ocrx_word' id='word_1_30' title='bbox 1640 630 1737 686; x_wconf 87' lang='lat' dir='ltr'>per</span> <span class='ocrx_word' id='word_1_31' title='bbox 1766 614 2059 669; x_wconf 81' lang='lat' dir='ltr'>essentiam</span> <span class='ocrx_word' id='word_1_32' title='bbox 2086 612 2309 676; x_wconf 89' lang='lat' dir='ltr'>dicitur,</span> 
     </span>
     <span class='ocr_line' id='line_1_5' title="bbox 291 690 2313 788; baseline -0.008 -18"><span class='ocrx_word' id='word_1_33' title='bbox 291 701 512 784; x_wconf 75' lang='lat' dir='ltr'>semper</span> <span class='ocrx_word' id='word_1_34' title='bbox 541 716 625 765; x_wconf 91' lang='lat' dir='ltr'>est</span> <span class='ocrx_word' id='word_1_35' title='bbox 664 721 916 763; x_wconf 86' lang='lat' dir='ltr'>mensura</span> <span class='ocrx_word' id='word_1_36' title='bbox 946 703 1092 788; x_wconf 79' lang='lat' dir='ltr'>illius</span> <span class='ocrx_word' id='word_1_37' title='bbox 1120 703 1266 774; x_wconf 85' lang='lat' dir='ltr'>quod</span> <span class='ocrx_word' id='word_1_38' title='bbox 1305 697 1509 758; x_wconf 79' lang='lat' dir='ltr'>dicitur</span> <span class='ocrx_word' id='word_1_39' title='bbox 1548 707 1645 774; x_wconf 85' lang='lat' dir='ltr'>per</span> <span class='ocrx_word' id='word_1_40' title='bbox 1673 690 2147 776; x_wconf 79' lang='lat' dir='ltr'>participationem</span> <span class='ocrx_word' id='word_1_41' title='bbox 2168 715 2313 773; x_wconf 85' lang='lat' dir='ltr'>;·po-</span> 
     </span>
     <span class='ocr_line' id='line_1_6' title="bbox 211 789 2310 871; baseline -0.007 -13"><span class='ocrx_word' id='word_1_42' title='bbox 211 849 222 858; x_wconf 84' lang='lat'>.</span> <span class='ocrx_word' id='word_1_43' title='bbox 295 809 408 858; x_wconf 83' lang='lat' dir='ltr'>test</span> <span class='ocrx_word' id='word_1_44' title='bbox 437 799 544 855; x_wconf 84' lang='lat' dir='ltr'>dici</span> <span class='ocrx_word' id='word_1_45' title='bbox 575 796 721 871; x_wconf 88' lang='lat' dir='ltr'>quod</span> <span class='ocrx_word' id='word_1_46' title='bbox 760 795 937 868; x_wconf 86' lang='lat' dir='ltr'>prima</span> <span class='ocrx_word' id='word_1_47' title='bbox 983 807 1236 848; x_wconf 86' lang='lat' dir='ltr'>mensura</span> <span class='ocrx_word' id='word_1_48' title='bbox 1276 792 1517 847; x_wconf 87' lang='lat' dir='ltr'>omnium</span> <span class='ocrx_word' id='word_1_49' title='bbox 1560 798 1891 847; x_wconf 83' lang='lat' dir='ltr'>aeternorum</span> <span class='ocrx_word' id='word_1_50' title='bbox 1934 797 2019 846; x_wconf 86' lang='lat' dir='ltr'>est</span> <span class='ocrx_word' id='word_1_51' title='bbox 2059 790 2177 864; x_wconf 88' lang='lat' dir='ltr'>ipsa</span> <span class='ocrx_word' id='word_1_52' title='bbox 2213 789 2310 844; x_wconf 84' lang='lat' dir='ltr'>Dei</span> 
     </span>
     <span class='ocr_line' id='line_1_7' title="bbox 293 878 2313 953; baseline -0.007 -6"><span class='ocrx_word' id='word_1_53' title='bbox 293 889 599 953; x_wconf 75' lang='lat' dir='ltr'>aeternita3‚</span> <span class='ocrx_word' id='word_1_54' title='bbox 626 887 770 942; x_wconf 85' lang='lat' dir='ltr'>sieut</span> <span class='ocrx_word' id='word_1_55' title='bbox 793 883 960 939; x_wconf 85' lang='lat' dir='ltr'>etiam</span> <span class='ocrx_word' id='word_1_56' title='bbox 989 880 1296 936; x_wconf 87' lang='lat' dir='ltr'>substantia</span> <span class='ocrx_word' id='word_1_57' title='bbox 1325 878 1425 934; x_wconf 83' lang='lat' dir='ltr'>Dei</span> <span class='ocrx_word' id='word_1_58' title='bbox 1452 886 1535 934; x_wconf 91' lang='lat' dir='ltr'>est</span> <span class='ocrx_word' id='word_1_59' title='bbox 1565 894 1817 935; x_wconf 89' lang='lat' dir='ltr'>mensura</span> <span class='ocrx_word' id='word_1_60' title='bbox 1848 881 2025 934; x_wconf 88' lang='lat' dir='ltr'>omnis</span> <span class='ocrx_word' id='word_1_61' title='bbox 2053 879 2313 934; x_wconf 85' lang='lat' dir='ltr'>substan-</span> 
     </span>
     <span class='ocr_line' id='line_1_8' title="bbox 287 965 2313 1044; baseline -0.007 -10"><span class='ocrx_word' id='word_1_62' title='bbox 287 980 412 1044; x_wconf 70' lang='lat' dir='ltr'>tiae,</span> <span class='ocrx_word' id='word_1_63' title='bbox 461 985 519 1032; x_wconf 91' lang='lat' dir='ltr'>ut</span> <span class='ocrx_word' id='word_1_64' title='bbox 556 972 695 1030; x_wconf 83' lang='lat' dir='ltr'>dicit·</span> <span class='ocrx_word' id='word_1_65' title='bbox 733 973 1144 1028; x_wconf 89' lang='lat' dir='ltr'>Commentator</span> <span class='ocrx_word' id='word_1_66' title='bbox 1182 969 1234 1022; x_wconf 87' lang='lat' dir='ltr'>in</span> <span class='ocrx_word' id='word_1_67' title='bbox 1277 968 1334 1023; x_wconf 72' lang='lat' dir='ltr'>x.</span> <span class='ocrx_word' id='word_1_68' title='bbox 1360 966 1667 1040; x_wconf 76' lang='lat' dir='ltr'>llletaphys.</span> <span class='ocrx_word' id='word_1_69' title='bbox 1707 967 1759 1023; x_wconf 91' lang='lat' dir='ltr'>Si</span> <span class='ocrx_word' id='word_1_70' title='bbox 1801 967 1927 1040; x_wconf 84' lang='lat' dir='ltr'>quis</span> <span class='ocrx_word' id='word_1_71' title='bbox 1967 973 2149 1022; x_wconf 83' lang='lat' dir='ltr'>tamen</span> <span class='ocrx_word' id='word_1_72' title='bbox 2182 965 2313 1021; x_wconf 80' lang='lat' dir='ltr'>velit</span> 
     </span>
     <span class='ocr_line' id='line_1_9' title="bbox 297 1055 2314 1138; baseline -0.008 -12"><span class='ocrx_word' id='word_1_73' title='bbox 297 1069 548 1138; x_wconf 84' lang='lat' dir='ltr'>accipere</span> <span class='ocrx_word' id='word_1_74' title='bbox 581 1075 891 1118; x_wconf 88' lang='lat' dir='ltr'>mensuram</span> <span class='ocrx_word' id='word_1_75' title='bbox 932 1057 1344 1128; x_wconf 83' lang='lat' dir='ltr'>homogeneam‚</span> <span class='ocrx_word' id='word_1_76' title='bbox 1393 1056 1535 1112; x_wconf 89' lang='lat' dir='ltr'>idest</span> <span class='ocrx_word' id='word_1_77' title='bbox 1572 1055 1816 1125; x_wconf 86' lang='lat' dir='ltr'>ejusdem</span> <span class='ocrx_word' id='word_1_78' title='bbox 1847 1056 2094 1126; x_wconf 73' lang='lat' dir='ltr'>generis3</span> <span class='ocrx_word' id='word_1_79' title='bbox 2124 1056 2314 1110; x_wconf 85' lang='lat' dir='ltr'>dieunt</span> 
     </span>
     <span class='ocr_line' id='line_1_10' title="bbox 299 1133 2314 1230; baseline -0.006 -19"><span class='ocrx_word' id='word_1_80' title='bbox 299 1155 544 1230; x_wconf 86' lang='lat' dir='ltr'>quidam,</span> <span class='ocrx_word' id='word_1_81' title='bbox 597 1149 742 1222; x_wconf 85' lang='lat' dir='ltr'>quod</span> <span class='ocrx_word' id='word_1_82' title='bbox 785 1163 894 1204; x_wconf 86' lang='lat' dir='ltr'>non</span> <span class='ocrx_word' id='word_1_83' title='bbox 936 1152 1022 1202; x_wconf 87' lang='lat' dir='ltr'>est</span> <span class='ocrx_word' id='word_1_84' title='bbox 1062 1161 1170 1201; x_wconf 88' lang='lat' dir='ltr'>una</span> <span class='ocrx_word' id='word_1_85' title='bbox 1225 1159 1482 1200; x_wconf 84' lang='lat' dir='ltr'>mensura</span> <span class='ocrx_word' id='word_1_86' title='bbox 1518 1143 1845 1212; x_wconf 85' lang='lat' dir='ltr'>eommunis,</span> <span class='ocrx_word' id='word_1_87' title='bbox 1888 1143 1983 1199; x_wconf 88' lang='lat' dir='ltr'>sed</span> <span class='ocrx_word' id='word_1_88' title='bbox 2031 1133 2314 1215; x_wconf 83' lang='lat' dir='ltr'>quodlibet</span> 
     </span>
     <span class='ocr_line' id='line_1_11' title="bbox 299 1221 2308 1304; baseline -0.007 -4"><span class='ocrx_word' id='word_1_89' title='bbox 299 1233 812 1301; x_wconf 70' lang='lat' dir='ltr'>aeviternum&#39;habet</span> <span class='ocrx_word' id='word_1_90' title='bbox 835 1249 994 1292; x_wconf 86' lang='lat' dir='ltr'>suum</span> <span class='ocrx_word' id='word_1_91' title='bbox 1033 1247 1249 1300; x_wconf 78' lang='lat' dir='ltr'>aevum3</span> <span class='ocrx_word' id='word_1_92' title='bbox 1280 1231 1455 1287; x_wconf 83' lang='lat' dir='ltr'>sed.hi</span> <span class='ocrx_word' id='word_1_93' title='bbox 1486 1230 1763 1304; x_wconf 78' lang='lat' dir='ltr'>propriam</span> <span class='ocrx_word' id='word_1_94' title='bbox 1794 1245 1982 1288; x_wconf 82' lang='lat' dir='ltr'>vocem</span> <span class='ocrx_word' id='word_1_95' title='bbox 2021 1221 2308 1303; x_wconf 63' lang='lat' dir='ltr'>ig&#39;norant3</span> 
     </span>
     <span class='ocr_line' id='line_1_12' title="bbox 299 1318 2307 1396; baseline -0.007 -8"><span class='ocrx_word' id='word_1_96' title='bbox 299 1333 378 1389; x_wconf 85' lang='lat' dir='ltr'>sio</span> <span class='ocrx_word' id='word_1_97' title='bbox 397 1331 544 1388; x_wconf 89' lang='lat' dir='ltr'>enim</span> <span class='ocrx_word' id='word_1_98' title='bbox 568 1332 716 1384; x_wconf 87' lang='lat' dir='ltr'>esset</span> <span class='ocrx_word' id='word_1_99' title='bbox 735 1339 926 1380; x_wconf 85' lang='lat' dir='ltr'>verum</span> <span class='ocrx_word' id='word_1_100' title='bbox 947 1318 1092 1396; x_wconf 80' lang='lat' dir='ltr'>quod</span> <span class='ocrx_word' id='word_1_101' title='bbox 1117 1321 1326 1388; x_wconf 91' lang='lat' dir='ltr'>dicunt,</span> <span class='ocrx_word' id='word_1_102' title='bbox 1349 1321 1396 1376; x_wconf 84' lang='lat' dir='ltr'>si</span> <span class='ocrx_word' id='word_1_103' title='bbox 1422 1321 1601 1375; x_wconf 83' lang='lat' dir='ltr'>omnia</span> <span class='ocrx_word' id='word_1_104' title='bbox 1624 1321 1887 1376; x_wconf 82' lang='lat' dir='ltr'>aeviterna</span> <span class='ocrx_word' id='word_1_105' title='bbox 1912 1327 2093 1374; x_wconf 86' lang='lat' dir='ltr'>essent</span> <span class='ocrx_word' id='word_1_106' title='bbox 2116 1335 2307 1392; x_wconf 86' lang='lat' dir='ltr'>aequa·</span> 
     </span>
     <span class='ocr_line' id='line_1_13' title="bbox 295 1407 2307 1477; baseline -0.007 -1"><span class='ocrx_word' id='word_1_107' title='bbox 295 1421 370 1477; x_wconf 79' lang='lat' dir='ltr'>lia</span> <span class='ocrx_word' id='word_1_108' title='bbox 400 1436 415 1474; x_wconf 79' lang='lat' dir='ltr'>t</span> <span class='ocrx_word' id='word_1_109' title='bbox 448 1420 531 1474; x_wconf 84' lang='lat' dir='ltr'>sic</span> <span class='ocrx_word' id='word_1_110' title='bbox 551 1417 698 1472; x_wconf 87' lang='lat' dir='ltr'>enim</span> <span class='ocrx_word' id='word_1_111' title='bbox 726 1428 892 1468; x_wconf 89' lang='lat' dir='ltr'>unum</span> <span class='ocrx_word' id='word_1_112' title='bbox 916 1425 1108 1467; x_wconf 88' lang='lat' dir='ltr'>eorum</span> <span class='ocrx_word' id='word_1_113' title='bbox 1137 1425 1242 1464; x_wconf 90' lang='lat' dir='ltr'>non</span> <span class='ocrx_word' id='word_1_114' title='bbox 1269 1415 1416 1464; x_wconf 85' lang='lat' dir='ltr'>esset</span> <span class='ocrx_word' id='word_1_115' title='bbox 1437 1423 1689 1464; x_wconf 86' lang='lat' dir='ltr'>mensura</span> <span class='ocrx_word' id='word_1_116' title='bbox 1710 1407 1956 1464; x_wconf 81' lang='lat' dir='ltr'>alterius.</span> <span class='ocrx_word' id='word_1_117' title='bbox 1979 1407 2095 1462; x_wconf 84' lang='lat' dir='ltr'>Hoc</span> <span class='ocrx_word' id='word_1_118' title='bbox 2122 1415 2307 1464; x_wconf 89' lang='lat' dir='ltr'>autem</span> 
     </span>
     <span class='ocr_line' id='line_1_14' title="bbox 293 1487 2306 1575; baseline -0.009 -8"><span class='ocrx_word' id='word_1_119' title='bbox 293 1524 404 1566; x_wconf 79' lang='lat' dir='ltr'>non</span> <span class='ocrx_word' id='word_1_120' title='bbox 432 1514 520 1564; x_wconf 88' lang='lat' dir='ltr'>est</span> <span class='ocrx_word' id='word_1_121' title='bbox 559 1519 785 1566; x_wconf 69' lang='lat' dir='ltr'>verumz</span> <span class='ocrx_word' id='word_1_122' title='bbox 831 1501 960 1575; x_wconf 90' lang='lat' dir='ltr'>quia</span> <span class='ocrx_word' id='word_1_123' title='bbox 1006 1501 1060 1555; x_wconf 89' lang='lat' dir='ltr'>in</span> <span class='ocrx_word' id='word_1_124' title='bbox 1102 1497 1324 1569; x_wconf 79' lang='lat' dir='ltr'>Angelis</span> <span class='ocrx_word' id='word_1_125' title='bbox 1351 1504 1436 1552; x_wconf 92' lang='lat' dir='ltr'>est</span> <span class='ocrx_word' id='word_1_126' title='bbox 1467 1497 1715 1568; x_wconf 85' lang='lat' dir='ltr'>accipere</span> <span class='ocrx_word' id='word_1_127' title='bbox 1744 1495 1998 1568; x_wconf 85' lang='lat' dir='ltr'>primum,</span> <span class='ocrx_word' id='word_1_128' title='bbox 2040 1487 2306 1562; x_wconf 80' lang='lat' dir='ltr'>medium,</span> 
     </span>
     <span class='ocr_line' id='line_1_15' title="bbox 297 1584 2305 1657; baseline -0.007 -4"><span class='ocrx_word' id='word_1_129' title='bbox 297 1607 352 1656; x_wconf 90' lang='lat' dir='ltr'>et</span> <span class='ocrx_word' id='word_1_130' title='bbox 375 1596 630 1657; x_wconf 87' lang='lat' dir='ltr'>ultimum</span> <span class='ocrx_word' id='word_1_131' title='bbox 658 1610 671 1646; x_wconf 73' lang='grc' dir='ltr'>ε</span> <span class='ocrx_word' id='word_1_132' title='bbox 699 1607 806 1646; x_wconf 87' lang='lat' dir='ltr'>non</span> <span class='ocrx_word' id='word_1_133' title='bbox 831 1589 1007 1645; x_wconf 89' lang='lat' dir='ltr'>solum</span> <span class='ocrx_word' id='word_1_134' title='bbox 1021 1586 1326 1643; x_wconf 83' lang='lat' dir='ltr'>secundum</span> <span class='ocrx_word' id='word_1_135' title='bbox 1353 1586 1601 1641; x_wconf 87' lang='lat' dir='ltr'>diversas</span> <span class='ocrx_word' id='word_1_136' title='bbox 1626 1584 1961 1643; x_wconf 84' lang='lat' dir='ltr'>hierarchias</span> <span class='ocrx_word' id='word_1_137' title='bbox 1977 1593 2039 1640; x_wconf 81' lang='grc' dir='ltr'>ἐι</span> <span class='ocrx_word' id='word_1_138' title='bbox 2068 1585 2305 1651; x_wconf 83' lang='lat' dir='ltr'>ordines,</span> 
     </span>
     <span class='ocr_line' id='line_1_16' title="bbox 299 1663 2309 1745; baseline -0.007 -2"><span class='ocrx_word' id='word_1_139' title='bbox 299 1687 390 1744; x_wconf 91' lang='lat' dir='ltr'>sed</span> <span class='ocrx_word' id='word_1_140' title='bbox 420 1685 590 1740; x_wconf 84' lang='lat' dir='ltr'>etiam</span> <span class='ocrx_word' id='word_1_141' title='bbox 632 1679 928 1736; x_wconf 86' lang='lat' dir='ltr'>secundum</span> <span class='ocrx_word' id='word_1_142' title='bbox 957 1676 1202 1732; x_wconf 84' lang='lat' dir='ltr'>diversos</span> <span class='ocrx_word' id='word_1_143' title='bbox 1231 1673 1466 1745; x_wconf 77' lang='lat' dir='ltr'>Angelos</span> <span class='ocrx_word' id='word_1_144' title='bbox 1494 1674 1551 1728; x_wconf 89' lang='lat' dir='ltr'>in</span> <span class='ocrx_word' id='word_1_145' title='bbox 1580 1673 1769 1729; x_wconf 87' lang='lat' dir='ltr'>eodem</span> <span class='ocrx_word' id='word_1_146' title='bbox 1802 1673 2011 1739; x_wconf 80' lang='lat' dir='ltr'>ordine,</span> <span class='ocrx_word' id='word_1_147' title='bbox 2058 1681 2118 1728; x_wconf 89' lang='lat' dir='ltr'>ut</span> <span class='ocrx_word' id='word_1_148' title='bbox 2146 1663 2309 1743; x_wconf 69' lang='lat' dir='ltr'>&#39;patet</span> 
     </span>
     <span class='ocr_line' id='line_1_17' title="bbox 300 1761 2306 1849; baseline -0.007 -18"><span class='ocrx_word' id='word_1_149' title='bbox 300 1793 394 1849; x_wconf 85' lang='lat' dir='ltr'>per</span> <span class='ocrx_word' id='word_1_150' title='bbox 436 1770 776 1845; x_wconf 80' lang='lat' dir='ltr'>Dionysium,</span> <span class='ocrx_word' id='word_1_151' title='bbox 824 1782 864 1822; x_wconf 85' lang='lat' dir='ltr'>x</span> <span class='ocrx_word' id='word_1_152' title='bbox 905 1767 1070 1838; x_wconf 80' lang='lat' dir='ltr'>capit.</span> <span class='ocrx_word' id='word_1_153' title='bbox 1121 1764 1363 1820; x_wconf 87' lang='lat' dir='ltr'>coelestis</span> <span class='ocrx_word' id='word_1_154' title='bbox 1391 1763 1605 1824; x_wconf 73' lang='lat' dir='ltr'>Hierar.</span> <span class='ocrx_word' id='word_1_155' title='bbox 1650 1763 1720 1816; x_wconf 92' lang='lat' dir='ltr'>Et</span> <span class='ocrx_word' id='word_1_156' title='bbox 1758 1764 1886 1835; x_wconf 89' lang='lat' dir='ltr'>quia</span> <span class='ocrx_word' id='word_1_157' title='bbox 1925 1777 2139 1835; x_wconf 85' lang='lat' dir='ltr'>semper</span> <span class='ocrx_word' id='word_1_158' title='bbox 2178 1761 2306 1816; x_wconf 87' lang='lat' dir='ltr'>illud</span> 
     </span>
     <span class='ocr_line' id='line_1_18' title="bbox 298 1851 2308 1938; baseline -0.007 -19"><span class='ocrx_word' id='word_1_159' title='bbox 298 1863 444 1938; x_wconf 83' lang='lat' dir='ltr'>quod</span> <span class='ocrx_word' id='word_1_160' title='bbox 473 1870 557 1916; x_wconf 89' lang='lat' dir='ltr'>est</span> <span class='ocrx_word' id='word_1_161' title='bbox 595 1856 1076 1935; x_wconf 87' lang='lat' dir='ltr'>simplicissimum,</span> <span class='ocrx_word' id='word_1_162' title='bbox 1119 1861 1202 1908; x_wconf 90' lang='lat' dir='ltr'>est</span> <span class='ocrx_word' id='word_1_163' title='bbox 1249 1867 1502 1908; x_wconf 89' lang='lat' dir='ltr'>mensura</span> <span class='ocrx_word' id='word_1_164' title='bbox 1545 1851 1601 1906; x_wconf 86' lang='lat' dir='ltr'>in</span> <span class='ocrx_word' id='word_1_165' title='bbox 1628 1851 1875 1923; x_wconf 80' lang='lat' dir='ltr'>quolibet</span> <span class='ocrx_word' id='word_1_166' title='bbox 1916 1867 2132 1924; x_wconf 85' lang='lat' dir='ltr'>genere,</span> <span class='ocrx_word' id='word_1_167' title='bbox 2164 1851 2308 1905; x_wconf 88' lang='lat' dir='ltr'>sicut</span> 
     </span>
     <span class='ocr_line' id='line_1_19' title="bbox 297 1939 2305 2017; baseline -0.007 -9"><span class='ocrx_word' id='word_1_168' title='bbox 297 1953 501 2013; x_wconf 84' lang='lat' dir='ltr'>dicitur</span> <span class='ocrx_word' id='word_1_169' title='bbox 528 1950 584 2005; x_wconf 90' lang='lat' dir='ltr'>in</span> <span class='ocrx_word' id='word_1_170' title='bbox 611 1963 654 2004; x_wconf 82' lang='lat' dir='ltr'>x</span> <span class='ocrx_word' id='word_1_171' title='bbox 685 1944 921 2017; x_wconf 84' lang='lat' dir='ltr'>Metaph.</span> <span class='ocrx_word' id='word_1_172' title='bbox 958 1945 1110 2013; x_wconf 86' lang='lat' dir='ltr'>(text.</span> <span class='ocrx_word' id='word_1_173' title='bbox 1145 1955 1343 1996; x_wconf 88' lang='lat' dir='ltr'>comm.</span> <span class='ocrx_word' id='word_1_174' title='bbox 1367 1943 1422 2010; x_wconf 75' lang='lat'>2)</span> <span class='ocrx_word' id='word_1_175' title='bbox 1449 1957 1463 2009; x_wconf 90' lang='grc'>;</span> <span class='ocrx_word' id='word_1_176' title='bbox 1496 1941 1619 1995; x_wconf 90' lang='lat' dir='ltr'>ideo</span> <span class='ocrx_word' id='word_1_177' title='bbox 1646 1957 1867 1995; x_wconf 87' lang='lat' dir='ltr'>necesse</span> <span class='ocrx_word' id='word_1_178' title='bbox 1892 1947 1978 1996; x_wconf 82' lang='lat' dir='ltr'>est</span> <span class='ocrx_word' id='word_1_179' title='bbox 2007 1947 2065 1996; x_wconf 90' lang='lat' dir='ltr'>ut</span> <span class='ocrx_word' id='word_1_180' title='bbox 2088 1939 2305 1996; x_wconf 86' lang='lat' dir='ltr'>duratio</span> 
     </span>
     <span class='ocr_line' id='line_1_20' title="bbox 295 2027 2303 2114; baseline -0.006 -18"><span class='ocrx_word' id='word_1_181' title='bbox 295 2027 685 2114; x_wconf 73' lang='lat' dir='ltr'>simplicissimi</span> <span class='ocrx_word' id='word_1_182' title='bbox 731 2031 978 2090; x_wconf 82' lang='lat' dir='ltr'>aeviterni</span> <span class='ocrx_word' id='word_1_183' title='bbox 1027 2031 1098 2086; x_wconf 91' lang='lat' dir='ltr'>sit</span> <span class='ocrx_word' id='word_1_184' title='bbox 1126 2045 1308 2100; x_wconf 36' lang='lat' dir='ltr'>aevum,</span> <span class='ocrx_word' id='word_1_185' title='bbox 1351 2029 1594 2084; x_wconf 88' lang='lat' dir='ltr'>omnium</span> <span class='ocrx_word' id='word_1_186' title='bbox 1640 2029 2027 2089; x_wconf 86' lang='lat' dir='ltr'>aeviternorum</span> <span class='ocrx_word' id='word_1_187' title='bbox 2078 2044 2095 2084; x_wconf 69' lang='grc' dir='ltr'><strong>ε</strong></span> <span class='ocrx_word' id='word_1_188' title='bbox 2137 2038 2192 2085; x_wconf 90' lang='grc' dir='ltr'>ει</span> <span class='ocrx_word' id='word_1_189' title='bbox 2228 2029 2303 2084; x_wconf 84' lang='lat' dir='ltr'>ita</span> 
     </span>
     <span class='ocr_line' id='line_1_21' title="bbox 296 2116 1717 2200; baseline -0.011 -13"><span class='ocrx_word' id='word_1_190' title='bbox 296 2125 759 2200; x_wconf 80' lang='lat' dir='ltr'>simplicissimum</span> <span class='ocrx_word' id='word_1_191' title='bbox 791 2121 1228 2178; x_wconf 82' lang='lat' dir='ltr'>aeviternum-est</span> <span class='ocrx_word' id='word_1_192' title='bbox 1256 2117 1565 2188; x_wconf 78' lang='lat' dir='ltr'>subjectum</span> <span class='ocrx_word' id='word_1_193' title='bbox 1592 2116 1717 2174; x_wconf 85' lang='lat' dir='ltr'>aevi.</span> 
     </span>
     <span class='ocr_line' id='line_1_22' title="bbox 368 2203 2308 2279; baseline -0.008 -5"><span class='ocrx_word' id='word_1_194' title='bbox 368 2217 471 2274; x_wconf 88' lang='lat' dir='ltr'>Sed</span> <span class='ocrx_word' id='word_1_195' title='bbox 533 2210 946 2272; x_wconf 87' lang='lat' dir='ltr'>attendendum,</span> <span class='ocrx_word' id='word_1_196' title='bbox 995 2207 1142 2279; x_wconf 90' lang='lat' dir='ltr'>quod</span> <span class='ocrx_word' id='word_1_197' title='bbox 1191 2207 1513 2262; x_wconf 66' lang='lat' dir='ltr'>substantiae</span> <span class='ocrx_word' id='word_1_198' title='bbox 1563 2203 1878 2275; x_wconf 75' lang='lat' dir='ltr'>spirituales</span> <span class='ocrx_word' id='word_1_199' title='bbox 1924 2211 2308 2260; x_wconf 81' lang='lat' dir='ltr'>mensurantur</span> 
     </span>
     <span class='ocr_line' id='line_1_23' title="bbox 296 2281 2307 2369; baseline -0.009 -5"><span class='ocrx_word' id='word_1_200' title='bbox 296 2321 417 2366; x_wconf 78' lang='lat' dir='ltr'>oevo</span> <span class='ocrx_word' id='word_1_201' title='bbox 441 2320 548 2360; x_wconf 91' lang='lat' dir='ltr'>non</span> <span class='ocrx_word' id='word_1_202' title='bbox 575 2301 752 2358; x_wconf 89' lang='lat' dir='ltr'>solum</span> <span class='ocrx_word' id='word_1_203' title='bbox 790 2281 1064 2369; x_wconf 71' lang='lat' dir='ltr'>quantum&#39;</span> <span class='ocrx_word' id='word_1_204' title='bbox 1082 2294 1151 2350; x_wconf 87' lang='lat' dir='ltr'>ad</span> <span class='ocrx_word' id='word_1_205' title='bbox 1180 2309 1368 2350; x_wconf 79' lang='lat' dir='ltr'>earum</span> <span class='ocrx_word' id='word_1_206' title='bbox 1393 2293 1778 2356; x_wconf 76' lang='lat' dir='ltr'>substantiam,</span> <span class='ocrx_word' id='word_1_207' title='bbox 1806 2291 1901 2347; x_wconf 87' lang='lat' dir='ltr'>sed</span> <span class='ocrx_word' id='word_1_208' title='bbox 1928 2292 2093 2347; x_wconf 82' lang='lat' dir='ltr'>etiam</span> <span class='ocrx_word' id='word_1_209' title='bbox 2129 2308 2307 2364; x_wconf 88' lang='lat' dir='ltr'>quan-</span> 
     </span>
     <span class='ocr_line' id='line_1_24' title="bbox 264 2379 2307 2468; baseline -0.01 -15"><span class='ocrx_word' id='word_1_210' title='bbox 264 2406 414 2454; x_wconf 80' lang='lat' dir='ltr'>&#39;tum</span> <span class='ocrx_word' id='word_1_211' title='bbox 453 2393 524 2449; x_wconf 85' lang='lat' dir='ltr'>ad</span> <span class='ocrx_word' id='word_1_212' title='bbox 568 2404 757 2468; x_wconf 76' lang='lat' dir='ltr'>earum</span> <span class='ocrx_word' id='word_1_213' title='bbox 800 2386 1074 2460; x_wconf 79' lang='lat' dir='ltr'>propriam</span> <span class='ocrx_word' id='word_1_214' title='bbox 1103 2383 1501 2456; x_wconf 83' lang='lat' dir='ltr'>operationem.</span> <span class='ocrx_word' id='word_1_215' title='bbox 1529 2380 1685 2437; x_wconf 82' lang='lat' dir='ltr'>Unde</span> <span class='ocrx_word' id='word_1_216' title='bbox 1731 2379 1787 2434; x_wconf 88' lang='lat' dir='ltr'>in</span> <span class='ocrx_word' id='word_1_217' title='bbox 1832 2379 1971 2434; x_wconf 89' lang='lat' dir='ltr'>libro</span> <span class='ocrx_word' id='word_1_218' title='bbox 2010 2380 2079 2434; x_wconf 90' lang='lat' dir='ltr'>de</span> <span class='ocrx_word' id='word_1_219' title='bbox 2116 2381 2307 2436; x_wconf 83' lang='lat' dir='ltr'>Causis</span> 
     </span>
     <span class='ocr_line' id='line_1_25' title="bbox 295 2466 2303 2553; baseline -0.009 -11"><span class='ocrx_word' id='word_1_220' title='bbox 295 2485 519 2550; x_wconf 85' lang='lat' dir='ltr'>dicitur,</span> <span class='ocrx_word' id='word_1_221' title='bbox 551 2478 697 2553; x_wconf 88' lang='lat' dir='ltr'>quod</span> <span class='ocrx_word' id='word_1_222' title='bbox 725 2483 852 2532; x_wconf 90' lang='lat' dir='ltr'>sunt</span> <span class='ocrx_word' id='word_1_223' title='bbox 881 2475 936 2530; x_wconf 87' lang='lat' dir='ltr'>in</span> <span class='ocrx_word' id='word_1_224' title='bbox 961 2481 1236 2529; x_wconf 86' lang='lat' dir='ltr'>momento</span> <span class='ocrx_word' id='word_1_225' title='bbox 1263 2471 1601 2527; x_wconf 71' lang='lat' dir='ltr'>aeternitatis·</span> <span class='ocrx_word' id='word_1_226' title='bbox 1620 2466 1919 2526; x_wconf 88' lang='lat' dir='ltr'>secundum</span> <span class='ocrx_word' id='word_1_227' title='bbox 1942 2467 2303 2524; x_wconf 83' lang='lat' dir='ltr'>substantiam</span> 
     </span>
     <span class='ocr_line' id='line_1_26' title="bbox 295 2556 2307 2646; baseline -0.009 -16"><span class='ocrx_word' id='word_1_228' title='bbox 295 2582 355 2632; x_wconf 87' lang='lat' dir='ltr'>et</span> <span class='ocrx_word' id='word_1_229' title='bbox 381 2571 755 2646; x_wconf 83' lang='lat' dir='ltr'>operationem</span> <span class='ocrx_word' id='word_1_230' title='bbox 789 2581 804 2620; x_wconf 72' lang='grc' dir='ltr'><strong>ε</strong></span> <span class='ocrx_word' id='word_1_231' title='bbox 835 2573 890 2620; x_wconf 86' lang='grc' dir='ltr'>ει</span> <span class='ocrx_word' id='word_1_232' title='bbox 917 2563 997 2618; x_wconf 83' lang='lat' dir='ltr'>sie</span> <span class='ocrx_word' id='word_1_233' title='bbox 1035 2566 1250 2634; x_wconf 84' lang='lat' dir='ltr'>oportet</span> <span class='ocrx_word' id='word_1_234' title='bbox 1289 2559 1437 2631; x_wconf 85' lang='lat' dir='ltr'>quod</span> <span class='ocrx_word' id='word_1_235' title='bbox 1468 2557 1559 2613; x_wconf 88' lang='lat' dir='ltr'>ille</span> <span class='ocrx_word' id='word_1_236' title='bbox 1583 2557 1823 2630; x_wconf 83' lang='lat' dir='ltr'>Angelus</span> <span class='ocrx_word' id='word_1_237' title='bbox 1850 2557 1945 2630; x_wconf 87' lang='lat' dir='ltr'>qui</span> <span class='ocrx_word' id='word_1_238' title='bbox 1974 2565 2057 2612; x_wconf 88' lang='lat' dir='ltr'>est</span> <span class='ocrx_word' id='word_1_239' title='bbox 2086 2556 2307 2628; x_wconf 83' lang='lat' dir='ltr'>subjee-</span> 
     </span>
     <span class='ocr_line' id='line_1_27' title="bbox 298 2645 2302 2727; baseline -0.007 -13"><span class='ocrx_word' id='word_1_240' title='bbox 298 2671 414 2724; x_wconf 77' lang='lat' dir='ltr'>tum</span> <span class='ocrx_word' id='word_1_241' title='bbox 457 2659 585 2725; x_wconf 82' lang='lat' dir='ltr'>aevi,</span> <span class='ocrx_word' id='word_1_242' title='bbox 629 2658 702 2712; x_wconf 88' lang='lat' dir='ltr'>sit</span> <span class='ocrx_word' id='word_1_243' title='bbox 747 2651 1183 2727; x_wconf 83' lang='lat' dir='ltr'>simplicissimus</span> <span class='ocrx_word' id='word_1_244' title='bbox 1229 2664 1334 2705; x_wconf 88' lang='lat' dir='ltr'>non</span> <span class='ocrx_word' id='word_1_245' title='bbox 1363 2646 1537 2702; x_wconf 89' lang='lat' dir='ltr'>solum</span> <span class='ocrx_word' id='word_1_246' title='bbox 1582 2655 1849 2719; x_wconf 84' lang='lat' dir='ltr'>quantum</span> <span class='ocrx_word' id='word_1_247' title='bbox 1890 2645 1958 2702; x_wconf 87' lang='lat' dir='ltr'>ad</span> <span class='ocrx_word' id='word_1_248' title='bbox 1988 2646 2302 2714; x_wconf 83' lang='lat' dir='ltr'>essentiam,</span> 
     </span>
     <span class='ocr_line' id='line_1_28' title="bbox 295 2735 2306 2819; baseline -0.01 -11"><span class='ocrx_word' id='word_1_249' title='bbox 295 2751 393 2810; x_wconf 85' lang='lat' dir='ltr'>sed</span> <span class='ocrx_word' id='word_1_250' title='bbox 437 2749 606 2805; x_wconf 87' lang='lat' dir='ltr'>etiam</span> <span class='ocrx_word' id='word_1_251' title='bbox 643 2751 908 2819; x_wconf 91' lang='lat' dir='ltr'>quantum</span> <span class='ocrx_word' id='word_1_252' title='bbox 949 2739 1016 2794; x_wconf 89' lang='lat' dir='ltr'>ad</span> <span class='ocrx_word' id='word_1_253' title='bbox 1057 2739 1452 2809; x_wconf 82' lang='lat' dir='ltr'>operationem.</span> <span class='ocrx_word' id='word_1_254' title='bbox 1492 2735 1640 2791; x_wconf 86' lang='lat' dir='ltr'>Talis</span> <span class='ocrx_word' id='word_1_255' title='bbox 1680 2742 1863 2792; x_wconf 86' lang='lat' dir='ltr'>autem</span> <span class='ocrx_word' id='word_1_256' title='bbox 1900 2741 1985 2790; x_wconf 88' lang='lat' dir='ltr'>est</span> <span class='ocrx_word' id='word_1_257' title='bbox 2022 2749 2306 2807; x_wconf 87' lang='lat' dir='ltr'>supremus</span> 
     </span>
     <span class='ocr_line' id='line_1_29' title="bbox 297 2823 2299 2904; baseline -0.01 -5"><span class='ocrx_word' id='word_1_258' title='bbox 297 2840 544 2900; x_wconf 84' lang='lat' dir='ltr'>omnium</span> <span class='ocrx_word' id='word_1_259' title='bbox 571 2831 912 2904; x_wconf 54' lang='lat' dir='ltr'>Angelorum</span> <span class='ocrx_word' id='word_1_260' title='bbox 944 2827 1416 2897; x_wconf 85' lang='lat' dir='ltr'>bonorum,.oujus</span> <span class='ocrx_word' id='word_1_261' title='bbox 1443 2825 1691 2898; x_wconf 83' lang='lat' dir='ltr'>operatio</span> <span class='ocrx_word' id='word_1_262' title='bbox 1721 2825 1955 2880; x_wconf 83' lang='lat' dir='ltr'>maxime</span> <span class='ocrx_word' id='word_1_263' title='bbox 1983 2831 2066 2878; x_wconf 88' lang='lat' dir='ltr'>est</span> <span class='ocrx_word' id='word_1_264' title='bbox 2091 2823 2147 2878; x_wconf 88' lang='lat' dir='ltr'>iu</span> <span class='ocrx_word' id='word_1_265' title='bbox 2174 2839 2299 2890; x_wconf 84' lang='lat' dir='ltr'>une,</span> 
     </span>
     <span class='ocr_line' id='line_1_30' title="bbox 297 2911 2307 3006; baseline -0.01 -20"><span class='ocrx_word' id='word_1_266' title='bbox 297 2931 444 3006; x_wconf 88' lang='lat' dir='ltr'>quod</span> <span class='ocrx_word' id='word_1_267' title='bbox 483 2933 568 2982; x_wconf 90' lang='lat' dir='ltr'>est</span> <span class='ocrx_word' id='word_1_268' title='bbox 610 2917 774 2988; x_wconf 89' lang='lat' dir='ltr'>Deus,</span> <span class='ocrx_word' id='word_1_269' title='bbox 809 2918 983 2998; x_wconf 86' lang='lat' dir='ltr'>unita.</span> <span class='ocrx_word' id='word_1_270' title='bbox 1027 2915 1184 2972; x_wconf 87' lang='lat' dir='ltr'>Unde</span> <span class='ocrx_word' id='word_1_271' title='bbox 1225 2929 1512 2986; x_wconf 85' lang='lat' dir='ltr'>supremus</span> <span class='ocrx_word' id='word_1_272' title='bbox 1554 2912 1795 2968; x_wconf 90' lang='lat' dir='ltr'>omnium</span> <span class='ocrx_word' id='word_1_273' title='bbox 1844 2911 2171 2983; x_wconf 86' lang='lat' dir='ltr'>Angelorum</span> <span class='ocrx_word' id='word_1_274' title='bbox 2223 2918 2307 2966; x_wconf 88' lang='lat' dir='ltr'>est</span> 
     </span>
     <span class='ocr_line' id='line_1_31' title="bbox 297 3002 1471 3090; baseline -0.018 -13"><span class='ocrx_word' id='word_1_275' title='bbox 297 3021 607 3090; x_wconf 81' lang='lat' dir='ltr'>subjeetum</span> <span class='ocrx_word' id='word_1_276' title='bbox 635 3011 760 3072; x_wconf 65' lang='lat' dir='ltr'>aevi,</span> <span class='ocrx_word' id='word_1_277' title='bbox 788 3022 893 3063; x_wconf 88' lang='lat' dir='ltr'>non</span> <span class='ocrx_word' id='word_1_278' title='bbox 915 3011 1097 3061; x_wconf 80' lang='lat' dir='ltr'>autem</span> <span class='ocrx_word' id='word_1_279' title='bbox 1126 3002 1383 3082; x_wconf 18' lang='lat' dir='ltr'>Lucifer..</span> <span class='ocrx_word' id='word_1_280' title='bbox 1466 3033 1471 3041; x_wconf 85' lang='lat'><em>·</em></span> 
     </span>
     <span class='ocr_line' id='line_1_32' title="bbox 367 3084 2305 3178; baseline -0.01 -16"><span class='ocrx_word' id='word_1_281' title='bbox 367 3107 451 3164; x_wconf 82' lang='lat' dir='ltr'>Ad</span> <span class='ocrx_word' id='word_1_282' title='bbox 488 3104 724 3178; x_wconf 87' lang='lat' dir='ltr'>primum</span> <span class='ocrx_word' id='word_1_283' title='bbox 761 3111 890 3168; x_wconf 88' lang='lat' dir='ltr'>ergo</span> <span class='ocrx_word' id='word_1_284' title='bbox 919 3089 1228 3156; x_wconf 77' lang='lat' dir='ltr'>dicendum,</span> <span class='ocrx_word' id='word_1_285' title='bbox 1265 3089 1410 3162; x_wconf 90' lang='lat' dir='ltr'>quod</span> <span class='ocrx_word' id='word_1_286' title='bbox 1442 3089 1610 3162; x_wconf 85' lang='lat' dir='ltr'>aliqui</span> <span class='ocrx_word' id='word_1_287' title='bbox 1659 3094 1956 3161; x_wconf 88' lang='lat' dir='ltr'>posuerunt</span> <span class='ocrx_word' id='word_1_288' title='bbox 1994 3084 2305 3143; x_wconf 87' lang='lat' dir='ltr'>Luciferum</span> 
     </span>
     <span class='ocr_line' id='line_1_33' title="bbox 299 3161 2303 3262; baseline -0.013 -8"><span class='ocrx_word' id='word_1_289' title='bbox 299 3208 408 3254; x_wconf 84' lang='lat' dir='ltr'>non</span> <span class='ocrx_word' id='word_1_290' title='bbox 443 3195 616 3249; x_wconf 85' lang='lat' dir='ltr'>fuisse</span> <span class='ocrx_word' id='word_1_291' title='bbox 641 3199 954 3262; x_wconf 87' lang='lat' dir='ltr'>supremum</span> <span class='ocrx_word' id='word_1_292' title='bbox 995 3179 1324 3251; x_wconf 81' lang='lat' dir='ltr'>Angelorum</span> <span class='ocrx_word' id='word_1_293' title='bbox 1359 3195 1372 3232; x_wconf 74' lang='grc' dir='ltr'><strong>ε</strong></span> <span class='ocrx_word' id='word_1_294' title='bbox 1418 3177 1535 3243; x_wconf 90' lang='lat' dir='ltr'>sed,</span> <span class='ocrx_word' id='word_1_295' title='bbox 1566 3177 1710 3232; x_wconf 86' lang='lat' dir='ltr'>sicut</span> <span class='ocrx_word' id='word_1_296' title='bbox 1751 3177 2118 3231; x_wconf 89' lang='lat' dir='ltr'>Damascenus</span> <span class='ocrx_word' id='word_1_297' title='bbox 2146 3161 2303 3241; x_wconf 79' lang='lat' dir='ltr'>dicit,</span> 
     </span>
     <span class='ocr_line' id='line_1_34' title="bbox 301 3263 2307 3357; baseline -0.012 -15"><span class='ocrx_word' id='word_1_298' title='bbox 301 3286 405 3342; x_wconf 81' lang='lat' dir='ltr'>fuit</span> <span class='ocrx_word' id='word_1_299' title='bbox 439 3283 650 3357; x_wconf 89' lang='lat' dir='ltr'>primus</span> <span class='ocrx_word' id='word_1_300' title='bbox 686 3289 873 3332; x_wconf 91' lang='lat' dir='ltr'>eorum</span> <span class='ocrx_word' id='word_1_301' title='bbox 903 3271 1015 3344; x_wconf 62' lang='lat' dir='ltr'>qui*</span> <span class='ocrx_word' id='word_1_302' title='bbox 1039 3274 1310 3341; x_wconf 71' lang='lat' dir='ltr'>praeerant</span> <span class='ocrx_word' id='word_1_303' title='bbox 1339 3265 1515 3320; x_wconf 88' lang='lat' dir='ltr'>ordini</span> <span class='ocrx_word' id='word_1_304' title='bbox 1555 3265 1821 3320; x_wconf 86' lang='lat' dir='ltr'>terrestri.</span> <span class='ocrx_word' id='word_1_305' title='bbox 1862 3263 1918 3320; x_wconf 90' lang='lat' dir='ltr'>Si</span> <span class='ocrx_word' id='word_1_306' title='bbox 1950 3277 2079 3320; x_wconf 82' lang='lat' dir='ltr'>vero</span> <span class='ocrx_word' id='word_1_307' title='bbox 2106 3278 2307 3320; x_wconf 76' lang='lat' dir='ltr'>conce-</span> 
     </span>
    </p>
   </div>
   <div class='ocr_carea' id='block_1_3' title="bbox 301 3352 2415 3435">
    <p class='ocr_par' dir='ltr' id='par_1_3' title="bbox 301 3352 2415 3435">
     <span class='ocr_line' id='line_1_35' title="bbox 301 3352 2415 3435; baseline -0.014 -2"><span class='ocrx_word' id='word_1_308' title='bbox 301 3375 498 3432; x_wconf 83' lang='lat' dir='ltr'>damus</span> <span class='ocrx_word' id='word_1_309' title='bbox 517 3365 819 3435; x_wconf 85' lang='lat' dir='ltr'>secundum</span> <span class='ocrx_word' id='word_1_310' title='bbox 843 3353 1187 3433; x_wconf 72' lang='lat' dir='ltr'>Gregorium‚</span> <span class='ocrx_word' id='word_1_311' title='bbox 1211 3354 1356 3427; x_wconf 88' lang='lat' dir='ltr'>quod</span> <span class='ocrx_word' id='word_1_312' title='bbox 1382 3353 1547 3408; x_wconf 76' lang='lat' dir='ltr'>fuerit</span> <span class='ocrx_word' id='word_1_313' title='bbox 1566 3367 1850 3425; x_wconf 88' lang='lat' dir='ltr'>supremus</span> <span class='ocrx_word' id='word_1_314' title='bbox 1870 3352 2149 3417; x_wconf 80' lang='lat' dir='ltr'>omnium;</span> <span class='ocrx_word' id='word_1_315' title='bbox 2177 3360 2309 3408; x_wconf 82' lang='lat' dir='ltr'>tune</span> <span class='ocrx_word' id='word_1_316' title='bbox 2412 3413 2415 3416; x_wconf 14' lang='lat'><strong>⁴</strong></span> 
     </span>
    </p>
   </div>
   <div class='ocr_carea' id='block_1_4' title="bbox 301 3442 2310 3876">
    <p class='ocr_par' dir='ltr' id='par_1_4' title="bbox 301 3442 2310 3876">
     <span class='ocr_line' id='line_1_36' title="bbox 302 3442 2305 3525; baseline -0.013 -3"><span class='ocrx_word' id='word_1_317' title='bbox 302 3461 595 3521; x_wconf 82' lang='lat' dir='ltr'>dicendum</span> <span class='ocrx_word' id='word_1_318' title='bbox 621 3462 724 3521; x_wconf 86' lang='lat' dir='ltr'>est,</span> <span class='ocrx_word' id='word_1_319' title='bbox 749 3449 894 3525; x_wconf 88' lang='lat' dir='ltr'>quod</span> <span class='ocrx_word' id='word_1_320' title='bbox 919 3463 1019 3507; x_wconf 80' lang='lat' dir='ltr'>sua</span> <span class='ocrx_word' id='word_1_321' title='bbox 1039 3443 1284 3519; x_wconf 88' lang='lat' dir='ltr'>operatio</span> <span class='ocrx_word' id='word_1_322' title='bbox 1310 3457 1503 3499; x_wconf 84' lang='lat' dir='ltr'>aversa</span> <span class='ocrx_word' id='word_1_323' title='bbox 1527 3447 1611 3497; x_wconf 86' lang='lat' dir='ltr'>est</span> <span class='ocrx_word' id='word_1_324' title='bbox 1635 3442 1705 3497; x_wconf 88' lang='lat' dir='ltr'>ab</span> <span class='ocrx_word' id='word_1_325' title='bbox 1730 3457 1836 3498; x_wconf 88' lang='lat' dir='ltr'>uno</span> <span class='ocrx_word' id='word_1_326' title='bbox 1866 3443 2061 3513; x_wconf 85' lang='lat' dir='ltr'>primo,</span> <span class='ocrx_word' id='word_1_327' title='bbox 2088 3447 2145 3496; x_wconf 89' lang='lat' dir='ltr'>et</span> <span class='ocrx_word' id='word_1_328' title='bbox 2172 3456 2305 3496; x_wconf 87' lang='lat' dir='ltr'>cou-</span> 
     </span>
     <span class='ocr_line' id='line_1_37' title="bbox 301 3531 2309 3610; baseline -0.014 0"><span class='ocrx_word' id='word_1_329' title='bbox 301 3568 462 3610; x_wconf 80' lang='lat' dir='ltr'>versa</span> <span class='ocrx_word' id='word_1_330' title='bbox 499 3547 570 3604; x_wconf 88' lang='lat' dir='ltr'>ad</span> <span class='ocrx_word' id='word_1_331' title='bbox 608 3539 1012 3599; x_wconf 84' lang='lat' dir='ltr'>multitudinem</span> <span class='ocrx_word' id='word_1_332' title='bbox 1044 3533 1358 3590; x_wconf 77' lang='lat' dir='ltr'>inferiorum</span> <span class='ocrx_word' id='word_1_333' title='bbox 1391 3547 1593 3600; x_wconf 87' lang='lat' dir='ltr'>rerum,</span> <span class='ocrx_word' id='word_1_334' title='bbox 1625 3547 1855 3603; x_wconf 85' lang='lat' dir='ltr'>quarum</span> <span class='ocrx_word' id='word_1_335' title='bbox 1884 3531 2177 3603; x_wconf 85' lang='lat' dir='ltr'>primatum</span> <span class='ocrx_word' id='word_1_336' title='bbox 2206 3544 2309 3601; x_wconf 80' lang='lat' dir='ltr'>ap-</span> 
     </span>
     <span class='ocr_line' id='line_1_38' title="bbox 302 3616 2308 3715; baseline -0.012 -18"><span class='ocrx_word' id='word_1_337' title='bbox 302 3642 493 3715; x_wconf 79' lang='lat' dir='ltr'>petiit3</span> <span class='ocrx_word' id='word_1_338' title='bbox 537 3642 594 3690; x_wconf 86' lang='lat' dir='ltr'>et</span> <span class='ocrx_word' id='word_1_339' title='bbox 621 3628 920 3688; x_wconf 86' lang='lat' dir='ltr'>secundum</span> <span class='ocrx_word' id='word_1_340' title='bbox 949 3625 1054 3680; x_wconf 85' lang='lat' dir='ltr'>hoc</span> <span class='ocrx_word' id='word_1_341' title='bbox 1091 3623 1365 3678; x_wconf 85' lang='lat' dir='ltr'>daemones</span> <span class='ocrx_word' id='word_1_342' title='bbox 1401 3619 1660 3674; x_wconf 86' lang='lat' dir='ltr'>decidunt</span> <span class='ocrx_word' id='word_1_343' title='bbox 1704 3635 1735 3674; x_wconf 87' lang='lat' dir='ltr'>a</span> <span class='ocrx_word' id='word_1_344' title='bbox 1764 3633 1976 3674; x_wconf 85' lang='lat' dir='ltr'>summa</span> <span class='ocrx_word' id='word_1_345' title='bbox 2012 3616 2308 3687; x_wconf 83' lang='lat' dir='ltr'>simplitate</span> 
     </span>
     <span class='ocr_line' id='line_1_39' title="bbox 301 3703 2307 3796; baseline -0.013 -9"><span class='ocrx_word' id='word_1_346' title='bbox 301 3731 429 3788; x_wconf 77' lang='lat' dir='ltr'>aevi.</span> <span class='ocrx_word' id='word_1_347' title='bbox 473 3723 627 3783; x_wconf 87' lang='lat' dir='ltr'>Unde</span> <span class='ocrx_word' id='word_1_348' title='bbox 653 3717 948 3796; x_wconf 79' lang='lat' dir='ltr'>Dionysius</span> <span class='ocrx_word' id='word_1_349' title='bbox 973 3713 1127 3778; x_wconf 86' lang='lat' dir='ltr'>dieit,</span> <span class='ocrx_word' id='word_1_350' title='bbox 1160 3719 1220 3766; x_wconf 79' lang='lat' dir='ltr'>iv</span> <span class='ocrx_word' id='word_1_351' title='bbox 1264 3724 1388 3790; x_wconf 83' lang='lat' dir='ltr'>cap.</span> <span class='ocrx_word' id='word_1_352' title='bbox 1422 3708 1491 3763; x_wconf 92' lang='lat' dir='ltr'>de</span> <span class='ocrx_word' id='word_1_353' title='bbox 1519 3707 1709 3762; x_wconf 59' lang='lat' dir='ltr'>divin:</span> <span class='ocrx_word' id='word_1_354' title='bbox 1740 3705 1979 3771; x_wconf 68' lang='lat' dir='ltr'>Nomio„</span> <span class='ocrx_word' id='word_1_355' title='bbox 2014 3704 2157 3776; x_wconf 89' lang='lat' dir='ltr'>quod</span> <span class='ocrx_word' id='word_1_356' title='bbox 2188 3703 2307 3760; x_wconf 83' lang='lat' dir='ltr'>dae-</span> 
     </span>
     <span class='ocr_line' id='line_1_40' title="bbox 304 3793 2310 3876; baseline -0.012 0"><span class='ocrx_word' id='word_1_357' title='bbox 304 3831 496 3876; x_wconf 82' lang='lat' dir='ltr'>mones</span> <span class='ocrx_word' id='word_1_358' title='bbox 521 3814 778 3873; x_wconf 82' lang='lat' dir='ltr'>dicuntur</span> <span class='ocrx_word' id='word_1_359' title='bbox 805 3803 956 3874; x_wconf 89' lang='lat' dir='ltr'>mali,</span> <span class='ocrx_word' id='word_1_360' title='bbox 998 3806 1220 3876; x_wconf 86' lang='lat' dir='ltr'>propter</span> <span class='ocrx_word' id='word_1_361' title='bbox 1254 3797 1358 3854; x_wconf 87' lang='lat' dir='ltr'>hoc</span> <span class='ocrx_word' id='word_1_362' title='bbox 1386 3796 1533 3870; x_wconf 89' lang='lat' dir='ltr'>quod</span> <span class='ocrx_word' id='word_1_363' title='bbox 1564 3795 1904 3851; x_wconf 82' lang='lat' dir='ltr'>infirmantur</span> <span class='ocrx_word' id='word_1_364' title='bbox 1929 3793 2077 3849; x_wconf 84' lang='lat' dir='ltr'>circa</span> <span class='ocrx_word' id='word_1_365' title='bbox 2108 3805 2310 3875; x_wconf 76' lang='lat' dir='ltr'>opera-</span> 
     </span>
    </p>
   </div>
   <div class='ocr_carea' id='block_1_5' title="bbox 305 3895 912 3967">
    <p class='ocr_par' dir='ltr' id='par_1_5' title="bbox 305 3895 912 3967">
     <span class='ocr_line' id='line_1_41' title="bbox 305 3895 912 3967; baseline -0.033 1"><span class='ocrx_word' id='word_1_366' title='bbox 305 3909 514 3967; x_wconf 86' lang='lat' dir='ltr'>tionem</span> <span class='ocrx_word' id='word_1_367' title='bbox 539 3895 867 3960; x_wconf 79' lang='lat' dir='ltr'>naturalem.</span> <span class='ocrx_word' id='word_1_368' title='bbox 909 3944 912 3946; x_wconf 74' lang='grc'>,</span> 
     </span>
    </p>
   </div>
   <div class='ocr_carea' id='block_1_6' title="bbox 1598 4034 1631 4052">
    <p class='ocr_par' dir='ltr' id='par_1_6' title="bbox 1598 4034 1631 4052">
     <span class='ocr_line' id='line_1_42' title="bbox 1598 4034 1631 4052; baseline 0 0"><span class='ocrx_word' id='word_1_369' title='bbox 1598 4034 1631 4052; x_wconf 54' lang='lat' dir='ltr'>Q</span> 
     </span>
    </p>
   </div>
  </div>
 </body>
</html>
