2800 4492
765 343 877 390 ιιι.
909 357 988 372 -
1017 341 1446 395 ouoounsruu
1486 341 1800 390 sut-nuum
2165 332 2283 392 373

266 459 438 517 simul
467 458 637 515 sentit
659 456 842 515 album
872 466 928 516 et
961 457 1139 526 dulce,
1166 459 1297 516 dum
1343 475 1534 518 eorum
1576 460 1937 518 differentiam
1982 464 2280 536 cognoscit.

266 549 414 621 Ergo
444 547 752 604 intellectus
776 547 946 604 multo
972 548 1166 605 fortius
1190 556 1372 622 potest
1403 549 1564 612 simul
1590 549 1745 622 plura
1772 549 2094 624 intelligere.
2270 561 2275 568 '

341 641 397 694 2.
447 639 736 704 Praeterea,
792 636 950 710 plura
1003 637 1365 710 intelligibilia
1415 645 1645 711 possunt
1685 639 1845 695 simul
1890 642 2167 712 cognosci,
2226 643 2283 700 in

267 732 538 801 quantum
565 732 693 783 sunt
721 741 908 782 unum.
932 726 1036 783 Sed
1053 726 1235 783 omnia
1264 725 1630 799 intelligibilia
1658 735 1785 785 sunt
1814 746 2001 798 unum,
2020 729 2074 787 in
2105 748 2282 806 quan-

267 824 389 873 tum
429 821 556 872 sunt
599 813 982 887 intelligibilia.
1027 814 1172 888 Ergo
1210 815 1393 872 omnia
1436 815 1800 888 intelligibilia
1841 826 2070 892 possunt
2117 821 2281 877 simul

267 904 548 978 cognosci.
575 903 588 918 ⁸

343 997 395 1050 3.
427 995 714 1060 Praeterea,
741 991 885 1050 sicut
909 983 969 1050 se
992 991 1157 1049 habet
1184 992 1497 1050 intellectus
1532 994 1586 1050 in
1616 993 1806 1052 habitu
1844 991 1913 1054 ad
1938 996 2283 1072 intelligibile

267 1079 325 1140 in
349 1081 562 1149 babitu,
594 1081 672 1136 ita
695 1095 756 1136 se
784 1079 950 1137 habet
975 1079 1284 1137 intellectus
1313 1081 1367 1137 in
1399 1089 1527 1138 actu
1558 1082 1627 1138 ad
1657 1082 1997 1155 intelligibile
2035 1085 2090 1143 in
2125 1093 2276 1145 actm

269 1173 376 1229 Sed
421 1170 729 1227 intellectus
768 1170 824 1225 in
863 1168 1052 1226 habitu
1093 1168 1255 1225 simul
1303 1169 1461 1241 plura
1495 1168 1860 1242 intelligibilia
1902 1175 2185 1246 cognoscit
2224 1176 2281 1232 ln

269 1259 480 1317 habitu.
510 1259 651 1331 Ergo
674 1257 983 1315 intellectus
1011 1259 1065 1314 in
1096 1265 1224 1315 actu
1248 1257 1409 1315 simul
1438 1257 1593 1331 plura
1622 1257 1875 1333 intelligit
1905 1262 1960 1318 in
1985 1270 2135 1321 actu.

341 1351 398 1406 4.
424 1351 714 1415 Praeterea,
743 1347 810 1403 ad
845 1347 1211 1419 cognitionem
1255 1347 1565 1404 intellectus
1610 1347 1813 1405 sufficit
1843 1351 2065 1422 species
2081 1353 2159 1409 rei
2189 1353 2283 1411 in-

270 1437 572 1510 telligibilis
595 1437 650 1492 in
679 1435 960 1492 intellectu
989 1435 1250 1492 existens.
1279 1434 1383 1492 Sed
1418 1435 1629 1508 species
1668 1436 2038 1508 intelligibiles
2077 1456 2184 1497 non
2221 1459 2283 1500 se

270 1526 574 1600 impediunt
605 1525 737 1599 quin
766 1523 928 1580 simul
956 1524 1072 1580 sint
1099 1524 1152 1581 in
1183 1523 1485 1591 intellectu,
1514 1540 1639 1580 cum
1668 1540 1773 1582 non
1817 1527 1928 1582 sint
1966 1531 2276 1598 contrariae,

269 1632 334 1674 eo
361 1614 510 1689 quod
536 1619 663 1671 sunt
688 1630 722 1671 a
751 1612 980 1670 materia
1008 1617 1298 1686 separatoe.
1320 1612 1463 1684 Ergo
1501 1612 1815 1671 intellectus
1846 1630 1954 1672 non
1985 1616 2281 1686 impeditur

267 1705 401 1780 quin
422 1703 596 1777 possit
618 1702 779 1758 simul
807 1701 961 1774 plura
986 1699 1310 1773 intelligere.
2120 1747 2124 1751 .

338 1796 394 1849 5.
421 1795 712 1862 Praeterea,
741 1792 1021 1864 capacitas
1045 1789 1357 1848 intellectus
1383 1796 1469 1848 est
1491 1792 1665 1865 major
1693 1807 1860 1866 quam
1884 1794 2279 1870 cujuscumque

164 1952 172 1968 ⁸
267 1883 534 1956 corporis.
575 1881 681 1938 Sed
718 1878 941 1954 aliquod
983 1893 1182 1954 corpus
1233 1886 1317 1936 est
1355 1880 1413 1935 in
1460 1896 1569 1952 quo
1612 1881 1775 1937 simul
1816 1891 2045 1956 possunt
2096 1885 2279 1959 plures

267 1972 479 2046 species
508 1969 676 2026 etiam
702 1968 1102 2026 contrariorum
1127 1968 1266 2034 fieri,
1299 1969 1443 2024 sicut
1482 1976 1632 2040 patet
1656 1970 1802 2043 quod
1842 1972 1897 2045 in
1939 1988 2047 2029 uno
2077 1981 2278 2047 puncto

266 2061 432 2127 aeris,
461 2060 518 2115 in
548 2073 657 2132 quo
685 2073 744 2114 se
767 2057 1104 2132 intersecant
1133 2056 1258 2114 duae
1286 2054 1445 2138 lineae
1473 2057 1700 2116 direclae
1734 2075 1766 2115 a
1802 2059 2014 2116 duobus
2044 2061 2278 2119 visibili-

265 2148 370 2206 bus
393 2148 462 2205 ad
492 2147 630 2204 duos
670 2145 940 2213 videntes,
965 2151 1051 2202 est
1074 2145 1284 2218 species
1324 2145 1612 2218 utriusque
1637 2147 1887 2204 visibilis.
1917 2149 2063 2222 Ergo
2104 2152 2277 2209 multo

267 2239 462 2294 fortius
491 2236 674 2309 plures
702 2234 912 2306 species
939 2242 1066 2291 actu
1097 2239 1322 2306 possunt
1351 2233 1512 2288 simul
1538 2249 1657 2290 esse
1686 2235 1742 2291 in
1772 2234 2083 2308 intellectu;
2114 2246 2169 2296 et
2198 2240 2278 2298 ita

263 2325 579 2384 intellectus
604 2329 786 2398 potest
812 2322 973 2379 simul
1002 2322 1158 2395 plura
1185 2320 1509 2394 intelligere.

337 2414 444 2474 Sed
473 2419 664 2471 contra
695 2419 778 2468 est
805 2412 951 2485 quod
981 2411 1116 2468 dicit
1157 2410 1514 2483 Philosophus
1555 2411 1610 2468 in
1652 2412 1699 2468 ll
1731 2411 1921 2486 Topic.
1954 2430 1967 2468 ε
2000 2405 2278 2491 Contingit

263 2506 432 2579 plura
457 2502 615 2568 scire,
642 2501 938 2574 intelliqere
957 2516 1082 2556 vero
1106 2515 1275 2556 unum
1299 2498 1485 2555 solum.

337 2591 663 2666 Respondeo
691 2590 1001 2657 dicendum,
1033 2588 1181 2663 quod
1217 2587 1526 2644 intellectus
1553 2588 1845 2663 dupliciter
1873 2590 2080 2665 aliquid
2107 2593 2274 2652 intel-

267 2683 406 2756 ligit,
439 2681 650 2739 scilicet
700 2679 896 2752 primo,
928 2687 984 2735 et
1023 2695 1093 2734 ex
1133 2679 1515 2751 consequenti.
1543 2677 1622 2733 Ex
1661 2682 2015 2754 consequenti
2049 2682 2272 2758 quidem

269 2771 539 2842 contingit
561 2768 719 2843 plura
751 2767 913 2824 simul
945 2767 1268 2839 intelligere,
1296 2766 1350 2822 in
1376 2772 1643 2839 quantum
1679 2765 1882 2827 habent
1927 2771 2173 2848 ordinem
2203 2773 2273 2830 ad

268 2877 437 2918 unum
461 2855 800 2930 intelligibile
822 2857 1086 2929 primum3
1121 2861 1175 2911 et
1204 2855 1306 2912 hoc
1333 2856 1603 2929 contingit
1631 2858 1940 2932 dupliciter.
1967 2861 2086 2933 Uno
2112 2863 2273 2919 modo

269 2965 332 3006 ex
359 2947 574 3004 unitate
601 2947 721 3018 eJus
754 2959 864 3018 quo
901 2943 1256 3015 intelligitur3
1287 2943 1433 3000 sicut
1455 2943 1675 3018 quando
1713 2945 1869 3018 plura
1913 2947 2277 3020 intelligibilia

267 3054 365 3110 per
395 3051 561 3092 unam
601 3034 840 3107 speciem
883 3032 1293 3104 intelliguntur3
1325 3032 1469 3088 sicut
1500 3032 1809 3089 intellectus
1845 3034 2061 3092 divinus
2093 3037 2275 3094 omnia

269 3125 429 3183 simul
458 3123 607 3179 videt
634 3135 730 3194 per
770 3135 936 3176 unam
959 3121 1252 3178 essentiam
1279 3135 1471 3189 suam;
1502 3126 1557 3176 et
1586 3112 1778 3177 eodem
1820 3121 1978 3178 modo
2023 3123 2277 3182 intellec-

270 3224 360 3271 tus
388 3217 626 3278 creatus,
652 3209 840 3266 videns
863 3209 1160 3266 essentiam
1195 3208 1456 3275 divinam,
1483 3199 1662 3280 potest
1690 3208 1851 3264 simul
1880 3211 2061 3268 omnia
2090 3213 2276 3271 videre

267 3319 394 3376 quse
424 3317 521 3375 per
547 3299 842 3356 essentiam
866 3297 1108 3354 divinam
1137 3296 1442 3352 videt.Alio
1474 3296 1634 3352 modo
1660 3313 1726 3354 ex
1751 3299 1961 3356 unitate
1986 3301 2105 3373 ejus
2128 3303 2273 3376 quod

268 3389 617 3461 intelligitur,
648 3386 860 3444 scilicet
897 3386 1116 3460 quando
1145 3384 1302 3458 plura
1344 3385 1724 3456 intelliguntur
1762 3395 1825 3444 ut
1870 3404 2071 3458 unum;
2101 3399 2275 3448 totum

269 3479 415 3536 enim
448 3493 617 3533 unum
645 3482 732 3532 est
761 3476 934 3549 primo
965 3465 1322 3541 intellectum,
1351 3480 1407 3530 et
1437 3472 1529 3531 illa
1564 3475 1721 3548 plura
1749 3484 1877 3534 sunt
1905 3478 2183 3535 intellecta
2212 3497 2280 3536 ex

267 3567 626 3639 consequenti
655 3566 710 3620 in
749 3564 874 3632 illo;
905 3553 1050 3620 sicut
1073 3578 1198 3619 cum
1226 3561 1535 3620 intellectus
1575 3564 1831 3638 intelligit
1872 3566 2088 3632 lineam,
2116 3569 2280 3625 simul

267 3655 525 3726 intelligit
551 3660 737 3728 partes
766 3653 941 3719 lineae,
971 3661 1031 3708 ut
1056 3652 1258 3708 dicitur
1287 3653 1341 3708 in
1373 3668 1442 3710 ιιι
1467 3652 1536 3709 de
1566 3653 1761 3711 Anima
1793 3656 1946 3724 (text.
1978 3669 2120 3710 com.
2154 3658 2277 3727 25);

269 3753 325 3801 et
351 3743 608 3801 similiter
637 3759 762 3799 cum
803 3739 1060 3814 intelligit
1103 3742 1550 3815 propositionem,
1583 3741 2283 3814 intelligit'similitudinem

269 3832 354 3890 vel
379 3831 750 3889 differentiam
787 3823 1114 3905 aliquorum,
1147 3829 1307 3886 simul
1357 3828 1613 3900 intelligit
1640 3843 1704 3884 ea
1734 3844 1967 3900 quorum
2012 3839 2096 3888 est
2126 3833 2284 3890 sirni-

270 3919 446 3979 litudo
475 3919 562 3976 vel
588 3919 916 3979 diff-arentia.
947 3917 1054 3978 Sed
1093 3918 1242 3992 quod
1270 3917 1584 3976 intellectus.
1623 3911 1784 3974 sim‘ul
1822 3917 2090 3993 intelligat
2128 3921 2283 3995 plura
