<?xml version="1.0" encoding="UTF-8"?>
<!DOCTYPE html PUBLIC "-//W3C//DTD XHTML 1.0 Transitional//EN"
    "http://www.w3.org/TR/xhtml1/DTD/xhtml1-transitional.dtd">
<html xmlns="http://www.w3.org/1999/xhtml" xml:lang="en" lang="en">
 <head>
  <title>
</title>
<meta http-equiv="Content-Type" content="text/html;charset=utf-8" />
  <meta name='ocr-system' content='tesseract 3.04.00' />
  <meta name='ocr-capabilities' content='ocr_page ocr_carea ocr_par ocr_line ocrx_word'/>
</head>
<body>
  <div class='ocr_page' id='page_1' title='image "./sthomaquinatisd00thomgoog_0517.png"; bbox 0 0 2800 4492; ppageno 0'>
   <div class='ocr_carea' id='block_1_1' title="bbox 783 300 2280 382">
    <p class='ocr_par' dir='ltr' id='par_1_1' title="bbox 783 300 2280 382">
     <span class='ocr_line' id='line_1_1' title="bbox 783 300 2280 382; baseline 0 -7"><span class='ocrx_word' id='word_1_1' title='bbox 783 328 895 376; x_wconf 68' lang='grc' dir='ltr'><strong>ΧΠ.</strong></span> <span class='ocrx_word' id='word_1_2' title='bbox 927 346 1008 361; x_wconf 91' lang='lat'><strong>-—</strong></span> <span class='ocrx_word' id='word_1_3' title='bbox 1035 332 1462 382; x_wconf 69' lang='lat' dir='ltr'><strong>Quonmen‘rmu</strong></span> <span class='ocrx_word' id='word_1_4' title='bbox 1502 300 1784 377; x_wconf 67' lang='lat' dir='ltr'><strong>nmmum</strong></span> <span class='ocrx_word' id='word_1_5' title='bbox 2110 312 2116 319; x_wconf 82' lang='grc'>’</span> <span class='ocrx_word' id='word_1_6' title='bbox 2158 312 2280 377; x_wconf 75' lang='lat'><strong>503</strong></span> 
     </span>
    </p>
   </div>
   <div class='ocr_carea' id='block_1_2' title="bbox 271 441 2311 1847">
    <p class='ocr_par' dir='ltr' id='par_1_2' title="bbox 271 441 2279 697">
     <span class='ocr_line' id='line_1_2' title="bbox 271 441 2275 519; baseline 0.001 -20"><span class='ocrx_word' id='word_1_7' title='bbox 271 447 335 501; x_wconf 83' lang='grc' dir='ltr'><strong>ει</strong></span> <span class='ocrx_word' id='word_1_8' title='bbox 363 441 569 513; x_wconf 76' lang='lat' dir='ltr'><strong>unitae,</strong></span> <span class='ocrx_word' id='word_1_9' title='bbox 601 445 730 519; x_wconf 85' lang='lat' dir='ltr'><strong>quia</strong></span> <span class='ocrx_word' id='word_1_10' title='bbox 756 461 863 501; x_wconf 90' lang='lat' dir='ltr'><strong>non</strong></span> <span class='ocrx_word' id='word_1_11' title='bbox 889 454 1014 503; x_wconf 89' lang='lat' dir='ltr'><strong>sunt</strong></span> <span class='ocrx_word' id='word_1_12' title='bbox 1043 448 1230 517; x_wconf 84' lang='lat' dir='ltr'><strong>finita3</strong></span> <span class='ocrx_word' id='word_1_13' title='bbox 1259 455 1313 503; x_wconf 87' lang='lat' dir='ltr'><strong>et</strong></span> <span class='ocrx_word' id='word_1_14' title='bbox 1345 449 1448 505; x_wconf 84' lang='lat' dir='ltr'><strong>hoe</strong></span> <span class='ocrx_word' id='word_1_15' title='bbox 1476 450 1637 506; x_wconf 90' lang='lat' dir='ltr'><strong>modo</strong></span> <span class='ocrx_word' id='word_1_16' title='bbox 1671 464 1851 508; x_wconf 87' lang='lat' dir='ltr'><strong>aevum</strong></span> <span class='ocrx_word' id='word_1_17' title='bbox 1873 452 1959 505; x_wconf 84' lang='lat' dir='ltr'><strong>est</strong></span> <span class='ocrx_word' id='word_1_18' title='bbox 1980 442 2275 513; x_wconf 85' lang='lat' dir='ltr'><strong>infinitum,</strong></span> 
     </span>
     <span class='ocr_line' id='line_1_3' title="bbox 273 532 2279 611; baseline 0.001 -23"><span class='ocrx_word' id='word_1_19' title='bbox 273 532 410 606; x_wconf 89' lang='lat' dir='ltr'><strong>quia</strong></span> <span class='ocrx_word' id='word_1_20' title='bbox 435 534 647 589; x_wconf 83' lang='lat' dir='ltr'><strong>seilicet</strong></span> <span class='ocrx_word' id='word_1_21' title='bbox 665 550 770 592; x_wconf 89' lang='lat' dir='ltr'><strong>non</strong></span> <span class='ocrx_word' id='word_1_22' title='bbox 796 536 1001 591; x_wconf 88' lang='lat' dir='ltr'><strong>finitur.</strong></span> <span class='ocrx_word' id='word_1_23' title='bbox 1023 537 1112 592; x_wconf 87' lang='lat' dir='ltr'><strong>Sic</strong></span> <span class='ocrx_word' id='word_1_24' title='bbox 1139 544 1323 593; x_wconf 89' lang='lat' dir='ltr'><strong>autem</strong></span> <span class='ocrx_word' id='word_1_25' title='bbox 1344 538 1551 611; x_wconf 88' lang='lat' dir='ltr'><strong>aliquid</strong></span> <span class='ocrx_word' id='word_1_26' title='bbox 1572 544 1817 595; x_wconf 82' lang='lat' dir='ltr'><strong>creatum</strong></span> <span class='ocrx_word' id='word_1_27' title='bbox 1842 552 1961 595; x_wconf 87' lang='lat' dir='ltr'><strong>esse</strong></span> <span class='ocrx_word' id='word_1_28' title='bbox 1980 536 2279 593; x_wconf 83' lang='lat' dir='ltr'><strong>secundum</strong></span> 
     </span>
     <span class='ocr_line' id='line_1_4' title="bbox 275 620 1433 697; baseline 0.003 -19"><span class='ocrx_word' id='word_1_29' title='bbox 275 620 492 695; x_wconf 83' lang='lat' dir='ltr'><strong>aliquid</strong></span> <span class='ocrx_word' id='word_1_30' title='bbox 523 623 795 681; x_wconf 87' lang='lat' dir='ltr'><strong>infinitum</strong></span> <span class='ocrx_word' id='word_1_31' title='bbox 826 631 971 691; x_wconf 86' lang='lat' dir='ltr'><strong>actu,</strong></span> <span class='ocrx_word' id='word_1_32' title='bbox 1000 624 1130 679; x_wconf 86' lang='lat' dir='ltr'><strong>nihil</strong></span> <span class='ocrx_word' id='word_1_33' title='bbox 1161 625 1433 697; x_wconf 81' lang='lat' dir='ltr'><strong>prohibet.</strong></span> 
     </span>
    </p>

    <p class='ocr_par' dir='ltr' id='par_1_3' title="bbox 273 713 2279 871">
     <span class='ocr_line' id='line_1_5' title="bbox 348 713 2279 787; baseline 0.001 -19"><span class='ocrx_word' id='word_1_34' title='bbox 348 713 435 769; x_wconf 89' lang='lat' dir='ltr'><strong>Ad</strong></span> <span class='ocrx_word' id='word_1_35' title='bbox 465 714 690 769; x_wconf 85' lang='lat' dir='ltr'><strong>tertium</strong></span> <span class='ocrx_word' id='word_1_36' title='bbox 719 713 1029 783; x_wconf 86' lang='lat' dir='ltr'><strong>dicendum,</strong></span> <span class='ocrx_word' id='word_1_37' title='bbox 1065 714 1206 787; x_wconf 89' lang='lat' dir='ltr'><strong>quod</strong></span> <span class='ocrx_word' id='word_1_38' title='bbox 1237 732 1330 787; x_wconf 88' lang='lat' dir='ltr'><strong>per</strong></span> <span class='ocrx_word' id='word_1_39' title='bbox 1361 716 1613 771; x_wconf 88' lang='lat' dir='ltr'><strong>eumdem</strong></span> <span class='ocrx_word' id='word_1_40' title='bbox 1647 715 1869 773; x_wconf 90' lang='lat' dir='ltr'><strong>modum</strong></span> <span class='ocrx_word' id='word_1_41' title='bbox 1895 720 1979 771; x_wconf 88' lang='lat' dir='ltr'><strong>est</strong></span> <span class='ocrx_word' id='word_1_42' title='bbox 2006 713 2279 771; x_wconf 83' lang='lat' dir='ltr'><strong>infinitum</strong></span> 
     </span>
     <span class='ocr_line' id='line_1_6' title="bbox 273 798 928 871; baseline 0 -18"><span class='ocrx_word' id='word_1_43' title='bbox 273 814 400 855; x_wconf 83' lang='lat' dir='ltr'><strong>esse</strong></span> <span class='ocrx_word' id='word_1_44' title='bbox 424 798 616 871; x_wconf 86' lang='lat' dir='ltr'><strong>Angeli</strong></span> <span class='ocrx_word' id='word_1_45' title='bbox 647 807 702 855; x_wconf 88' lang='lat' dir='ltr'><strong>et</strong></span> <span class='ocrx_word' id='word_1_46' title='bbox 730 816 928 856; x_wconf 87' lang='lat' dir='ltr'><strong>aevum.</strong></span> 
     </span>
    </p>

    <p class='ocr_par' dir='ltr' id='par_1_4' title="bbox 279 888 2311 1847">
     <span class='ocr_line' id='line_1_7' title="bbox 349 888 2278 963; baseline 0.001 -20"><span class='ocrx_word' id='word_1_47' title='bbox 349 888 434 943; x_wconf 88' lang='lat' dir='ltr'><strong>Ad</strong></span> <span class='ocrx_word' id='word_1_48' title='bbox 456 897 710 960; x_wconf 85' lang='lat' dir='ltr'><strong>quartum</strong></span> <span class='ocrx_word' id='word_1_49' title='bbox 731 889 1039 957; x_wconf 89' lang='lat' dir='ltr'><strong>dicendum,</strong></span> <span class='ocrx_word' id='word_1_50' title='bbox 1064 890 1207 963; x_wconf 90' lang='lat' dir='ltr'><strong>quod</strong></span> <span class='ocrx_word' id='word_1_51' title='bbox 1237 890 1378 945; x_wconf 88' lang='lat' dir='ltr'><strong>inter</strong></span> <span class='ocrx_word' id='word_1_52' title='bbox 1406 891 1776 947; x_wconf 64' lang='lat' dir='ltr'><strong>aeternitatem</strong></span> <span class='ocrx_word' id='word_1_53' title='bbox 1806 900 1859 947; x_wconf 84' lang='lat' dir='ltr'><strong>et</strong></span> <span class='ocrx_word' id='word_1_54' title='bbox 1887 908 2069 948; x_wconf 72' lang='lat' dir='ltr'><strong>aevum</strong></span> <span class='ocrx_word' id='word_1_55' title='bbox 2096 894 2278 963; x_wconf 88' lang='lat' dir='ltr'><strong>potest</strong></span> 
     </span>
     <span class='ocr_line' id='line_1_8' title="bbox 279 976 2281 1053; baseline 0.001 -21"><span class='ocrx_word' id='word_1_56' title='bbox 279 976 549 1047; x_wconf 84' lang='lat' dir='ltr'><strong>assignari</strong></span> <span class='ocrx_word' id='word_1_57' title='bbox 593 978 788 1049; x_wconf 76' lang='lat' dir='ltr'><strong>triplex</strong></span> <span class='ocrx_word' id='word_1_58' title='bbox 831 978 1154 1035; x_wconf 87' lang='lat' dir='ltr'><strong>differentia.</strong></span> <span class='ocrx_word' id='word_1_59' title='bbox 1188 980 1430 1049; x_wconf 87' lang='lat' dir='ltr'><strong>Quarum</strong></span> <span class='ocrx_word' id='word_1_60' title='bbox 1474 996 1579 1036; x_wconf 90' lang='lat' dir='ltr'><strong>una</strong></span> <span class='ocrx_word' id='word_1_61' title='bbox 1622 985 1803 1053; x_wconf 86' lang='lat' dir='ltr'><strong>potest</strong></span> <span class='ocrx_word' id='word_1_62' title='bbox 1854 980 1992 1036; x_wconf 86' lang='lat' dir='ltr'><strong>sumi</strong></span> <span class='ocrx_word' id='word_1_63' title='bbox 2038 997 2107 1035; x_wconf 83' lang='lat' dir='ltr'><strong>ex</strong></span> <span class='ocrx_word' id='word_1_64' title='bbox 2134 994 2281 1051; x_wconf 53' lang='lat' dir='ltr'><strong>prae*-</strong></span> 
     </span>
     <span class='ocr_line' id='line_1_9' title="bbox 279 1066 2281 1139; baseline 0.001 -19"><span class='ocrx_word' id='word_1_65' title='bbox 279 1066 474 1133; x_wconf 84' lang='lat' dir='ltr'><strong>dictis;</strong></span> <span class='ocrx_word' id='word_1_66' title='bbox 509 1080 632 1121; x_wconf 90' lang='lat' dir='ltr'><strong>nam</strong></span> <span class='ocrx_word' id='word_1_67' title='bbox 663 1067 944 1122; x_wconf 76' lang='lat' dir='ltr'><strong>aeternitas</strong></span> <span class='ocrx_word' id='word_1_68' title='bbox 989 1077 1268 1124; x_wconf 79' lang='lat' dir='ltr'><strong>mensurat</strong></span> <span class='ocrx_word' id='word_1_69' title='bbox 1310 1069 1485 1139; x_wconf 85' lang='lat' dir='ltr'>ipsam</span> <span class='ocrx_word' id='word_1_70' title='bbox 1527 1069 1889 1125; x_wconf 79' lang='lat' dir='ltr'>substantiam</span> <span class='ocrx_word' id='word_1_71' title='bbox 1934 1068 2147 1137; x_wconf 82' lang='lat' dir='ltr'><strong>aeterni,</strong></span> <span class='ocrx_word' id='word_1_72' title='bbox 2187 1084 2281 1123; x_wconf 85' lang='lat' dir='ltr'><strong>se-</strong></span> 
     </span>
     <span class='ocr_line' id='line_1_10' title="bbox 279 1154 2279 1228; baseline 0 -19"><span class='ocrx_word' id='word_1_73' title='bbox 279 1155 519 1210; x_wconf 84' lang='lat' dir='ltr'><strong>cundum</strong></span> <span class='ocrx_word' id='word_1_74' title='bbox 549 1154 693 1228; x_wconf 90' lang='lat' dir='ltr'><strong>quod</strong></span> <span class='ocrx_word' id='word_1_75' title='bbox 733 1163 816 1212; x_wconf 89' lang='lat' dir='ltr'><strong>est</strong></span> <span class='ocrx_word' id='word_1_76' title='bbox 844 1156 896 1209; x_wconf 91' lang='lat' dir='ltr'><strong>in</strong></span> <span class='ocrx_word' id='word_1_77' title='bbox 934 1172 1116 1211; x_wconf 84' lang='lat' dir='ltr'><strong>rerum</strong></span> <span class='ocrx_word' id='word_1_78' title='bbox 1155 1162 1369 1224; x_wconf 86' lang='lat' dir='ltr'><strong>natura,</strong></span> <span class='ocrx_word' id='word_1_79' title='bbox 1404 1158 1549 1213; x_wconf 82' lang='lat' dir='ltr'><strong>idest</strong></span> <span class='ocrx_word' id='word_1_80' title='bbox 1588 1172 1715 1213; x_wconf 83' lang='lat' dir='ltr'><strong>oum</strong></span> <span class='ocrx_word' id='word_1_81' title='bbox 1762 1156 2015 1213; x_wconf 85' lang='lat' dir='ltr'><strong>omnibus</strong></span> <span class='ocrx_word' id='word_1_82' title='bbox 2061 1170 2185 1226; x_wconf 75' lang='lat' dir='ltr'><strong>quae</strong></span> <span class='ocrx_word' id='word_1_83' title='bbox 2228 1157 2279 1210; x_wconf 87' lang='lat' dir='ltr'><strong>ei</strong></span> 
     </span>
     <span class='ocr_line' id='line_1_11' title="bbox 281 1242 2279 1311; baseline 0 -13"><span class='ocrx_word' id='word_1_84' title='bbox 281 1242 673 1310; x_wconf 87' lang='lat' dir='ltr'><strong>attribuuntur,</strong></span> <span class='ocrx_word' id='word_1_85' title='bbox 715 1259 820 1299; x_wconf 93' lang='lat' dir='ltr'><strong>non</strong></span> <span class='ocrx_word' id='word_1_86' title='bbox 855 1249 1039 1299; x_wconf 85' lang='lat' dir='ltr'><strong>autem</strong></span> <span class='ocrx_word' id='word_1_87' title='bbox 1065 1260 1262 1311; x_wconf 86' lang='lat' dir='ltr'><strong>aevum,</strong></span> <span class='ocrx_word' id='word_1_88' title='bbox 1305 1253 1366 1300; x_wconf 88' lang='lat' dir='ltr'><strong>ut</strong></span> <span class='ocrx_word' id='word_1_89' title='bbox 1412 1244 1621 1302; x_wconf 85' lang='lat' dir='ltr'><strong>dictum</strong></span> <span class='ocrx_word' id='word_1_90' title='bbox 1649 1251 1755 1302; x_wconf 85' lang='lat' dir='ltr'><strong>est.</strong></span> <span class='ocrx_word' id='word_1_91' title='bbox 1786 1245 1907 1301; x_wconf 84' lang='lat' dir='ltr'><strong>Alia</strong></span> <span class='ocrx_word' id='word_1_92' title='bbox 1944 1245 2181 1301; x_wconf 78' lang='lat' dir='ltr'>sumitur</span> <span class='ocrx_word' id='word_1_93' title='bbox 2211 1261 2279 1299; x_wconf 87' lang='lat' dir='ltr'><strong>ex</strong></span> 
     </span>
     <span class='ocr_line' id='line_1_12' title="bbox 280 1331 2311 1409; baseline 0 -23"><span class='ocrx_word' id='word_1_94' title='bbox 280 1331 383 1386; x_wconf 86' lang='lat' dir='ltr'><strong>hoe</strong></span> <span class='ocrx_word' id='word_1_95' title='bbox 411 1332 560 1403; x_wconf 89' lang='lat' dir='ltr'><strong>quod</strong></span> <span class='ocrx_word' id='word_1_96' title='bbox 598 1333 880 1388; x_wconf 46' lang='lat' dir='ltr'><strong>&gt;aeternitas</strong></span> <span class='ocrx_word' id='word_1_97' title='bbox 905 1340 1200 1409; x_wconf 83' lang='lat' dir='ltr'><strong>mensurat</strong></span> <span class='ocrx_word' id='word_1_98' title='bbox 1229 1350 1470 1405; x_wconf 87' lang='lat' dir='ltr'><strong>esse-per</strong></span> <span class='ocrx_word' id='word_1_99' title='bbox 1518 1350 1575 1390; x_wconf 89' lang='lat' dir='ltr'><strong>se</strong></span> <span class='ocrx_word' id='word_1_100' title='bbox 1604 1342 1777 1401; x_wconf 86' lang='lat' dir='ltr'><strong>stans,</strong></span> <span class='ocrx_word' id='word_1_101' title='bbox 1810 1334 1953 1390; x_wconf 90' lang='lat' dir='ltr'><strong>unde</strong></span> <span class='ocrx_word' id='word_1_102' title='bbox 1995 1333 2311 1389; x_wconf 70' lang='lat' dir='ltr'><strong>aeternitas·</strong></span> 
     </span>
     <span class='ocr_line' id='line_1_13' title="bbox 281 1420 2277 1491; baseline 0.001 -18"><span class='ocrx_word' id='word_1_103' title='bbox 281 1426 364 1475; x_wconf 87' lang='lat' dir='ltr'><strong>est</strong></span> <span class='ocrx_word' id='word_1_104' title='bbox 406 1420 554 1475; x_wconf 87' lang='lat' dir='ltr'><strong>idem</strong></span> <span class='ocrx_word' id='word_1_105' title='bbox 593 1436 716 1476; x_wconf 90' lang='lat' dir='ltr'><strong>cum</strong></span> <span class='ocrx_word' id='word_1_106' title='bbox 763 1420 1070 1477; x_wconf 87' lang='lat' dir='ltr'><strong>substantia</strong></span> <span class='ocrx_word' id='word_1_107' title='bbox 1111 1424 1337 1491; x_wconf 82' lang='lat' dir='ltr'><strong>aeterni3</strong></span> <span class='ocrx_word' id='word_1_108' title='bbox 1381 1438 1563 1479; x_wconf 83' lang='lat' dir='ltr'><strong>aevum</strong></span> <span class='ocrx_word' id='word_1_109' title='bbox 1610 1432 1795 1478; x_wconf 89' lang='lat' dir='ltr'><strong>autem</strong></span> <span class='ocrx_word' id='word_1_110' title='bbox 1843 1428 2123 1478; x_wconf 78' lang='lat' dir='ltr'><strong>mensurat</strong></span> <span class='ocrx_word' id='word_1_111' title='bbox 2159 1438 2277 1477; x_wconf 85' lang='lat' dir='ltr'><strong>esse</strong></span> 
     </span>
     <span class='ocr_line' id='line_1_14' title="bbox 281 1504 2279 1585; baseline 0.001 -22"><span class='ocrx_word' id='word_1_112' title='bbox 281 1516 548 1573; x_wconf 87' lang='lat' dir='ltr'><strong>creatum,</strong></span> <span class='ocrx_word' id='word_1_113' title='bbox 582 1510 726 1582; x_wconf 88' lang='lat' dir='ltr'><strong>quod</strong></span> <span class='ocrx_word' id='word_1_114' title='bbox 751 1525 858 1564; x_wconf 90' lang='lat' dir='ltr'><strong>non</strong></span> <span class='ocrx_word' id='word_1_115' title='bbox 887 1504 972 1565; x_wconf 34' lang='lat' dir='ltr'><strong>est*</strong></span> <span class='ocrx_word' id='word_1_116' title='bbox 1016 1526 1110 1582; x_wconf 84' lang='lat' dir='ltr'><strong>per</strong></span> <span class='ocrx_word' id='word_1_117' title='bbox 1136 1527 1194 1565; x_wconf 87' lang='lat' dir='ltr'><strong>se</strong></span> <span class='ocrx_word' id='word_1_118' title='bbox 1239 1520 1412 1578; x_wconf 74' lang='lat' dir='ltr'><strong>stane,</strong></span> <span class='ocrx_word' id='word_1_119' title='bbox 1440 1512 1569 1585; x_wconf 86' lang='lat' dir='ltr'><strong>quia</strong></span> <span class='ocrx_word' id='word_1_120' title='bbox 1608 1520 1692 1567; x_wconf 83' lang='lat' dir='ltr'><strong>est</strong></span> <span class='ocrx_word' id='word_1_121' title='bbox 1719 1512 1863 1567; x_wconf 87' lang='lat' dir='ltr'><strong>aliud</strong></span> <span class='ocrx_word' id='word_1_122' title='bbox 1896 1527 1926 1566; x_wconf 91' lang='lat' dir='ltr'><strong>a</strong></span> <span class='ocrx_word' id='word_1_123' title='bbox 1970 1510 2279 1565; x_wconf 85' lang='lat' dir='ltr'><strong>substantia</strong></span> 
     </span>
     <span class='ocr_line' id='line_1_15' title="bbox 281 1585 2280 1673; baseline 0 -22"><span class='ocrx_word' id='word_1_124' title='bbox 281 1597 422 1651; x_wconf 83' lang='lat' dir='ltr'><strong>entis</strong></span> <span class='ocrx_word' id='word_1_125' title='bbox 451 1598 643 1652; x_wconf 84' lang='lat' dir='ltr'><strong>creati.</strong></span> <span class='ocrx_word' id='word_1_126' title='bbox 675 1598 856 1653; x_wconf 81' lang='lat' dir='ltr'><strong>Tertia</strong></span> <span class='ocrx_word' id='word_1_127' title='bbox 889 1585 1068 1669; x_wconf 87' lang='lat' dir='ltr'><strong>potest</strong></span> <span class='ocrx_word' id='word_1_128' title='bbox 1093 1597 1234 1653; x_wconf 87' lang='lat' dir='ltr'><strong>sumi</strong></span> <span class='ocrx_word' id='word_1_129' title='bbox 1269 1616 1334 1654; x_wconf 83' lang='lat' dir='ltr'><strong>ex</strong></span> <span class='ocrx_word' id='word_1_130' title='bbox 1372 1599 1475 1655; x_wconf 85' lang='lat' dir='ltr'><strong>hoc</strong></span> <span class='ocrx_word' id='word_1_131' title='bbox 1504 1600 1649 1673; x_wconf 89' lang='lat' dir='ltr'><strong>quod</strong></span> <span class='ocrx_word' id='word_1_132' title='bbox 1682 1597 1881 1665; x_wconf 83' lang='lat' dir='ltr'><strong>ae&#39;vum,</strong></span> <span class='ocrx_word' id='word_1_133' title='bbox 1914 1598 2167 1671; x_wconf 88' lang='lat' dir='ltr'><strong>quamvis</strong></span> <span class='ocrx_word' id='word_1_134' title='bbox 2207 1599 2280 1651; x_wconf 83' lang='lat' dir='ltr'><strong>sit</strong></span> 
     </span>
     <span class='ocr_line' id='line_1_16' title="bbox 282 1671 2280 1761; baseline 0.002 -23"><span class='ocrx_word' id='word_1_135' title='bbox 282 1684 752 1741; x_wconf 59' lang='lat' dir='ltr'><strong>indeterminabilis</strong></span> <span class='ocrx_word' id='word_1_136' title='bbox 773 1703 840 1741; x_wconf 88' lang='lat' dir='ltr'><strong>ex</strong></span> <span class='ocrx_word' id='word_1_137' title='bbox 862 1691 1018 1759; x_wconf 85' lang='lat' dir='ltr'><strong>parte</strong></span> <span class='ocrx_word' id='word_1_138' title='bbox 1045 1687 1184 1753; x_wconf 76' lang='lat' dir='ltr'><strong>finiS,</strong></span> <span class='ocrx_word' id='word_1_139' title='bbox 1209 1693 1517 1745; x_wconf 85' lang='lat' dir='ltr'><strong>nontamen</strong></span> <span class='ocrx_word' id='word_1_140' title='bbox 1542 1671 1607 1745; x_wconf 69' lang='lat' dir='ltr'><strong>ex</strong></span> <span class='ocrx_word' id='word_1_141' title='bbox 1632 1696 1787 1761; x_wconf 90' lang='lat' dir='ltr'><strong>parte</strong></span> <span class='ocrx_word' id='word_1_142' title='bbox 1809 1686 2082 1761; x_wconf 87' lang='lat' dir='ltr'><strong>principii,</strong></span> <span class='ocrx_word' id='word_1_143' title='bbox 2111 1691 2280 1743; x_wconf 83' lang='lat' dir='ltr'><strong>aeter-</strong></span> 
     </span>
     <span class='ocr_line' id='line_1_17' title="bbox 283 1773 1183 1847; baseline 0.004 -20"><span class='ocrx_word' id='word_1_144' title='bbox 283 1773 424 1829; x_wconf 85' lang='lat' dir='ltr'><strong>nitas</strong></span> <span class='ocrx_word' id='word_1_145' title='bbox 453 1789 582 1830; x_wconf 88' lang='lat' dir='ltr'><strong>vero</strong></span> <span class='ocrx_word' id='word_1_146' title='bbox 609 1790 674 1830; x_wconf 86' lang='lat' dir='ltr'><strong>ex</strong></span> <span class='ocrx_word' id='word_1_147' title='bbox 700 1783 854 1847; x_wconf 83' lang='lat' dir='ltr'><strong>parte</strong></span> <span class='ocrx_word' id='word_1_148' title='bbox 881 1776 1183 1847; x_wconf 85' lang='lat' dir='ltr'><strong>utriusque.</strong></span> 
     </span>
    </p>
   </div>
   <div class='ocr_carea' id='block_1_3' title="bbox 987 1912 1546 2025">
    <p class='ocr_par' dir='ltr' id='par_1_5' title="bbox 987 1912 1546 2025">
     <span class='ocr_line' id='line_1_18' title="bbox 987 1912 1546 2025; baseline 0.005 -11"><span class='ocrx_word' id='word_1_149' title='bbox 987 1948 1382 2025; x_wconf 77' lang='lat' dir='ltr'>QUAESTIO</span> <span class='ocrx_word' id='word_1_150' title='bbox 1430 1912 1546 2017; x_wconf 79' lang='grc' dir='ltr'><strong>ΠΙ.</strong></span> 
     </span>
    </p>
   </div>
   <div class='ocr_carea' id='block_1_4' title="bbox 255 2066 2379 2241">
    <p class='ocr_par' dir='ltr' id='par_1_6' title="bbox 255 2066 2379 2241">
     <span class='ocr_line' id='line_1_19' title="bbox 255 2066 2372 2152; baseline 0.001 -19"><span class='ocrx_word' id='word_1_151' title='bbox 255 2070 260 2077; x_wconf 69' lang='grc'><strong>’</strong></span> <span class='ocrx_word' id='word_1_152' title='bbox 352 2066 560 2135; x_wconf 78' lang='lat' dir='ltr'><strong>Deinde</strong></span> <span class='ocrx_word' id='word_1_153' title='bbox 592 2076 856 2151; x_wconf 71' lang='lat' dir='ltr'><strong>quaeritur</strong></span> <span class='ocrx_word' id='word_1_154' title='bbox 901 2078 968 2133; x_wconf 87' lang='lat' dir='ltr'><strong>de</strong></span> <span class='ocrx_word' id='word_1_155' title='bbox 1007 2078 1229 2135; x_wconf 86' lang='lat' dir='ltr'><strong>anima:</strong></span> <span class='ocrx_word' id='word_1_156' title='bbox 1260 2088 1314 2135; x_wconf 87' lang='grc' dir='ltr'><strong>ει</strong></span> <span class='ocrx_word' id='word_1_157' title='bbox 1357 2081 1531 2152; x_wconf 87' lang='lat' dir='ltr'><strong>primo</strong></span> <span class='ocrx_word' id='word_1_158' title='bbox 1562 2086 1829 2152; x_wconf 86' lang='lat' dir='ltr'><strong>quantum</strong></span> <span class='ocrx_word' id='word_1_159' title='bbox 1876 2080 1945 2137; x_wconf 88' lang='lat' dir='ltr'><strong>ad</strong></span> <span class='ocrx_word' id='word_1_160' title='bbox 1987 2089 2276 2143; x_wconf 77' lang='lat' dir='ltr'><strong>naturam:</strong></span> <span class='ocrx_word' id='word_1_161' title='bbox 2366 2105 2372 2110; x_wconf 92' lang='lat'><em>·</em></span> 
     </span>
     <span class='ocr_line' id='line_1_20' title="bbox 280 2166 2379 2241; baseline 0.002 -20"><span class='ocrx_word' id='word_1_162' title='bbox 280 2168 520 2223; x_wconf 86' lang='lat' dir='ltr'><strong>secundo</strong></span> <span class='ocrx_word' id='word_1_163' title='bbox 551 2174 814 2239; x_wconf 85' lang='lat' dir='ltr'><strong>quantum</strong></span> <span class='ocrx_word' id='word_1_164' title='bbox 839 2166 906 2223; x_wconf 88' lang='lat' dir='ltr'><strong>ad</strong></span> <span class='ocrx_word' id='word_1_165' title='bbox 932 2166 1200 2238; x_wconf 87' lang='lat' dir='ltr'><strong>gratiam;</strong></span> <span class='ocrx_word' id='word_1_166' title='bbox 1227 2168 1388 2223; x_wconf 86' lang='lat' dir='ltr'><strong>tertio</strong></span> <span class='ocrx_word' id='word_1_167' title='bbox 1415 2173 1677 2239; x_wconf 82' lang='lat' dir='ltr'><strong>quantum</strong></span> <span class='ocrx_word' id='word_1_168' title='bbox 1706 2168 1773 2224; x_wconf 90' lang='lat' dir='ltr'><strong>ad</strong></span> <span class='ocrx_word' id='word_1_169' title='bbox 1796 2167 2011 2238; x_wconf 84' lang='lat' dir='ltr'><strong>culpam</strong></span> <span class='ocrx_word' id='word_1_170' title='bbox 2037 2184 2052 2236; x_wconf 91' lang='lat'>;</span> <span class='ocrx_word' id='word_1_171' title='bbox 2083 2176 2278 2241; x_wconf 87' lang='lat' dir='ltr'><strong>quarto</strong></span> <span class='ocrx_word' id='word_1_172' title='bbox 2377 2222 2379 2225; x_wconf 78' lang='grc'>,</span> 
     </span>
    </p>
   </div>
   <div class='ocr_carea' id='block_1_5' title="bbox 279 2255 2341 2594">
    <p class='ocr_par' dir='ltr' id='par_1_7' title="bbox 279 2255 2341 2594">
     <span class='ocr_line' id='line_1_21' title="bbox 280 2255 2279 2329; baseline -0.001 -18"><span class='ocrx_word' id='word_1_173' title='bbox 280 2263 546 2327; x_wconf 89' lang='lat' dir='ltr'><strong>quantum</strong></span> <span class='ocrx_word' id='word_1_174' title='bbox 573 2256 642 2312; x_wconf 88' lang='lat' dir='ltr'><strong>ad</strong></span> <span class='ocrx_word' id='word_1_175' title='bbox 671 2255 918 2325; x_wconf 83' lang='lat' dir='ltr'><strong>gloriam.</strong></span> <span class='ocrx_word' id='word_1_176' title='bbox 943 2256 1099 2311; x_wconf 86' lang='lat' dir='ltr'><strong>Circa</strong></span> <span class='ocrx_word' id='word_1_177' title='bbox 1125 2255 1395 2312; x_wconf 83' lang='lat' dir='ltr'><strong>naturalia</strong></span> <span class='ocrx_word' id='word_1_178' title='bbox 1423 2256 1625 2321; x_wconf 72' lang='lat' dir='ltr'><strong>animae,</strong></span> <span class='ocrx_word' id='word_1_179' title='bbox 1644 2257 1935 2329; x_wconf 82' lang='lat' dir='ltr'><strong>quaesitum</strong></span> <span class='ocrx_word' id='word_1_180' title='bbox 1962 2261 2044 2311; x_wconf 83' lang='lat' dir='ltr'><strong>est</strong></span> <span class='ocrx_word' id='word_1_181' title='bbox 2064 2256 2131 2311; x_wconf 89' lang='lat' dir='ltr'><strong>de</strong></span> <span class='ocrx_word' id='word_1_182' title='bbox 2160 2258 2279 2327; x_wconf 83' lang='lat' dir='ltr'><strong>ejus</strong></span> 
     </span>
     <span class='ocr_line' id='line_1_22' title="bbox 279 2342 2341 2420; baseline -0.001 -21"><span class='ocrx_word' id='word_1_183' title='bbox 279 2342 606 2411; x_wconf 82' lang='lat' dir='ltr'><strong>substantia,</strong></span> <span class='ocrx_word' id='word_1_184' title='bbox 637 2344 782 2400; x_wconf 84' lang='lat' dir='ltr'><strong>etde</strong></span> <span class='ocrx_word' id='word_1_185' title='bbox 811 2347 928 2416; x_wconf 86' lang='lat' dir='ltr'><strong>ejus</strong></span> <span class='ocrx_word' id='word_1_186' title='bbox 953 2345 1290 2417; x_wconf 73' lang='lat' dir='ltr'><strong>operatione.</strong></span> <span class='ocrx_word' id='word_1_187' title='bbox 1320 2344 1478 2420; x_wconf 82' lang='lat' dir='ltr'><strong>Circa</strong></span> <span class='ocrx_word' id='word_1_188' title='bbox 1502 2342 1866 2400; x_wconf 75' lang='lat' dir='ltr'><strong>substantiam</strong></span> <span class='ocrx_word' id='word_1_189' title='bbox 1890 2344 2124 2415; x_wconf 75' lang='lat' dir='ltr'><strong>quaesita</strong></span> <span class='ocrx_word' id='word_1_190' title='bbox 2151 2350 2279 2399; x_wconf 86' lang='lat' dir='ltr'><strong>sunt</strong></span> <span class='ocrx_word' id='word_1_191' title='bbox 2336 2374 2341 2379; x_wconf 93' lang='lat'>-</span> 
     </span>
     <span class='ocr_line' id='line_1_23' title="bbox 279 2432 2277 2505; baseline 0 -18"><span class='ocrx_word' id='word_1_192' title='bbox 279 2432 388 2489; x_wconf 88' lang='lat' dir='ltr'><strong>duo</strong></span> <span class='ocrx_word' id='word_1_193' title='bbox 413 2450 428 2487; x_wconf 76' lang='lat' dir='ltr'><strong>t</strong></span> <span class='ocrx_word' id='word_1_194' title='bbox 451 2435 511 2487; x_wconf 69' lang='lat'><strong>40</strong></span> <span class='ocrx_word' id='word_1_195' title='bbox 538 2440 720 2487; x_wconf 85' lang='lat' dir='ltr'><strong>utrum</strong></span> <span class='ocrx_word' id='word_1_196' title='bbox 745 2434 925 2489; x_wconf 90' lang='lat' dir='ltr'><strong>anima</strong></span> <span class='ocrx_word' id='word_1_197' title='bbox 944 2434 1017 2489; x_wconf 83' lang='lat' dir='ltr'><strong>sit</strong></span> <span class='ocrx_word' id='word_1_198' title='bbox 1046 2449 1160 2490; x_wconf 85' lang='lat' dir='ltr'><strong>suae</strong></span> <span class='ocrx_word' id='word_1_199' title='bbox 1181 2433 1473 2505; x_wconf 80' lang='lat' dir='ltr'><strong>potentiae3</strong></span> <span class='ocrx_word' id='word_1_200' title='bbox 1495 2438 1555 2491; x_wconf 72' lang='lat'><strong>20</strong></span> <span class='ocrx_word' id='word_1_201' title='bbox 1580 2441 1764 2490; x_wconf 87' lang='lat' dir='ltr'><strong>utrum</strong></span> <span class='ocrx_word' id='word_1_202' title='bbox 1792 2432 2089 2489; x_wconf 87' lang='lat' dir='ltr'><strong>secundum</strong></span> <span class='ocrx_word' id='word_1_203' title='bbox 2119 2447 2277 2489; x_wconf 88' lang='lat' dir='ltr'><strong>suam</strong></span> 
     </span>
     <span class='ocr_line' id='line_1_24' title="bbox 279 2520 1221 2594; baseline 0.001 -18"><span class='ocrx_word' id='word_1_204' title='bbox 279 2520 646 2577; x_wconf 81' lang='lat' dir='ltr'><strong>substantiam</strong></span> <span class='ocrx_word' id='word_1_205' title='bbox 675 2522 745 2579; x_wconf 88' lang='lat' dir='ltr'><strong>sit</strong></span> <span class='ocrx_word' id='word_1_206' title='bbox 776 2521 1221 2594; x_wconf 82' lang='lat' dir='ltr'><strong>incorruptibilis.</strong></span> 
     </span>
    </p>
   </div>
   <div class='ocr_carea' id='block_1_6' title="bbox 995 2682 1567 2744">
    <p class='ocr_par' dir='ltr' id='par_1_8' title="bbox 995 2682 1567 2744">
     <span class='ocr_line' id='line_1_25' title="bbox 995 2682 1567 2744; baseline 0.002 -2"><span class='ocrx_word' id='word_1_207' title='bbox 995 2682 1446 2743; x_wconf 80' lang='lat' dir='ltr'><strong>ARTICULUS</strong></span> <span class='ocrx_word' id='word_1_208' title='bbox 1488 2682 1567 2744; x_wconf 89' lang='lat' dir='ltr'><strong>V.</strong></span> 
     </span>
    </p>
   </div>
   <div class='ocr_carea' id='block_1_7' title="bbox 571 2806 1998 2976">
    <p class='ocr_par' dir='ltr' id='par_1_9' title="bbox 571 2806 1998 2976">
     <span class='ocr_line' id='line_1_26' title="bbox 571 2806 1998 2889; baseline 0 -20"><span class='ocrx_word' id='word_1_209' title='bbox 571 2806 785 2869; x_wconf 74' lang='lat' dir='ltr'><strong>Utrum</strong></span> <span class='ocrx_word' id='word_1_210' title='bbox 809 2807 1011 2869; x_wconf 75' lang='lat' dir='ltr'><strong>anima</strong></span> <span class='ocrx_word' id='word_1_211' title='bbox 1037 2808 1122 2869; x_wconf 77' lang='lat' dir='ltr'><strong>sit</strong></span> <span class='ocrx_word' id='word_1_212' title='bbox 1143 2825 1266 2870; x_wconf 75' lang='lat' dir='ltr'><strong>suoe</strong></span> <span class='ocrx_word' id='word_1_213' title='bbox 1287 2808 1589 2886; x_wconf 75' lang='lat' dir='ltr'><strong>potentice.</strong></span> <span class='ocrx_word' id='word_1_214' title='bbox 1614 2840 1693 2853; x_wconf 89' lang='lat'><strong>·-</strong></span> <span class='ocrx_word' id='word_1_215' title='bbox 1723 2808 1781 2889; x_wconf 92' lang='lat'><strong>(1</strong></span> <span class='ocrx_word' id='word_1_216' title='bbox 1802 2810 1998 2887; x_wconf 69' lang='lat' dir='ltr'><strong>part„</strong></span> 
     </span>
     <span class='ocr_line' id='line_1_27' title="bbox 885 2896 1587 2976; baseline 0.006 -23"><span class='ocrx_word' id='word_1_217' title='bbox 885 2948 891 2953; x_wconf 88' lang='lat'><strong>.</strong></span> <span class='ocrx_word' id='word_1_218' title='bbox 974 2902 1182 2976; x_wconf 76' lang='lat' dir='ltr'><strong>quoest.</strong></span> <span class='ocrx_word' id='word_1_219' title='bbox 1215 2900 1315 2972; x_wconf 89' lang='lat'><strong>77,</strong></span> <span class='ocrx_word' id='word_1_220' title='bbox 1349 2901 1471 2959; x_wconf 77' lang='lat' dir='ltr'><strong>art.</strong></span> <span class='ocrx_word' id='word_1_221' title='bbox 1502 2896 1587 2975; x_wconf 89' lang='lat'><strong>1).</strong></span> 
     </span>
    </p>
   </div>
   <div class='ocr_carea' id='block_1_8' title="bbox 279 3016 2279 3980">
    <p class='ocr_par' dir='ltr' id='par_1_10' title="bbox 279 3016 2279 3339">
     <span class='ocr_line' id='line_1_28' title="bbox 352 3016 2275 3091; baseline -0.001 -17"><span class='ocrx_word' id='word_1_222' title='bbox 352 3018 434 3074; x_wconf 88' lang='lat' dir='ltr'><strong>Ad</strong></span> <span class='ocrx_word' id='word_1_223' title='bbox 475 3018 708 3089; x_wconf 88' lang='lat' dir='ltr'><strong>primum</strong></span> <span class='ocrx_word' id='word_1_224' title='bbox 753 3018 830 3073; x_wconf 87' lang='lat' dir='ltr'><strong>sic</strong></span> <span class='ocrx_word' id='word_1_225' title='bbox 873 3018 1206 3089; x_wconf 84' lang='lat' dir='ltr'><strong>proceditur.</strong></span> <span class='ocrx_word' id='word_1_226' title='bbox 1248 3021 1299 3074; x_wconf 70' lang='lat' dir='ltr'><strong>i.</strong></span> <span class='ocrx_word' id='word_1_227' title='bbox 1345 3020 1575 3076; x_wconf 88' lang='lat' dir='ltr'><strong>Videtur</strong></span> <span class='ocrx_word' id='word_1_228' title='bbox 1620 3018 1763 3091; x_wconf 89' lang='lat' dir='ltr'><strong>quod</strong></span> <span class='ocrx_word' id='word_1_229' title='bbox 1809 3018 1989 3073; x_wconf 89' lang='lat' dir='ltr'><strong>anima</strong></span> <span class='ocrx_word' id='word_1_230' title='bbox 2037 3016 2110 3072; x_wconf 75' lang='lat' dir='ltr'><strong>sit</strong></span> <span class='ocrx_word' id='word_1_231' title='bbox 2160 3032 2275 3083; x_wconf 75' lang='lat' dir='ltr'><strong>suae</strong></span> 
     </span>
     <span class='ocr_line' id='line_1_29' title="bbox 281 3103 2279 3179; baseline -0.002 -16"><span class='ocrx_word' id='word_1_232' title='bbox 281 3106 561 3179; x_wconf 82' lang='lat' dir='ltr'><strong>potentiae.</strong></span> <span class='ocrx_word' id='word_1_233' title='bbox 591 3107 728 3175; x_wconf 88' lang='lat' dir='ltr'><strong>Quia</strong></span> <span class='ocrx_word' id='word_1_234' title='bbox 759 3108 814 3160; x_wconf 90' lang='lat' dir='ltr'><strong>in·</strong></span> <span class='ocrx_word' id='word_1_235' title='bbox 843 3106 936 3161; x_wconf 84' lang='lat' dir='ltr'><strong>lib.</strong></span> <span class='ocrx_word' id='word_1_236' title='bbox 983 3107 1050 3161; x_wconf 89' lang='lat' dir='ltr'><strong>de</strong></span> <span class='ocrx_word' id='word_1_237' title='bbox 1099 3107 1302 3177; x_wconf 82' lang='lat' dir='ltr'><strong>Spiritu</strong></span> <span class='ocrx_word' id='word_1_238' title='bbox 1333 3114 1389 3162; x_wconf 83' lang='lat' dir='ltr'><strong>et</strong></span> <span class='ocrx_word' id='word_1_239' title='bbox 1431 3108 1625 3162; x_wconf 89' lang='lat' dir='ltr'><strong>Anima</strong></span> <span class='ocrx_word' id='word_1_240' title='bbox 1658 3105 1876 3172; x_wconf 90' lang='lat' dir='ltr'><strong>dicitur,</strong></span> <span class='ocrx_word' id='word_1_241' title='bbox 1909 3103 2054 3178; x_wconf 89' lang='lat' dir='ltr'><strong>quod</strong></span> <span class='ocrx_word' id='word_1_242' title='bbox 2094 3104 2279 3160; x_wconf 87' lang='lat' dir='ltr'><strong>anima</strong></span> 
     </span>
     <span class='ocr_line' id='line_1_30' title="bbox 281 3194 2273 3267; baseline -0.002 -17"><span class='ocrx_word' id='word_1_243' title='bbox 281 3201 367 3251; x_wconf 86' lang='lat' dir='ltr'><strong>est</strong></span> <span class='ocrx_word' id='word_1_244' title='bbox 409 3195 660 3267; x_wconf 85' lang='lat' dir='ltr'><strong>quaedam</strong></span> <span class='ocrx_word' id='word_1_245' title='bbox 701 3210 820 3261; x_wconf 90' lang='lat' dir='ltr'><strong>sua,</strong></span> <span class='ocrx_word' id='word_1_246' title='bbox 868 3194 1078 3250; x_wconf 83' lang='lat' dir='ltr'><strong>scilieet</strong></span> <span class='ocrx_word' id='word_1_247' title='bbox 1121 3196 1398 3265; x_wconf 85' lang='lat' dir='ltr'><strong>potentiae,</strong></span> <span class='ocrx_word' id='word_1_248' title='bbox 1434 3194 1686 3265; x_wconf 83' lang='lat' dir='ltr'><strong>quaedam</strong></span> <span class='ocrx_word' id='word_1_249' title='bbox 1729 3208 1857 3249; x_wconf 83' lang='lat' dir='ltr'><strong>vero</strong></span> <span class='ocrx_word' id='word_1_250' title='bbox 1897 3208 1995 3248; x_wconf 91' lang='lat' dir='ltr'><strong>sua</strong></span> <span class='ocrx_word' id='word_1_251' title='bbox 2032 3209 2137 3248; x_wconf 94' lang='lat' dir='ltr'><strong>non</strong></span> <span class='ocrx_word' id='word_1_252' title='bbox 2168 3199 2273 3260; x_wconf 88' lang='lat' dir='ltr'><strong>est,</strong></span> 
     </span>
     <span class='ocr_line' id='line_1_31' title="bbox 279 3283 764 3339; baseline -0.004 0"><span class='ocrx_word' id='word_1_253' title='bbox 279 3283 493 3339; x_wconf 84' lang='lat' dir='ltr'><strong>scilicet</strong></span> <span class='ocrx_word' id='word_1_254' title='bbox 515 3284 764 3339; x_wconf 84' lang='lat' dir='ltr'><strong>virtutes.</strong></span> 
     </span>
    </p>

    <p class='ocr_par' dir='ltr' id='par_1_11' title="bbox 281 3370 2277 3711">
     <span class='ocr_line' id='line_1_32' title="bbox 353 3370 2277 3446; baseline -0.001 -19"><span class='ocrx_word' id='word_1_255' title='bbox 353 3377 406 3427; x_wconf 54' lang='grc' dir='ltr'><strong>ἃ.</strong></span> <span class='ocrx_word' id='word_1_256' title='bbox 441 3372 708 3427; x_wconf 83' lang='lat' dir='ltr'><strong>Praeterea</strong></span> <span class='ocrx_word' id='word_1_257' title='bbox 745 3372 1079 3443; x_wconf 80' lang='lat' dir='ltr'><strong>Augustinus</strong></span> <span class='ocrx_word' id='word_1_258' title='bbox 1113 3371 1247 3426; x_wconf 84' lang='lat' dir='ltr'><strong>dicit</strong></span> <span class='ocrx_word' id='word_1_259' title='bbox 1281 3371 1334 3426; x_wconf 92' lang='lat' dir='ltr'><strong>in</strong></span> <span class='ocrx_word' id='word_1_260' title='bbox 1373 3370 1467 3425; x_wconf 87' lang='lat' dir='ltr'><strong>lib.</strong></span> <span class='ocrx_word' id='word_1_261' title='bbox 1504 3372 1572 3428; x_wconf 88' lang='lat' dir='ltr'><strong>de</strong></span> <span class='ocrx_word' id='word_1_262' title='bbox 1598 3372 1793 3429; x_wconf 83' lang='lat' dir='ltr'><strong>Trinit.</strong></span> <span class='ocrx_word' id='word_1_263' title='bbox 1826 3372 1973 3446; x_wconf 92' lang='lat' dir='ltr'><strong>quod</strong></span> <span class='ocrx_word' id='word_1_264' title='bbox 2003 3371 2277 3436; x_wconf 81' lang='lat' dir='ltr'><strong>memoria,</strong></span> 
     </span>
     <span class='ocr_line' id='line_1_33' title="bbox 281 3459 2277 3530; baseline -0.001 -15"><span class='ocrx_word' id='word_1_265' title='bbox 281 3460 636 3530; x_wconf 72' lang='lat' dir='ltr'><strong>intelliyentia</strong></span> <span class='ocrx_word' id='word_1_266' title='bbox 660 3466 708 3515; x_wconf 82' lang='lat' dir='ltr'><strong>et</strong></span> <span class='ocrx_word' id='word_1_267' title='bbox 736 3462 978 3517; x_wconf 75' lang='lat' dir='ltr'><strong>voluntas</strong></span> <span class='ocrx_word' id='word_1_268' title='bbox 1005 3466 1126 3515; x_wconf 78' lang='lat' dir='ltr'><strong>sunt</strong></span> <span class='ocrx_word' id='word_1_269' title='bbox 1152 3476 1264 3515; x_wconf 75' lang='lat' dir='ltr'><strong>una</strong></span> <span class='ocrx_word' id='word_1_270' title='bbox 1287 3478 1449 3527; x_wconf 71' lang='lat' dir='ltr'><strong>mem,</strong></span> <span class='ocrx_word' id='word_1_271' title='bbox 1476 3478 1586 3517; x_wconf 85' lang='lat' dir='ltr'><strong>una</strong></span> <span class='ocrx_word' id='word_1_272' title='bbox 1606 3463 1737 3529; x_wconf 80' lang='lat' dir='ltr'><strong>vita,</strong></span> <span class='ocrx_word' id='word_1_273' title='bbox 1761 3478 1871 3517; x_wconf 78' lang='lat' dir='ltr'><strong>una</strong></span> <span class='ocrx_word' id='word_1_274' title='bbox 1900 3460 2142 3517; x_wconf 79' lang='lat' dir='ltr'><strong>essentia.</strong></span> <span class='ocrx_word' id='word_1_275' title='bbox 2172 3459 2277 3515; x_wconf 91' lang='lat' dir='ltr'><strong>Sed</strong></span> 
     </span>
     <span class='ocr_line' id='line_1_34' title="bbox 282 3548 2275 3619; baseline -0.003 -14"><span class='ocrx_word' id='word_1_276' title='bbox 282 3550 549 3615; x_wconf 76' lang='lat' dir='ltr'><strong>baeotria,</strong></span> <span class='ocrx_word' id='word_1_277' title='bbox 583 3548 880 3619; x_wconf 82' lang='lat' dir='ltr'><strong>seeundum</strong></span> <span class='ocrx_word' id='word_1_278' title='bbox 909 3549 1246 3619; x_wconf 82' lang='lat' dir='ltr'><strong>Magistrum,</strong></span> <span class='ocrx_word' id='word_1_279' title='bbox 1292 3550 1364 3605; x_wconf 92' lang='lat'><strong>111</strong></span> <span class='ocrx_word' id='word_1_280' title='bbox 1394 3552 1523 3607; x_wconf 87' lang='lat' dir='ltr'><strong>dist.</strong></span> <span class='ocrx_word' id='word_1_281' title='bbox 1560 3552 1583 3606; x_wconf 90' lang='lat' dir='ltr'>I</span> <span class='ocrx_word' id='word_1_282' title='bbox 1612 3550 1705 3606; x_wconf 84' lang='lat' dir='ltr'><strong>lib.</strong></span> <span class='ocrx_word' id='word_1_283' title='bbox 1738 3552 1985 3614; x_wconf 87' lang='lat' dir='ltr'><strong>Sentent,</strong></span> <span class='ocrx_word' id='word_1_284' title='bbox 2014 3553 2141 3603; x_wconf 83' lang='lat' dir='ltr'><strong>sunt</strong></span> <span class='ocrx_word' id='word_1_285' title='bbox 2166 3555 2275 3601; x_wconf 87' lang='lat' dir='ltr'><strong>tres</strong></span> 
     </span>
     <span class='ocr_line' id='line_1_35' title="bbox 281 3636 1991 3711; baseline -0.003 -16"><span class='ocrx_word' id='word_1_286' title='bbox 281 3638 482 3695; x_wconf 82' lang='lat' dir='ltr'><strong>animae</strong></span> <span class='ocrx_word' id='word_1_287' title='bbox 512 3638 672 3693; x_wconf 83' lang='lat' dir='ltr'><strong>vires.</strong></span> <span class='ocrx_word' id='word_1_288' title='bbox 702 3638 842 3709; x_wconf 84' lang='lat' dir='ltr'><strong>Ergo</strong></span> <span class='ocrx_word' id='word_1_289' title='bbox 867 3639 1010 3693; x_wconf 89' lang='lat' dir='ltr'><strong>vires</strong></span> <span class='ocrx_word' id='word_1_290' title='bbox 1041 3639 1256 3705; x_wconf 87' lang='lat' dir='ltr'><strong>animae,</strong></span> <span class='ocrx_word' id='word_1_291' title='bbox 1287 3646 1415 3695; x_wconf 87' lang='lat' dir='ltr'><strong>sunt</strong></span> <span class='ocrx_word' id='word_1_292' title='bbox 1441 3640 1557 3711; x_wconf 76' lang='lat' dir='ltr'><strong>ipsa</strong></span> <span class='ocrx_word' id='word_1_293' title='bbox 1588 3640 1704 3710; x_wconf 80' lang='lat' dir='ltr'><strong>ejus</strong></span> <span class='ocrx_word' id='word_1_294' title='bbox 1734 3636 1991 3692; x_wconf 86' lang='lat' dir='ltr'><strong>essentia.</strong></span> 
     </span>
    </p>

    <p class='ocr_par' dir='ltr' id='par_1_12' title="bbox 281 3722 2279 3980">
     <span class='ocr_line' id='line_1_36' title="bbox 353 3722 2277 3803; baseline -0.001 -21"><span class='ocrx_word' id='word_1_295' title='bbox 353 3727 458 3782; x_wconf 89' lang='lat' dir='ltr'><strong>Sed</strong></span> <span class='ocrx_word' id='word_1_296' title='bbox 490 3734 680 3782; x_wconf 87' lang='lat' dir='ltr'><strong>contra</strong></span> <span class='ocrx_word' id='word_1_297' title='bbox 711 3736 792 3783; x_wconf 87' lang='lat' dir='ltr'><strong>est</strong></span> <span class='ocrx_word' id='word_1_298' title='bbox 814 3727 955 3801; x_wconf 88' lang='lat' dir='ltr'><strong>quod</strong></span> <span class='ocrx_word' id='word_1_299' title='bbox 992 3728 1284 3802; x_wconf 86' lang='lat' dir='ltr'><strong>Dionysius</strong></span> <span class='ocrx_word' id='word_1_300' title='bbox 1319 3732 1381 3801; x_wconf 83' lang='grc' dir='ltr'><strong>(ιι</strong></span> <span class='ocrx_word' id='word_1_301' title='bbox 1412 3744 1533 3798; x_wconf 87' lang='lat' dir='ltr'><strong>cap.</strong></span> <span class='ocrx_word' id='word_1_302' title='bbox 1570 3726 1687 3803; x_wconf 80' lang='lat' dir='ltr'><strong>cael.</strong></span> <span class='ocrx_word' id='word_1_303' title='bbox 1722 3726 1953 3794; x_wconf 86' lang='lat' dir='ltr'><strong>Hierar.)</strong></span> <span class='ocrx_word' id='word_1_304' title='bbox 1988 3722 2277 3794; x_wconf 81' lang='lat' dir='ltr'><strong>distinguit</strong></span> 
     </span>
     <span class='ocr_line' id='line_1_37' title="bbox 281 3813 2279 3888; baseline -0.001 -17"><span class='ocrx_word' id='word_1_305' title='bbox 281 3816 591 3888; x_wconf 86' lang='lat' dir='ltr'><strong>superiores</strong></span> <span class='ocrx_word' id='word_1_306' title='bbox 615 3817 968 3885; x_wconf 75' lang='lat' dir='ltr'><strong>substantias,</strong></span> <span class='ocrx_word' id='word_1_307' title='bbox 1001 3819 1209 3873; x_wconf 87' lang='lat' dir='ltr'><strong>scilicet</strong></span> <span class='ocrx_word' id='word_1_308' title='bbox 1239 3816 1493 3887; x_wconf 80' lang='lat' dir='ltr'><strong>Angelos,</strong></span> <span class='ocrx_word' id='word_1_309' title='bbox 1527 3816 1581 3869; x_wconf 91' lang='lat' dir='ltr'><strong>in</strong></span> <span class='ocrx_word' id='word_1_310' title='bbox 1609 3816 1732 3880; x_wconf 83' lang='lat' dir='ltr'><strong>tria,</strong></span> <span class='ocrx_word' id='word_1_311' title='bbox 1770 3813 1980 3870; x_wconf 83' lang='lat' dir='ltr'><strong>scilicet</strong></span> <span class='ocrx_word' id='word_1_312' title='bbox 2018 3813 2279 3869; x_wconf 87' lang='lat' dir='ltr'><strong>substan-</strong></span> 
     </span>
     <span class='ocr_line' id='line_1_38' title="bbox 284 3904 2277 3980; baseline 0.001 -19"><span class='ocrx_word' id='word_1_313' title='bbox 284 3906 439 3973; x_wconf 87' lang='lat' dir='ltr'><strong>tiam,</strong></span> <span class='ocrx_word' id='word_1_314' title='bbox 488 3905 764 3973; x_wconf 82' lang='lat' dir='ltr'><strong>virtutem,</strong></span> <span class='ocrx_word' id='word_1_315' title='bbox 812 3914 866 3962; x_wconf 90' lang='lat' dir='ltr'><strong>et</strong></span> <span class='ocrx_word' id='word_1_316' title='bbox 913 3908 1304 3980; x_wconf 85' lang='lat' dir='ltr'><strong>operationem.</strong></span> <span class='ocrx_word' id='word_1_317' title='bbox 1347 3904 1453 3962; x_wconf 86' lang='lat' dir='ltr'><strong>Sed</strong></span> <span class='ocrx_word' id='word_1_318' title='bbox 1498 3904 1736 3975; x_wconf 85' lang='lat' dir='ltr'><strong>Angelus</strong></span> <span class='ocrx_word' id='word_1_319' title='bbox 1777 3920 1883 3960; x_wconf 90' lang='lat' dir='ltr'><strong>non</strong></span> <span class='ocrx_word' id='word_1_320' title='bbox 1932 3909 2015 3961; x_wconf 85' lang='lat' dir='ltr'><strong>est</strong></span> <span class='ocrx_word' id='word_1_321' title='bbox 2052 3905 2277 3962; x_wconf 89' lang='lat' dir='ltr'><strong>minoris</strong></span> 
     </span>
    </p>
   </div>
  </div>
 </body>
</html>
