<?xml version="1.0" encoding="UTF-8"?>
<!DOCTYPE html PUBLIC "-//W3C//DTD XHTML 1.0 Transitional//EN"
    "http://www.w3.org/TR/xhtml1/DTD/xhtml1-transitional.dtd">
<html xmlns="http://www.w3.org/1999/xhtml" xml:lang="en" lang="en">
 <head>
  <title>
</title>
<meta http-equiv="Content-Type" content="text/html;charset=utf-8" />
  <meta name='ocr-system' content='tesseract 3.04.00' />
  <meta name='ocr-capabilities' content='ocr_page ocr_carea ocr_par ocr_line ocrx_word'/>
</head>
<body>
  <div class='ocr_page' id='page_1' title='image "./sthomaquinatisd00thomgoog_0470.png"; bbox 0 0 2800 4492; ppageno 0'>
   <div class='ocr_carea' id='block_1_1' title="bbox 2014 290 2107 299">
    <p class='ocr_par' dir='ltr' id='par_1_1' title="bbox 2014 290 2107 299">
     <span class='ocr_line' id='line_1_1' title="bbox 2014 290 2107 299; baseline 0.022 -2"><span class='ocrx_word' id='word_1_1' title='bbox 2014 290 2107 299; x_wconf 55' lang='grc' dir='ltr'><strong>,τι-ιο</strong></span> 
     </span>
    </p>
   </div>
   <div class='ocr_carea' id='block_1_2' title="bbox 945 482 2047 673">
    <p class='ocr_par' dir='ltr' id='par_1_2' title="bbox 945 482 2047 673">
     <span class='ocr_line' id='line_1_2' title="bbox 945 482 2047 673; baseline -0.005 -40"><span class='ocrx_word' id='word_1_2' title='bbox 945 482 1642 651; x_wconf 54' lang='lat' dir='ltr'><strong>cucumerum</strong></span> <span class='ocrx_word' id='word_1_3' title='bbox 1703 546 2047 673; x_wconf 63' lang='lat' dir='ltr'><strong>Nouum</strong></span> 
     </span>
    </p>
   </div>
   <div class='ocr_carea' id='block_1_3' title="bbox 1247 870 1751 959">
    <p class='ocr_par' dir='ltr' id='par_1_3' title="bbox 1247 870 1751 959">
     <span class='ocr_line' id='line_1_3' title="bbox 1247 870 1751 959; baseline 0.004 -18"><span class='ocrx_word' id='word_1_4' title='bbox 1247 870 1645 959; x_wconf 85' lang='lat' dir='ltr'>QUAESTIO</span> <span class='ocrx_word' id='word_1_5' title='bbox 1690 870 1751 943; x_wconf 87' lang='lat'><strong>1.</strong></span> 
     </span>
    </p>
   </div>
   <div class='ocr_carea' id='block_1_4' title="bbox 501 1030 2525 1452">
    <p class='ocr_par' dir='ltr' id='par_1_4' title="bbox 501 1030 2525 1452">
     <span class='ocr_line' id='line_1_4' title="bbox 571 1030 2524 1111; baseline -0.001 -16"><span class='ocrx_word' id='word_1_6' title='bbox 571 1036 878 1111; x_wconf 76' lang='lat' dir='ltr'><strong>Quaeaitum</strong></span> <span class='ocrx_word' id='word_1_7' title='bbox 905 1039 992 1093; x_wconf 77' lang='lat' dir='ltr'><strong>eat</strong></span> <span class='ocrx_word' id='word_1_8' title='bbox 1015 1034 1194 1111; x_wconf 88' lang='lat' dir='ltr'><strong>primo</strong></span> <span class='ocrx_word' id='word_1_9' title='bbox 1225 1033 1294 1091; x_wconf 88' lang='lat' dir='ltr'><strong>de</strong></span> <span class='ocrx_word' id='word_1_10' title='bbox 1327 1031 1509 1107; x_wconf 79' lang='lat' dir='ltr'><strong>capite</strong></span> <span class='ocrx_word' id='word_1_11' title='bbox 1532 1032 1765 1101; x_wconf 82' lang='lat' dir='ltr'><strong>Christo,</strong></span> <span class='ocrx_word' id='word_1_12' title='bbox 1792 1030 1990 1090; x_wconf 88' lang='lat' dir='ltr'><strong>deinde</strong></span> <span class='ocrx_word' id='word_1_13' title='bbox 2018 1031 2087 1091; x_wconf 87' lang='lat' dir='ltr'><strong>de</strong></span> <span class='ocrx_word' id='word_1_14' title='bbox 2116 1034 2399 1093; x_wconf 79' lang='lat' dir='ltr'><strong>membris.</strong></span> <span class='ocrx_word' id='word_1_15' title='bbox 2426 1036 2524 1095; x_wconf 89' lang='lat' dir='ltr'><strong>De</strong></span> 
     </span>
     <span class='ocr_line' id='line_1_5' title="bbox 501 1120 2525 1200; baseline -0.002 -15"><span class='ocrx_word' id='word_1_16' title='bbox 501 1127 720 1186; x_wconf 79' lang='lat' dir='ltr'><strong>Christo</strong></span> <span class='ocrx_word' id='word_1_17' title='bbox 747 1125 1042 1200; x_wconf 63' lang='lat' dir='ltr'><strong>quesitum</strong></span> <span class='ocrx_word' id='word_1_18' title='bbox 1081 1130 1167 1181; x_wconf 81' lang='lat' dir='ltr'><strong>eat</strong></span> <span class='ocrx_word' id='word_1_19' title='bbox 1203 1120 1535 1195; x_wconf 81' lang='lat' dir='ltr'><strong>tripliciter:</strong></span> <span class='ocrx_word' id='word_1_20' title='bbox 1566 1123 1629 1177; x_wconf 71' lang='lat'><strong>⁴⁰</strong></span> <span class='ocrx_word' id='word_1_21' title='bbox 1664 1130 1931 1195; x_wconf 86' lang='lat' dir='ltr'><strong>quantum</strong></span> <span class='ocrx_word' id='word_1_22' title='bbox 1976 1120 2044 1179; x_wconf 84' lang='lat' dir='ltr'><strong>ad</strong></span> <span class='ocrx_word' id='word_1_23' title='bbox 2074 1130 2330 1180; x_wconf 84' lang='lat' dir='ltr'><strong>naturam</strong></span> <span class='ocrx_word' id='word_1_24' title='bbox 2358 1124 2525 1181; x_wconf 85' lang='lat' dir='ltr'><strong>divi-</strong></span> 
     </span>
     <span class='ocr_line' id='line_1_6' title="bbox 503 1210 2521 1289; baseline -0.002 -15"><span class='ocrx_word' id='word_1_25' title='bbox 503 1230 662 1283; x_wconf 78' lang='lat' dir='ltr'><strong>nam3</strong></span> <span class='ocrx_word' id='word_1_26' title='bbox 701 1220 765 1273; x_wconf 77' lang='lat'><strong>2⁰</strong></span> <span class='ocrx_word' id='word_1_27' title='bbox 803 1218 1068 1289; x_wconf 81' lang='lat' dir='ltr'><strong>quantum</strong></span> <span class='ocrx_word' id='word_1_28' title='bbox 1110 1210 1181 1269; x_wconf 79' lang='lat' dir='ltr'><strong>ad</strong></span> <span class='ocrx_word' id='word_1_29' title='bbox 1226 1212 1482 1267; x_wconf 89' lang='lat' dir='ltr'><strong>unionem</strong></span> <span class='ocrx_word' id='word_1_30' title='bbox 1534 1211 1787 1268; x_wconf 77' lang='lat' dir='ltr'><strong>humanae</strong></span> <span class='ocrx_word' id='word_1_31' title='bbox 1832 1216 2044 1269; x_wconf 79' lang='lat' dir='ltr'><strong>naturae</strong></span> <span class='ocrx_word' id='word_1_32' title='bbox 2100 1210 2170 1268; x_wconf 86' lang='lat' dir='ltr'><strong>ad</strong></span> <span class='ocrx_word' id='word_1_33' title='bbox 2224 1210 2521 1285; x_wconf 85' lang='lat' dir='ltr'><strong>divinam;</strong></span> 
     </span>
     <span class='ocr_line' id='line_1_7' title="bbox 502 1296 2524 1379; baseline -0.001 -18"><span class='ocrx_word' id='word_1_34' title='bbox 502 1308 570 1361; x_wconf 76' lang='lat'><strong>3⁰</strong></span> <span class='ocrx_word' id='word_1_35' title='bbox 593 1311 862 1379; x_wconf 74' lang='lat' dir='ltr'><strong>quantum</strong></span> <span class='ocrx_word' id='word_1_36' title='bbox 896 1300 966 1360; x_wconf 78' lang='lat' dir='ltr'><strong>ad</strong></span> <span class='ocrx_word' id='word_1_37' title='bbox 1009 1300 1223 1375; x_wconf 72' lang='lat' dir='ltr'><strong>species</strong></span> <span class='ocrx_word' id='word_1_38' title='bbox 1259 1296 1364 1357; x_wconf 83' lang='lat' dir='ltr'><strong>sub</strong></span> <span class='ocrx_word' id='word_1_39' title='bbox 1395 1298 1595 1375; x_wconf 85' lang='lat' dir='ltr'><strong>quibus</strong></span> <span class='ocrx_word' id='word_1_40' title='bbox 1626 1301 1683 1357; x_wconf 90' lang='lat' dir='ltr'><strong>in</strong></span> <span class='ocrx_word' id='word_1_41' title='bbox 1722 1308 2069 1359; x_wconf 75' lang='lat' dir='ltr'><strong>sacramento</strong></span> <span class='ocrx_word' id='word_1_42' title='bbox 2106 1300 2298 1359; x_wconf 85' lang='lat' dir='ltr'><strong>altaris</strong></span> <span class='ocrx_word' id='word_1_43' title='bbox 2325 1304 2524 1359; x_wconf 87' lang='lat' dir='ltr'><strong>conti-</strong></span> 
     </span>
     <span class='ocr_line' id='line_1_8' title="bbox 504 1399 2251 1452; baseline -0.002 0"><span class='ocrx_word' id='word_1_44' title='bbox 504 1399 690 1452; x_wconf 81' lang='lat' dir='ltr'><strong>netur.</strong></span> <span class='ocrx_word' id='word_1_45' title='bbox 2244 1416 2251 1423; x_wconf 86' lang='lat'><strong>·</strong></span> 
     </span>
    </p>
   </div>
   <div class='ocr_carea' id='block_1_5' title="bbox 1141 1540 1782 1625">
    <p class='ocr_par' dir='ltr' id='par_1_5' title="bbox 1141 1540 1782 1625">
     <span class='ocr_line' id='line_1_9' title="bbox 1141 1540 1782 1625; baseline -0.002 0"><span class='ocrx_word' id='word_1_46' title='bbox 1141 1540 1148 1547; x_wconf 85' lang='lat'>&#39;</span> <span class='ocrx_word' id='word_1_47' title='bbox 1233 1562 1691 1625; x_wconf 72' lang='lat' dir='ltr'><strong>Annoums</strong></span> <span class='ocrx_word' id='word_1_48' title='bbox 1730 1562 1782 1625; x_wconf 89' lang='lat'><strong>1.</strong></span> 
     </span>
    </p>
   </div>
   <div class='ocr_carea' id='block_1_6' title="bbox 688 1690 2277 1887">
    <p class='ocr_par' dir='ltr' id='par_1_6' title="bbox 688 1690 2277 1875">
     <span class='ocr_line' id='line_1_10' title="bbox 688 1690 2277 1780; baseline -0.005 -6.641"><span class='ocrx_word' id='word_1_49' title='bbox 688 1690 978 1773; x_wconf 62' lang='lat' dir='ltr'><strong>ymni</strong></span> <span class='ocrx_word' id='word_1_50' title='bbox 1014 1700 1182 1767; x_wconf 67' lang='lat' dir='ltr'><strong>Deus</strong></span> <span class='ocrx_word' id='word_1_51' title='bbox 1213 1698 1413 1780; x_wconf 73' lang='lat' dir='ltr'><strong>possit</strong></span> <span class='ocrx_word' id='word_1_52' title='bbox 1446 1698 1645 1775; x_wconf 73' lang='lat' dir='ltr'><strong>facore</strong></span> <span class='ocrx_word' id='word_1_53' title='bbox 1676 1696 1929 1774; x_wconf 71' lang='lat' dir='ltr'><strong>infinita</strong></span> <span class='ocrx_word' id='word_1_54' title='bbox 1960 1714 2079 1763; x_wconf 68' lang='lat' dir='ltr'><strong>mo</strong></span> <span class='ocrx_word' id='word_1_55' title='bbox 2104 1704 2277 1767; x_wconf 67' lang='lat' dir='ltr'><strong>actu.</strong></span> 
     </span>
     <span class='ocr_line' id='line_1_11' title="bbox 975 1786 2049 1887; baseline -0.001 -36"><span class='ocrx_word' id='word_1_56' title='bbox 975 1790 1036 1875; x_wconf 89' lang='grc'><strong>(1</strong></span> <span class='ocrx_word' id='word_1_57' title='bbox 1049 1793 1225 1887; x_wconf 72' lang='lat' dir='ltr'><strong>part.</strong></span> <span class='ocrx_word' id='word_1_58' title='bbox 1213 1832 1256 1865; x_wconf 89' lang='lat'><strong>.,</strong></span> <span class='ocrx_word' id='word_1_59' title='bbox 1279 1790 1493 1871; x_wconf 69' lang='lat' dir='ltr'><strong>quest.</strong></span> <span class='ocrx_word' id='word_1_60' title='bbox 1518 1787 1623 1862; x_wconf 84' lang='lat'><strong>25,</strong></span> <span class='ocrx_word' id='word_1_61' title='bbox 1652 1790 1777 1851; x_wconf 72' lang='lat' dir='ltr'><strong>art.</strong></span> <span class='ocrx_word' id='word_1_62' title='bbox 1807 1786 1849 1849; x_wconf 76' lang='lat'><strong><em>2</em></strong></span> <span class='ocrx_word' id='word_1_63' title='bbox 1874 1791 1933 1853; x_wconf 77' lang='lat' dir='ltr'><strong>et</strong></span> <span class='ocrx_word' id='word_1_64' title='bbox 1956 1787 2049 1868; x_wconf 86' lang='lat'><strong>5).</strong></span> 
     </span>
    </p>
   </div>
   <div class='ocr_carea' id='block_1_7' title="bbox 510 1920 2531 3154">
    <p class='ocr_par' dir='ltr' id='par_1_7' title="bbox 510 1920 2526 2429">
     <span class='ocr_line' id='line_1_12' title="bbox 578 1920 2522 1999; baseline -0.001 -14"><span class='ocrx_word' id='word_1_65' title='bbox 578 1927 740 1985; x_wconf 87' lang='lat' dir='ltr'><strong>Circa</strong></span> <span class='ocrx_word' id='word_1_66' title='bbox 763 1920 1002 1999; x_wconf 84' lang='lat' dir='ltr'><strong>primum</strong></span> <span class='ocrx_word' id='word_1_67' title='bbox 1049 1920 1422 1995; x_wconf 79' lang='lat' dir='ltr'><strong>quaerebatur,</strong></span> <span class='ocrx_word' id='word_1_68' title='bbox 1450 1924 1639 1976; x_wconf 85' lang='lat' dir='ltr'><strong>utrum</strong></span> <span class='ocrx_word' id='word_1_69' title='bbox 1674 1921 1851 1977; x_wconf 86' lang='lat' dir='ltr'><strong>Deus</strong></span> <span class='ocrx_word' id='word_1_70' title='bbox 1856 1920 2031 1995; x_wconf 79' lang='lat' dir='ltr'><strong>possit</strong></span> <span class='ocrx_word' id='word_1_71' title='bbox 2080 1920 2264 1981; x_wconf 77' lang='lat' dir='ltr'><strong>facere</strong></span> <span class='ocrx_word' id='word_1_72' title='bbox 2304 1922 2522 1985; x_wconf 78' lang='lat' dir='ltr'><strong>infinita</strong></span> 
     </span>
     <span class='ocr_line' id='line_1_13' title="bbox 510 2006 2522 2089; baseline -0 -15"><span class='ocrx_word' id='word_1_73' title='bbox 510 2031 631 2074; x_wconf 79' lang='lat' dir='ltr'><strong>esse</strong></span> <span class='ocrx_word' id='word_1_74' title='bbox 656 2020 813 2083; x_wconf 81' lang='lat' dir='ltr'><strong>actu3</strong></span> <span class='ocrx_word' id='word_1_75' title='bbox 843 2021 900 2070; x_wconf 89' lang='lat' dir='ltr'><strong>et</strong></span> <span class='ocrx_word' id='word_1_76' title='bbox 935 2011 1156 2069; x_wconf 84' lang='lat' dir='ltr'><strong>videtur</strong></span> <span class='ocrx_word' id='word_1_77' title='bbox 1180 2009 1329 2085; x_wconf 89' lang='lat' dir='ltr'><strong>quod</strong></span> <span class='ocrx_word' id='word_1_78' title='bbox 1356 2023 1486 2064; x_wconf 89' lang='lat' dir='ltr'><strong>non.</strong></span> <span class='ocrx_word' id='word_1_79' title='bbox 1516 2006 1665 2065; x_wconf 79' lang='lat' dir='ltr'><strong>Deus</strong></span> <span class='ocrx_word' id='word_1_80' title='bbox 1707 2010 1851 2066; x_wconf 88' lang='lat' dir='ltr'><strong>enim</strong></span> <span class='ocrx_word' id='word_1_81' title='bbox 1878 2020 2058 2083; x_wconf 84' lang='lat' dir='ltr'><strong>potest</strong></span> <span class='ocrx_word' id='word_1_82' title='bbox 2101 2012 2282 2069; x_wconf 78' lang='lat' dir='ltr'><strong>facore</strong></span> <span class='ocrx_word' id='word_1_83' title='bbox 2310 2016 2421 2089; x_wconf 74' lang='lat' dir='ltr'><strong>aliq</strong></span> <span class='ocrx_word' id='word_1_84' title='bbox 2448 2019 2482 2071; x_wconf 80' lang='grc' dir='ltr'><strong>,ἰ</strong></span> <span class='ocrx_word' id='word_1_85' title='bbox 2510 2021 2522 2073; x_wconf 89' lang='lat' dir='ltr'><strong>l</strong></span> 
     </span>
     <span class='ocr_line' id='line_1_14' title="bbox 514 2095 2525 2179; baseline -0 -16"><span class='ocrx_word' id='word_1_86' title='bbox 514 2104 694 2179; x_wconf 85' lang='lat' dir='ltr'><strong>majus</strong></span> <span class='ocrx_word' id='word_1_87' title='bbox 734 2102 882 2159; x_wconf 88' lang='lat' dir='ltr'><strong>omni</strong></span> <span class='ocrx_word' id='word_1_88' title='bbox 925 2116 991 2157; x_wconf 91' lang='lat' dir='ltr'><strong>eo</strong></span> <span class='ocrx_word' id='word_1_89' title='bbox 1026 2099 1172 2173; x_wconf 86' lang='lat' dir='ltr'><strong>quod</strong></span> <span class='ocrx_word' id='word_1_90' title='bbox 1215 2097 1388 2155; x_wconf 87' lang='lat' dir='ltr'><strong>l&#39;acit:</strong></span> <span class='ocrx_word' id='word_1_91' title='bbox 1422 2095 1555 2171; x_wconf 88' lang='lat' dir='ltr'><strong>quia</strong></span> <span class='ocrx_word' id='word_1_92' title='bbox 1598 2098 1718 2170; x_wconf 88' lang='lat' dir='ltr'><strong>ejus</strong></span> <span class='ocrx_word' id='word_1_93' title='bbox 1757 2098 2057 2170; x_wconf 84' lang='lat' dir='ltr'><strong>potentiam</strong></span> <span class='ocrx_word' id='word_1_94' title='bbox 2103 2115 2211 2158; x_wconf 89' lang='lat' dir='ltr'><strong>non</strong></span> <span class='ocrx_word' id='word_1_95' title='bbox 2258 2104 2525 2179; x_wconf 85' lang='lat' dir='ltr'><strong>adaequat</strong></span> 
     </span>
     <span class='ocr_line' id='line_1_15' title="bbox 511 2184 2526 2269; baseline -0 -17"><span class='ocrx_word' id='word_1_96' title='bbox 511 2210 669 2269; x_wconf 76' lang='lat' dir='ltr'><strong>opuS,</strong></span> <span class='ocrx_word' id='word_1_97' title='bbox 696 2200 763 2249; x_wconf 87' lang='lat' dir='ltr'><strong>ut·</strong></span> <span class='ocrx_word' id='word_1_98' title='bbox 783 2190 920 2248; x_wconf 87' lang='lat' dir='ltr'><strong>dicit</strong></span> <span class='ocrx_word' id='word_1_99' title='bbox 948 2190 1102 2260; x_wconf 87' lang='lat' dir='ltr'><strong>Hugo</strong></span> <span class='ocrx_word' id='word_1_100' title='bbox 1132 2188 1203 2247; x_wconf 88' lang='lat' dir='ltr'><strong>de</strong></span> <span class='ocrx_word' id='word_1_101' title='bbox 1238 2188 1439 2245; x_wconf 87' lang='lat' dir='ltr'><strong>Sancto</strong></span> <span class='ocrx_word' id='word_1_102' title='bbox 1468 2184 1711 2245; x_wconf 81' lang='lat' dir='ltr'><strong>Victore.</strong></span> <span class='ocrx_word' id='word_1_103' title='bbox 1736 2187 1842 2243; x_wconf 90' lang='lat' dir='ltr'><strong>Sed</strong></span> <span class='ocrx_word' id='word_1_104' title='bbox 1884 2188 2098 2245; x_wconf 86' lang='lat' dir='ltr'><strong>infinito</strong></span> <span class='ocrx_word' id='word_1_105' title='bbox 2138 2189 2195 2246; x_wconf 90' lang='lat' dir='ltr'><strong>in</strong></span> <span class='ocrx_word' id='word_1_106' title='bbox 2242 2198 2376 2249; x_wconf 88' lang='lat' dir='ltr'><strong>actu</strong></span> <span class='ocrx_word' id='word_1_107' title='bbox 2415 2210 2526 2251; x_wconf 88' lang='lat' dir='ltr'><strong>non</strong></span> 
     </span>
     <span class='ocr_line' id='line_1_16' title="bbox 513 2276 2526 2359; baseline 0.001 -19"><span class='ocrx_word' id='word_1_108' title='bbox 513 2290 699 2359; x_wconf 85' lang='lat' dir='ltr'><strong>potest</strong></span> <span class='ocrx_word' id='word_1_109' title='bbox 728 2297 847 2339; x_wconf 83' lang='lat' dir='ltr'><strong>esse</strong></span> <span class='ocrx_word' id='word_1_110' title='bbox 872 2276 1079 2353; x_wconf 86' lang='lat' dir='ltr'><strong>aliquid</strong></span> <span class='ocrx_word' id='word_1_111' title='bbox 1097 2277 1296 2351; x_wconf 67' lang='lat' dir='ltr'><strong>majus„</strong></span> <span class='ocrx_word' id='word_1_112' title='bbox 1321 2276 1467 2349; x_wconf 87' lang='lat' dir='ltr'><strong>Ergo</strong></span> <span class='ocrx_word' id='word_1_113' title='bbox 1490 2290 1600 2332; x_wconf 88' lang='lat' dir='ltr'><strong>non</strong></span> <span class='ocrx_word' id='word_1_114' title='bbox 1640 2281 1824 2348; x_wconf 88' lang='lat' dir='ltr'><strong>potest</strong></span> <span class='ocrx_word' id='word_1_115' title='bbox 1855 2290 1974 2333; x_wconf 77' lang='lat' dir='ltr'><strong>esse</strong></span> <span class='ocrx_word' id='word_1_116' title='bbox 2002 2278 2149 2351; x_wconf 86' lang='lat' dir='ltr'><strong>quod</strong></span> <span class='ocrx_word' id='word_1_117' title='bbox 2176 2280 2328 2339; x_wconf 85' lang='lat' dir='ltr'><strong>Deus</strong></span> <span class='ocrx_word' id='word_1_118' title='bbox 2352 2282 2526 2343; x_wconf 77' lang='lat' dir='ltr'><strong>faciat</strong></span> 
     </span>
     <span class='ocr_line' id='line_1_17' title="bbox 516 2362 1043 2429; baseline -0.011 0"><span class='ocrx_word' id='word_1_119' title='bbox 516 2370 794 2429; x_wconf 83' lang='lat' dir='ltr'><strong>infinitum</strong></span> <span class='ocrx_word' id='word_1_120' title='bbox 816 2362 872 2426; x_wconf 75' lang='lat' dir='ltr'><strong>i&#39;n</strong></span> <span class='ocrx_word' id='word_1_121' title='bbox 896 2373 1043 2425; x_wconf 81' lang='lat' dir='ltr'><strong>actu.</strong></span> 
     </span>
    </p>

    <p class='ocr_par' dir='ltr' id='par_1_8' title="bbox 515 2448 2531 2957">
     <span class='ocr_line' id='line_1_18' title="bbox 586 2448 2531 2529; baseline 0.001 -10"><span class='ocrx_word' id='word_1_122' title='bbox 586 2460 694 2519; x_wconf 77' lang='lat' dir='ltr'><strong>Sed</strong></span> <span class='ocrx_word' id='word_1_123' title='bbox 722 2464 934 2527; x_wconf 84' lang='lat' dir='ltr'><strong>contra,</strong></span> <span class='ocrx_word' id='word_1_124' title='bbox 963 2457 1112 2514; x_wconf 87' lang='lat' dir='ltr'><strong>Deus</strong></span> <span class='ocrx_word' id='word_1_125' title='bbox 1159 2460 1338 2528; x_wconf 85' lang='lat' dir='ltr'><strong>potest</strong></span> <span class='ocrx_word' id='word_1_126' title='bbox 1383 2452 1509 2526; x_wconf 80' lang='lat' dir='ltr'><strong>plus</strong></span> <span class='ocrx_word' id='word_1_127' title='bbox 1532 2448 1715 2511; x_wconf 80' lang='lat' dir='ltr'><strong>facere</strong></span> <span class='ocrx_word' id='word_1_128' title='bbox 1742 2468 1910 2527; x_wconf 89' lang='lat' dir='ltr'><strong>quam</strong></span> <span class='ocrx_word' id='word_1_129' title='bbox 1951 2453 2113 2513; x_wconf 85' lang='lat' dir='ltr'><strong>homo</strong></span> <span class='ocrx_word' id='word_1_130' title='bbox 2136 2459 2311 2529; x_wconf 84' lang='lat' dir='ltr'><strong>possit</strong></span> <span class='ocrx_word' id='word_1_131' title='bbox 2339 2462 2531 2521; x_wconf 86' lang='lat' dir='ltr'><strong>dicere</strong></span> 
     </span>
     <span class='ocr_line' id='line_1_19' title="bbox 515 2538 2530 2619; baseline -0.001 -12"><span class='ocrx_word' id='word_1_132' title='bbox 515 2547 606 2607; x_wconf 78' lang='lat' dir='ltr'><strong>vel</strong></span> <span class='ocrx_word' id='word_1_133' title='bbox 642 2546 906 2619; x_wconf 84' lang='lat' dir='ltr'><strong>cogitare,</strong></span> <span class='ocrx_word' id='word_1_134' title='bbox 949 2540 1250 2611; x_wconf 80' lang='lat' dir='ltr'><strong>secundum</strong></span> <span class='ocrx_word' id='word_1_135' title='bbox 1295 2538 1431 2598; x_wconf 86' lang='lat' dir='ltr'><strong>illud</strong></span> <span class='ocrx_word' id='word_1_136' title='bbox 1473 2538 1641 2599; x_wconf 80' lang='lat' dir='ltr'><strong>Lucae</strong></span> <span class='ocrx_word' id='word_1_137' title='bbox 1677 2554 1719 2609; x_wconf 80' lang='grc' dir='ltr'><strong>ι,</strong></span> <span class='ocrx_word' id='word_1_138' title='bbox 1752 2540 2022 2600; x_wconf 72' lang='lat' dir='ltr'><strong>37:1vcm</strong></span> <span class='ocrx_word' id='word_1_139' title='bbox 2061 2542 2173 2601; x_wconf 79' lang='lat' dir='ltr'><strong>erit</strong></span> <span class='ocrx_word' id='word_1_140' title='bbox 2206 2542 2530 2619; x_wconf 71' lang='lat' dir='ltr'><strong>impossibile</strong></span> 
     </span>
     <span class='ocr_line' id='line_1_20' title="bbox 519 2626 2531 2710; baseline 0.001 -17"><span class='ocrx_word' id='word_1_141' title='bbox 519 2632 667 2710; x_wconf 78' lang='lat' dir='ltr'><strong>apud</strong></span> <span class='ocrx_word' id='word_1_142' title='bbox 693 2635 864 2691; x_wconf 77' lang='lat' dir='ltr'><strong>Deum</strong></span> <span class='ocrx_word' id='word_1_143' title='bbox 889 2646 1041 2689; x_wconf 75' lang='lat' dir='ltr'><strong>omne</strong></span> <span class='ocrx_word' id='word_1_144' title='bbox 1079 2628 1314 2687; x_wconf 78' lang='lat' dir='ltr'><strong>verbum.</strong></span> <span class='ocrx_word' id='word_1_145' title='bbox 1338 2627 1447 2687; x_wconf 88' lang='lat' dir='ltr'><strong>Sed</strong></span> <span class='ocrx_word' id='word_1_146' title='bbox 1487 2626 1650 2686; x_wconf 89' lang='lat' dir='ltr'><strong>homo</strong></span> <span class='ocrx_word' id='word_1_147' title='bbox 1689 2636 1872 2703; x_wconf 82' lang='lat' dir='ltr'><strong>potest</strong></span> <span class='ocrx_word' id='word_1_148' title='bbox 1894 2627 2079 2687; x_wconf 85' lang='lat' dir='ltr'><strong>dicere</strong></span> <span class='ocrx_word' id='word_1_149' title='bbox 2096 2646 2218 2689; x_wconf 86' lang='lat' dir='ltr'><strong>esse</strong></span> <span class='ocrx_word' id='word_1_150' title='bbox 2253 2626 2531 2695; x_wconf 83' lang='lat' dir='ltr'><strong>infinitum</strong></span> 
     </span>
     <span class='ocr_line' id='line_1_21' title="bbox 520 2715 2526 2795; baseline 0 -12"><span class='ocrx_word' id='word_1_151' title='bbox 520 2726 578 2783; x_wconf 86' lang='lat' dir='ltr'><strong>in</strong></span> <span class='ocrx_word' id='word_1_152' title='bbox 606 2729 757 2791; x_wconf 85' lang='lat' dir='ltr'><strong>actu,</strong></span> <span class='ocrx_word' id='word_1_153' title='bbox 785 2727 844 2779; x_wconf 90' lang='lat' dir='ltr'><strong>et</strong></span> <span class='ocrx_word' id='word_1_154' title='bbox 861 2721 1031 2777; x_wconf 83' lang='lat' dir='ltr'><strong>etiam</strong></span> <span class='ocrx_word' id='word_1_155' title='bbox 1055 2719 1329 2790; x_wconf 76' lang='lat' dir='ltr'><strong>cogitare3</strong></span> <span class='ocrx_word' id='word_1_156' title='bbox 1347 2730 1476 2775; x_wconf 87' lang='lat' dir='ltr'><strong>cnm</strong></span> <span class='ocrx_word' id='word_1_157' title='bbox 1502 2716 1729 2791; x_wconf 89' lang='lat' dir='ltr'><strong>quidam</strong></span> <span class='ocrx_word' id='word_1_158' title='bbox 1754 2715 2061 2791; x_wconf 83' lang='lat' dir='ltr'><strong>philosophi</strong></span> <span class='ocrx_word' id='word_1_159' title='bbox 2089 2717 2194 2778; x_wconf 89' lang='lat' dir='ltr'><strong>hoc</strong></span> <span class='ocrx_word' id='word_1_160' title='bbox 2220 2726 2526 2795; x_wconf 81' lang='lat' dir='ltr'><strong>posuerint,</strong></span> 
     </span>
     <span class='ocr_line' id='line_1_22' title="bbox 522 2805 2529 2886; baseline 0.001 -17"><span class='ocrx_word' id='word_1_161' title='bbox 522 2821 594 2881; x_wconf 54' lang='lat' dir='ltr'><strong>ut⁴</strong></span> <span class='ocrx_word' id='word_1_162' title='bbox 613 2815 768 2886; x_wconf 87' lang='lat' dir='ltr'><strong>patet</strong></span> <span class='ocrx_word' id='word_1_163' title='bbox 792 2808 850 2865; x_wconf 90' lang='lat' dir='ltr'><strong>in</strong></span> <span class='ocrx_word' id='word_1_164' title='bbox 875 2822 947 2865; x_wconf 84' lang='lat' dir='ltr'><strong>m</strong></span> <span class='ocrx_word' id='word_1_165' title='bbox 967 2805 1184 2882; x_wconf 77' lang='lat' dir='ltr'><strong>Physic.</strong></span> <span class='ocrx_word' id='word_1_166' title='bbox 1217 2806 1374 2879; x_wconf 87' lang='lat' dir='ltr'><strong>(text.</strong></span> <span class='ocrx_word' id='word_1_167' title='bbox 1406 2820 1611 2864; x_wconf 89' lang='lat' dir='ltr'><strong>comm.</strong></span> <span class='ocrx_word' id='word_1_168' title='bbox 1638 2806 1749 2877; x_wconf 81' lang='lat'><strong>37).</strong></span> <span class='ocrx_word' id='word_1_169' title='bbox 1778 2806 1919 2879; x_wconf 86' lang='lat' dir='ltr'><strong>Ergo</strong></span> <span class='ocrx_word' id='word_1_170' title='bbox 1944 2807 2092 2865; x_wconf 88' lang='lat' dir='ltr'><strong>Deus</strong></span> <span class='ocrx_word' id='word_1_171' title='bbox 2126 2817 2311 2883; x_wconf 85' lang='lat' dir='ltr'><strong>potest</strong></span> <span class='ocrx_word' id='word_1_172' title='bbox 2346 2811 2529 2871; x_wconf 80' lang='lat' dir='ltr'><strong>facere</strong></span> 
     </span>
     <span class='ocr_line' id='line_1_23' title="bbox 523 2895 1058 2957; baseline -0.013 0"><span class='ocrx_word' id='word_1_173' title='bbox 523 2898 802 2957; x_wconf 84' lang='lat' dir='ltr'><strong>infinitum</strong></span> <span class='ocrx_word' id='word_1_174' title='bbox 823 2895 882 2953; x_wconf 88' lang='lat' dir='ltr'><strong>in</strong></span> <span class='ocrx_word' id='word_1_175' title='bbox 908 2900 1058 2952; x_wconf 85' lang='lat' dir='ltr'><strong>actu.</strong></span> 
     </span>
    </p>

    <p class='ocr_par' dir='ltr' id='par_1_9' title="bbox 526 2978 2531 3154">
     <span class='ocr_line' id='line_1_24' title="bbox 594 2978 2531 3061; baseline 0.002 -15"><span class='ocrx_word' id='word_1_176' title='bbox 594 2984 919 3061; x_wconf 84' lang='lat' dir='ltr'><strong>Respondeo</strong></span> <span class='ocrx_word' id='word_1_177' title='bbox 945 2982 1257 3051; x_wconf 89' lang='lat' dir='ltr'><strong>dicendum,</strong></span> <span class='ocrx_word' id='word_1_178' title='bbox 1287 2978 1437 3057; x_wconf 88' lang='lat' dir='ltr'><strong>quod</strong></span> <span class='ocrx_word' id='word_1_179' title='bbox 1464 2996 1591 3041; x_wconf 89' lang='lat' dir='ltr'><strong>cum</strong></span> <span class='ocrx_word' id='word_1_180' title='bbox 1634 2978 1839 3040; x_wconf 88' lang='lat' dir='ltr'><strong>dicitur</strong></span> <span class='ocrx_word' id='word_1_181' title='bbox 1864 2985 2041 3043; x_wconf 89' lang='lat' dir='ltr'><strong>Deum</strong></span> <span class='ocrx_word' id='word_1_182' title='bbox 2074 3001 2186 3043; x_wconf 87' lang='lat' dir='ltr'><strong>non</strong></span> <span class='ocrx_word' id='word_1_183' title='bbox 2220 3004 2383 3061; x_wconf 85' lang='lat' dir='ltr'><strong>posse</strong></span> <span class='ocrx_word' id='word_1_184' title='bbox 2426 2992 2531 3049; x_wconf 82' lang='lat' dir='ltr'><strong>ali-</strong></span> 
     </span>
     <span class='ocr_line' id='line_1_25' title="bbox 526 3070 2527 3154; baseline 0.001 -19"><span class='ocrx_word' id='word_1_185' title='bbox 526 3077 660 3154; x_wconf 89' lang='lat' dir='ltr'><strong>quid</strong></span> <span class='ocrx_word' id='word_1_186' title='bbox 692 3075 894 3146; x_wconf 82' lang='lat' dir='ltr'><strong>facere,</strong></span> <span class='ocrx_word' id='word_1_187' title='bbox 921 3071 1025 3131; x_wconf 89' lang='lat' dir='ltr'><strong>hoc</strong></span> <span class='ocrx_word' id='word_1_188' title='bbox 1060 3088 1168 3129; x_wconf 89' lang='lat' dir='ltr'><strong>non</strong></span> <span class='ocrx_word' id='word_1_189' title='bbox 1193 3076 1276 3129; x_wconf 85' lang='lat' dir='ltr'><strong>est</strong></span> <span class='ocrx_word' id='word_1_190' title='bbox 1304 3075 1527 3144; x_wconf 87' lang='lat' dir='ltr'><strong>propter</strong></span> <span class='ocrx_word' id='word_1_191' title='bbox 1565 3070 1844 3130; x_wconf 77' lang='lat' dir='ltr'><strong>desectum</strong></span> <span class='ocrx_word' id='word_1_192' title='bbox 1885 3072 2089 3131; x_wconf 84' lang='lat' dir='ltr'><strong>divinae</strong></span> <span class='ocrx_word' id='word_1_193' title='bbox 2118 3077 2405 3148; x_wconf 82' lang='lat' dir='ltr'><strong>potentiae,</strong></span> <span class='ocrx_word' id='word_1_194' title='bbox 2437 3081 2527 3139; x_wconf 85' lang='lat' dir='ltr'><strong>sed</strong></span> 
     </span>
    </p>
   </div>
   <div class='ocr_carea' id='block_1_8' title="bbox 526 3158 2601 3243">
    <p class='ocr_par' dir='ltr' id='par_1_10' title="bbox 526 3158 2601 3243">
     <span class='ocr_line' id='line_1_26' title="bbox 526 3158 2601 3243; baseline 0 -19"><span class='ocrx_word' id='word_1_195' title='bbox 526 3173 751 3242; x_wconf 82' lang='lat' dir='ltr'><strong>propter</strong></span> <span class='ocrx_word' id='word_1_196' title='bbox 773 3160 1375 3237; x_wconf 82' lang='lat' dir='ltr'><strong>incompossibililatem</strong></span> <span class='ocrx_word' id='word_1_197' title='bbox 1397 3174 1526 3234; x_wconf 84' lang='lat' dir='ltr'><strong>quae</strong></span> <span class='ocrx_word' id='word_1_198' title='bbox 1552 3158 1919 3235; x_wconf 82' lang='lat' dir='ltr'><strong>importatur</strong></span> <span class='ocrx_word' id='word_1_199' title='bbox 1904 3179 1961 3219; x_wconf 82' lang='lat' dir='ltr'><strong>in</strong></span> <span class='ocrx_word' id='word_1_200' title='bbox 2004 3162 2174 3222; x_wconf 80' lang='lat' dir='ltr'><strong>facto.</strong></span> <span class='ocrx_word' id='word_1_201' title='bbox 2205 3165 2368 3237; x_wconf 90' lang='lat' dir='ltr'><strong>Quod</strong></span> <span class='ocrx_word' id='word_1_202' title='bbox 2406 3170 2532 3243; x_wconf 87' lang='lat' dir='ltr'><strong>qui-</strong></span> <span class='ocrx_word' id='word_1_203' title='bbox 2592 3225 2601 3233; x_wconf 81' lang='grc'><em>,</em></span> 
     </span>
    </p>
   </div>
   <div class='ocr_carea' id='block_1_9' title="bbox 527 3242 2537 4037">
    <p class='ocr_par' dir='ltr' id='par_1_11' title="bbox 527 3242 2537 4037">
     <span class='ocr_line' id='line_1_27' title="bbox 527 3242 2531 3330; baseline 0.002 -18"><span class='ocrx_word' id='word_1_204' title='bbox 527 3256 654 3312; x_wconf 88' lang='lat' dir='ltr'><strong>dem</strong></span> <span class='ocrx_word' id='word_1_205' title='bbox 677 3242 946 3325; x_wconf 81' lang='lat' dir='ltr'><strong>eoniingit</strong></span> <span class='ocrx_word' id='word_1_206' title='bbox 969 3250 1279 3324; x_wconf 84' lang='lat' dir='ltr'><strong>dupliciter.</strong></span> <span class='ocrx_word' id='word_1_207' title='bbox 1307 3248 1428 3307; x_wconf 86' lang='lat' dir='ltr'><strong>Uno</strong></span> <span class='ocrx_word' id='word_1_208' title='bbox 1457 3246 1621 3305; x_wconf 87' lang='lat' dir='ltr'><strong>modo</strong></span> <span class='ocrx_word' id='word_1_209' title='bbox 1643 3250 1775 3324; x_wconf 87' lang='lat' dir='ltr'><strong>quia</strong></span> <span class='ocrx_word' id='word_1_210' title='bbox 1798 3258 2067 3325; x_wconf 79' lang='lat' dir='ltr'><strong>repugnat</strong></span> <span class='ocrx_word' id='word_1_211' title='bbox 2089 3252 2239 3312; x_wconf 79' lang='lat' dir='ltr'><strong>facto</strong></span> <span class='ocrx_word' id='word_1_212' title='bbox 2272 3257 2333 3312; x_wconf 87' lang='lat' dir='ltr'><strong>in</strong></span> <span class='ocrx_word' id='word_1_213' title='bbox 2353 3275 2531 3330; x_wconf 88' lang='lat' dir='ltr'><strong>quan-</strong></span> 
     </span>
     <span class='ocr_line' id='line_1_28' title="bbox 532 3336 2531 3421; baseline 0.003 -21"><span class='ocrx_word' id='word_1_214' title='bbox 532 3352 652 3400; x_wconf 84' lang='lat' dir='ltr'><strong>tum</strong></span> <span class='ocrx_word' id='word_1_215' title='bbox 679 3347 765 3399; x_wconf 87' lang='lat' dir='ltr'><strong>est</strong></span> <span class='ocrx_word' id='word_1_216' title='bbox 790 3341 1031 3407; x_wconf 74' lang='lat' dir='ltr'><strong>factum3</strong></span> <span class='ocrx_word' id='word_1_217' title='bbox 1061 3342 1204 3397; x_wconf 82' lang='lat' dir='ltr'><strong>sicut</strong></span> <span class='ocrx_word' id='word_1_218' title='bbox 1230 3336 1465 3395; x_wconf 81' lang='lat' dir='ltr'><strong>dicimus</strong></span> <span class='ocrx_word' id='word_1_219' title='bbox 1501 3338 1679 3394; x_wconf 88' lang='lat' dir='ltr'><strong>Deum</strong></span> <span class='ocrx_word' id='word_1_220' title='bbox 1714 3354 1824 3396; x_wconf 88' lang='lat' dir='ltr'><strong>non</strong></span> <span class='ocrx_word' id='word_1_221' title='bbox 1861 3357 2022 3414; x_wconf 83' lang='lat' dir='ltr'><strong>posse</strong></span> <span class='ocrx_word' id='word_1_222' title='bbox 2062 3341 2247 3401; x_wconf 83' lang='lat' dir='ltr'><strong>facere</strong></span> <span class='ocrx_word' id='word_1_223' title='bbox 2292 3345 2531 3421; x_wconf 82' lang='lat' dir='ltr'><strong>aliquam</strong></span> 
     </span>
     <span class='ocr_line' id='line_1_29' title="bbox 531 3426 2533 3507; baseline -0 -17"><span class='ocrx_word' id='word_1_224' title='bbox 531 3434 843 3490; x_wconf 86' lang='lat' dir='ltr'><strong>creaturam</strong></span> <span class='ocrx_word' id='word_1_225' title='bbox 864 3442 989 3502; x_wconf 82' lang='lat' dir='ltr'><strong>quae</strong></span> <span class='ocrx_word' id='word_1_226' title='bbox 1011 3442 1071 3485; x_wconf 88' lang='lat' dir='ltr'><strong>se</strong></span> <span class='ocrx_word' id='word_1_227' title='bbox 1095 3427 1152 3484; x_wconf 89' lang='lat' dir='ltr'><strong>in</strong></span> <span class='ocrx_word' id='word_1_228' title='bbox 1185 3442 1304 3484; x_wconf 84' lang='lat' dir='ltr'><strong>esse</strong></span> <span class='ocrx_word' id='word_1_229' title='bbox 1332 3434 1661 3484; x_wconf 82' lang='lat' dir='ltr'><strong>conservet:</strong></span> <span class='ocrx_word' id='word_1_230' title='bbox 1688 3426 1819 3502; x_wconf 88' lang='lat' dir='ltr'><strong>quia</strong></span> <span class='ocrx_word' id='word_1_231' title='bbox 1843 3444 1912 3486; x_wconf 87' lang='lat' dir='ltr'><strong>ex</strong></span> <span class='ocrx_word' id='word_1_232' title='bbox 1954 3430 2059 3488; x_wconf 89' lang='lat' dir='ltr'><strong>hoc</strong></span> <span class='ocrx_word' id='word_1_233' title='bbox 2096 3431 2215 3506; x_wconf 85' lang='lat' dir='ltr'><strong>ipso</strong></span> <span class='ocrx_word' id='word_1_234' title='bbox 2253 3434 2402 3507; x_wconf 85' lang='lat' dir='ltr'><strong>quod</strong></span> <span class='ocrx_word' id='word_1_235' title='bbox 2446 3452 2533 3494; x_wconf 85' lang='lat' dir='ltr'><strong>res</strong></span> 
     </span>
     <span class='ocr_line' id='line_1_30' title="bbox 531 3516 2535 3595; baseline 0.002 -16"><span class='ocrx_word' id='word_1_236' title='bbox 531 3520 717 3595; x_wconf 85' lang='lat' dir='ltr'><strong>aliqua</strong></span> <span class='ocrx_word' id='word_1_237' title='bbox 743 3519 964 3595; x_wconf 90' lang='lat' dir='ltr'><strong>ponitur</strong></span> <span class='ocrx_word' id='word_1_238' title='bbox 985 3516 1186 3575; x_wconf 85' lang='lat' dir='ltr'><strong>habere</strong></span> <span class='ocrx_word' id='word_1_239' title='bbox 1207 3516 1565 3590; x_wconf 83' lang='lat' dir='ltr'><strong>superiorem,</strong></span> <span class='ocrx_word' id='word_1_240' title='bbox 1596 3517 1819 3589; x_wconf 83' lang='lat' dir='ltr'><strong>ponitur</strong></span> <span class='ocrx_word' id='word_1_241' title='bbox 1848 3519 2015 3577; x_wconf 85' lang='lat' dir='ltr'><strong>etiam</strong></span> <span class='ocrx_word' id='word_1_242' title='bbox 2040 3522 2288 3595; x_wconf 86' lang='lat' dir='ltr'><strong>indigere</strong></span> <span class='ocrx_word' id='word_1_243' title='bbox 2311 3539 2535 3583; x_wconf 85' lang='lat' dir='ltr'><strong>conser-</strong></span> 
     </span>
     <span class='ocr_line' id='line_1_31' title="bbox 531 3604 2535 3679; baseline 0.002 -12"><span class='ocrx_word' id='word_1_244' title='bbox 531 3617 758 3679; x_wconf 84' lang='lat' dir='ltr'><strong>vatore;</strong></span> <span class='ocrx_word' id='word_1_245' title='bbox 782 3623 908 3665; x_wconf 89' lang='lat' dir='ltr'><strong>cum</strong></span> <span class='ocrx_word' id='word_1_246' title='bbox 947 3606 1094 3664; x_wconf 86' lang='lat' dir='ltr'><strong>idem</strong></span> <span class='ocrx_word' id='word_1_247' title='bbox 1133 3606 1207 3663; x_wconf 82' lang='lat' dir='ltr'><strong>sit</strong></span> <span class='ocrx_word' id='word_1_248' title='bbox 1247 3620 1416 3662; x_wconf 87' lang='lat' dir='ltr'><strong>causa</strong></span> <span class='ocrx_word' id='word_1_249' title='bbox 1455 3604 1672 3663; x_wconf 84' lang='lat' dir='ltr'><strong>essendi</strong></span> <span class='ocrx_word' id='word_1_250' title='bbox 1714 3621 1852 3675; x_wconf 88' lang='lat' dir='ltr'><strong>rem,</strong></span> <span class='ocrx_word' id='word_1_251' title='bbox 1875 3612 1933 3664; x_wconf 91' lang='lat' dir='ltr'><strong>et</strong></span> <span class='ocrx_word' id='word_1_252' title='bbox 1966 3623 2300 3669; x_wconf 80' lang='lat' dir='ltr'><strong>conservans</strong></span> <span class='ocrx_word' id='word_1_253' title='bbox 2335 3629 2452 3670; x_wconf 89' lang='lat' dir='ltr'><strong>rem</strong></span> <span class='ocrx_word' id='word_1_254' title='bbox 2480 3616 2535 3671; x_wconf 89' lang='lat' dir='ltr'><strong>in</strong></span> 
     </span>
     <span class='ocr_line' id='line_1_32' title="bbox 535 3691 2535 3771; baseline 0.001 -14"><span class='ocrx_word' id='word_1_255' title='bbox 535 3714 677 3757; x_wconf 77' lang='lat' dir='ltr'><strong>esse.</strong></span> <span class='ocrx_word' id='word_1_256' title='bbox 708 3696 831 3756; x_wconf 81' lang='lat' dir='ltr'><strong>Alio</strong></span> <span class='ocrx_word' id='word_1_257' title='bbox 873 3695 1035 3753; x_wconf 89' lang='lat' dir='ltr'><strong>modo</strong></span> <span class='ocrx_word' id='word_1_258' title='bbox 1071 3695 1203 3768; x_wconf 82' lang='lat' dir='ltr'><strong>quia</strong></span> <span class='ocrx_word' id='word_1_259' title='bbox 1235 3701 1505 3768; x_wconf 82' lang='lat' dir='ltr'><strong>repugnat</strong></span> <span class='ocrx_word' id='word_1_260' title='bbox 1541 3691 1668 3751; x_wconf 87' lang='lat' dir='ltr'><strong>huic</strong></span> <span class='ocrx_word' id='word_1_261' title='bbox 1707 3692 1856 3753; x_wconf 82' lang='lat' dir='ltr'><strong>facto</strong></span> <span class='ocrx_word' id='word_1_262' title='bbox 1898 3695 1957 3753; x_wconf 89' lang='lat' dir='ltr'><strong>in</strong></span> <span class='ocrx_word' id='word_1_263' title='bbox 1995 3703 2263 3771; x_wconf 83' lang='lat' dir='ltr'><strong>quantum</strong></span> <span class='ocrx_word' id='word_1_264' title='bbox 2306 3708 2391 3759; x_wconf 82' lang='lat' dir='ltr'><strong>eat</strong></span> <span class='ocrx_word' id='word_1_265' title='bbox 2437 3702 2535 3759; x_wconf 91' lang='lat' dir='ltr'><strong>hoc</strong></span> 
     </span>
     <span class='ocr_line' id='line_1_33' title="bbox 532 3782 2537 3862; baseline 0.001 -17"><span class='ocrx_word' id='word_1_266' title='bbox 532 3786 776 3857; x_wconf 75' lang='lat' dir='ltr'><strong>factum,</strong></span> <span class='ocrx_word' id='word_1_267' title='bbox 803 3784 949 3843; x_wconf 83' lang='lat' dir='ltr'><strong>sicut</strong></span> <span class='ocrx_word' id='word_1_268' title='bbox 983 3784 1032 3841; x_wconf 81' lang='lat' dir='ltr'><strong>si</strong></span> <span class='ocrx_word' id='word_1_269' title='bbox 1058 3782 1325 3849; x_wconf 78' lang='lat' dir='ltr'><strong>dicamne,</strong></span> <span class='ocrx_word' id='word_1_270' title='bbox 1352 3783 1530 3840; x_wconf 85' lang='lat' dir='ltr'><strong>Deum</strong></span> <span class='ocrx_word' id='word_1_271' title='bbox 1552 3798 1660 3841; x_wconf 87' lang='lat' dir='ltr'><strong>non</strong></span> <span class='ocrx_word' id='word_1_272' title='bbox 1696 3797 1856 3857; x_wconf 85' lang='lat' dir='ltr'><strong>posse</strong></span> <span class='ocrx_word' id='word_1_273' title='bbox 1890 3783 2073 3843; x_wconf 79' lang='lat' dir='ltr'><strong>facere</strong></span> <span class='ocrx_word' id='word_1_274' title='bbox 2113 3802 2320 3862; x_wconf 84' lang='lat' dir='ltr'><strong>equum</strong></span> <span class='ocrx_word' id='word_1_275' title='bbox 2364 3790 2537 3848; x_wconf 83' lang='lat' dir='ltr'><strong>ratio-</strong></span> 
     </span>
     <span class='ocr_line' id='line_1_34' title="bbox 533 3870 2533 3949; baseline 0.002 -16"><span class='ocrx_word' id='word_1_276' title='bbox 533 3874 719 3935; x_wconf 80' lang='lat' dir='ltr'><strong>nalem</strong></span> <span class='ocrx_word' id='word_1_277' title='bbox 740 3889 882 3932; x_wconf 79' lang='lat' dir='ltr'><strong>esee.</strong></span> <span class='ocrx_word' id='word_1_278' title='bbox 906 3872 1040 3931; x_wconf 83' lang='lat' dir='ltr'><strong>Esse</strong></span> <span class='ocrx_word' id='word_1_279' title='bbox 1079 3871 1225 3929; x_wconf 87' lang='lat' dir='ltr'><strong>enim</strong></span> <span class='ocrx_word' id='word_1_280' title='bbox 1253 3870 1540 3941; x_wconf 78' lang='lat' dir='ltr'><strong>rationale,</strong></span> <span class='ocrx_word' id='word_1_281' title='bbox 1566 3872 1821 3946; x_wconf 84' lang='lat' dir='ltr'><strong>quamvis</strong></span> <span class='ocrx_word' id='word_1_282' title='bbox 1848 3888 1961 3932; x_wconf 83' lang='lat' dir='ltr'><strong>aon</strong></span> <span class='ocrx_word' id='word_1_283' title='bbox 1986 3883 2256 3949; x_wconf 83' lang='lat' dir='ltr'><strong>repugnet</strong></span> <span class='ocrx_word' id='word_1_284' title='bbox 2296 3876 2445 3936; x_wconf 81' lang='lat' dir='ltr'><strong>facto</strong></span> <span class='ocrx_word' id='word_1_285' title='bbox 2482 3878 2533 3935; x_wconf 89' lang='lat' dir='ltr'><strong>in</strong></span> 
     </span>
     <span class='ocr_line' id='line_1_35' title="bbox 535 3958 2533 4037; baseline 0.002 -17"><span class='ocrx_word' id='word_1_286' title='bbox 535 3967 808 4037; x_wconf 82' lang='lat' dir='ltr'><strong>quantum</strong></span> <span class='ocrx_word' id='word_1_287' title='bbox 832 3960 1172 4029; x_wconf 80' lang='lat' dir='ltr'><strong>estfactum,</strong></span> <span class='ocrx_word' id='word_1_288' title='bbox 1205 3964 1391 4017; x_wconf 88' lang='lat' dir='ltr'><strong>tamen</strong></span> <span class='ocrx_word' id='word_1_289' title='bbox 1432 3958 1535 4017; x_wconf 85' lang='lat' dir='ltr'><strong>hoc</strong></span> <span class='ocrx_word' id='word_1_290' title='bbox 1576 3959 1801 4031; x_wconf 85' lang='lat' dir='ltr'><strong>sactum,</strong></span> <span class='ocrx_word' id='word_1_291' title='bbox 1834 3960 2051 4022; x_wconf 77' lang='lat' dir='ltr'><strong>scilicet</strong></span> <span class='ocrx_word' id='word_1_292' title='bbox 2085 3978 2209 4023; x_wconf 81' lang='lat' dir='ltr'><strong>esse</strong></span> <span class='ocrx_word' id='word_1_293' title='bbox 2248 3964 2533 4035; x_wconf 78' lang='lat' dir='ltr'><strong>rationale,</strong></span> 
     </span>
    </p>
   </div>
   <div class='ocr_carea' id='block_1_10' title="bbox 2438 4251 2649 4491">
    <p class='ocr_par' dir='ltr' id='par_1_12' title="bbox 2438 4251 2671 4491">
     <span class='ocr_line' id='line_1_36' title="bbox 2438 4251 2649 4491; baseline 0 -20"><span class='ocrx_word' id='word_1_294' title='bbox 2438 4462 2451 4471; x_wconf 79' lang='grc'>,</span> <span class='ocrx_word' id='word_1_295' title='bbox 2564 4251 2649 4491; x_wconf 66' lang='lat' dir='ltr'><em>A</em></span> 
     </span>
    </p>
   </div>
  </div>
 </body>
</html>
