2800 4492
417 352 438 361 ,
533 300 614 363 66
1012 318 1066 367 s.
1107 316 1343 363 mount
1382 315 1713 368 Acunum-rs
1753 315 2074 362 croscum-

533 434 682 492 omni
711 432 943 493 materia
969 448 1181 493 carens.
1209 434 1364 493 Unde
1388 433 1598 507 logicus
1624 432 1905 491 inveniens
1934 433 1989 491 in
2022 432 2111 490 his
2132 430 2389 491 omnibus
2416 430 2548 488 illud

533 539 600 579 ex
623 540 732 597 quo
753 538 926 596 genus
949 524 1220 592 sumebat,
1249 525 1402 597 ponit
1426 525 1609 581 omnia
1633 524 1751 581 haec
1775 524 1829 580 in
1854 539 1963 580 uno
1982 538 2181 596 genere
2200 522 2545 579 substantiae.

532 613 812 678 Naturalis
839 629 969 671 vero
1011 619 1067 670 et
1093 614 1504 687 metaphysicus
1538 614 1630 687 qui
1660 613 2013 670 considerant
2042 612 2311 685 principia
2340 628 2546 672 rerum,

533 701 716 757 omnia
739 720 846 759 non
875 703 1214 760 invenientes
1237 703 1619 759 convenientia
1644 702 1699 757 in
1729 701 1979 768 materia,
2016 701 2207 757 dicunt
2235 716 2309 772 ea⁴
2328 700 2551 755 differre

533 806 750 861 genere,
795 792 1092 849 secundum
1118 792 1222 848 hoc
1263 792 1413 865 quod
1453 791 1655 848 dicitur
1685 806 1723 847 x
1750 788 2101 863 Metaphysi„
2130 790 2274 861 quod
2315 804 2551 861 corrup-

533 878 688 935 tibile
725 884 780 936 et
811 880 1224 952 incorruptibile
1250 879 1510 937 differunt
1547 894 1764 951 genere,
1797 883 1853 933 et
1890 878 2038 951 quod
2080 877 2174 933 illa
2214 876 2552 933 conveniunt

533 982 750 1038 genere,
783 984 1015 1043 quorum
1038 977 1124 1026 est
1153 968 1385 1027 materia
1416 983 1525 1024 una
1552 975 1607 1023 et
1632 966 1911 1039 generatio
1937 967 2006 1023 ad
2038 966 2292 1023 invicem.

603 1057 695 1113 Sic
735 1058 903 1130 igitur
927 1064 1082 1131 patet
1104 1058 1376 1131 quomodo
1407 1055 1639 1113 materia
1668 1054 1802 1111 facit
1830 1054 2207 1111 diversitatem
2236 1054 2289 1111 in
2326 1070 2547 1127 genere,

533 1144 708 1202 forma
735 1147 1112 1203 diversitatem
1151 1148 1205 1202 in
1233 1147 1436 1221 specie,
1466 1144 1572 1202 hoc
1612 1145 1775 1200 modo
1813 1144 2211 1201 consideranda
2248 1150 2333 1199 est
2360 1144 2551 1200 diver-

533 1234 670 1289 sitas
711 1234 1011 1291 secundum
1049 1234 1243 1307 Philip.
1279 1250 1364 1291 vn
1403 1234 1642 1305 Metaph.
1680 1233 1808 1305 quia
1842 1234 1986 1289 sicut
2024 1242 2208 1305 partes
2236 1232 2453 1303 generis
2492 1241 2549 1289 et

535 1322 735 1395 speciei
759 1330 890 1379 sunt
919 1322 1148 1380 materia
1181 1331 1237 1379 et
1263 1322 1459 1391 forma,
1492 1323 1572 1379 ita
1602 1320 1870 1384 individui
1898 1329 2025 1377 sunt
2061 1321 2181 1377 haec
2207 1320 2458 1381 materia,
2492 1330 2549 1376 et

535 1409 654 1467 haec
681 1410 874 1468 forma.
924 1412 1080 1468 Unde
1115 1412 1259 1468 sicut
1295 1412 1673 1467 diversitatem
1715 1411 1771 1466 in
1812 1426 2030 1482 genere,
2075 1409 2163 1466 vel
2204 1410 2550 1482 speciesacit

535 1500 826 1571 diversitas
855 1500 1118 1568 materiae,
1161 1500 1247 1557 vel
1289 1499 1481 1557 formae
1522 1499 1789 1566 absolute,
1832 1500 1909 1553 ita
1938 1498 2315 1554 diversitatem
2348 1500 2402 1553 in
2442 1516 2550 1553 nu·-

534 1603 684 1643 mero
708 1589 840 1647 facit
863 1589 982 1646 haec
1001 1589 1175 1645 forma
1190 1595 1246 1645 et
1267 1588 1386 1645 haec
1408 1588 1639 1644 materia
1661 1606 1673 1641 :
1693 1586 1841 1642 nulla
1866 1594 2048 1663 autem
2066 1586 2258 1657 forma,
2288 1588 2345 1642 in
2368 1602 2547 1659 quan·

538 1682 656 1731 tum
681 1676 1014 1748 hujusmodi,
1047 1685 1130 1733 est
1155 1676 1244 1732 hic
1271 1692 1338 1731 ex
1377 1676 1577 1748 seipsa.
1606 1677 1741 1731 Dico
1771 1684 1954 1732 autem
1984 1676 2039 1731 in
2063 1683 2330 1748 quantum
2352 1676 2552 1749 hujus-

536 1764 682 1819 modi
723 1770 944 1836 propter
981 1764 1220 1821 animam
1263 1764 1605 1831 rationalem,
1639 1779 1765 1836 quae
1809 1764 2213 1837 quodammodo
2257 1780 2327 1819 ex
2366 1764 2552 1837 seipsa

537 1856 621 1907 est
642 1851 748 1907 hoc
775 1852 1003 1925 aliquid,
1023 1856 1119 1909 sed
1145 1868 1252 1909 non
1277 1853 1332 1908 in
1359 1861 1624 1926 quantum
1646 1852 1843 1909 forma.
1860 1852 2175 1909 Intellectus
2196 1868 2327 1909 vero
2346 1868 2554 1925 quam-

537 1939 670 1997 libet
696 1940 928 1997 formam
957 1956 1124 2015 quam
1154 1941 1410 2015 possibile
1449 1947 1533 1998 est
1562 1941 1733 2013 recipi
1757 1942 1813 1997 in
1842 1939 2047 2014 aliquo,
2080 1942 2223 1998 sicut
2264 1941 2323 1997 in
2365 1951 2553 1997 mate-

536 2032 637 2098 ria,
665 2028 751 2088 vel
779 2030 922 2087 sicut
944 2031 1000 2087 in
1028 2030 1294 2104 subjecte,
1327 2038 1487 2087 natus
1520 2037 1605 2090 est
1642 2030 1944 2087 attribuere
1973 2030 2239 2102 pluribuS,
2272 2031 2419 2103 quod
2462 2038 2553 2087 est

538 2125 729 2177 contra
751 2120 1020 2176 rationem
1057 2121 1177 2193 ejus
1213 2120 1360 2192 quod
1406 2127 1490 2177 est
1534 2120 1640 2175 hoc
1681 2118 1911 2192 aliquid,
1938 2120 2081 2175 unde
2130 2119 2303 2175 forma
2342 2118 2407 2175 fit
2449 2136 2554 2191 per

533 2208 638 2265 hoc
657 2208 803 2281 quod
834 2208 1095 2281 recipitur
1117 2209 1172 2264 in
1201 2208 1471 2267 materia:
1495 2208 1592 2265 sed
1622 2224 1749 2265 cum
1778 2208 2006 2265 materia
2032 2207 2090 2264 in
2116 2224 2175 2265 se
2198 2208 2553 2265 considerata

533 2298 608 2354 sit
629 2296 966 2365 indistincta,
995 2313 1103 2354 non
1132 2302 1312 2370 potest
1333 2313 1455 2354 esse
1484 2296 1631 2369 quod
1660 2296 1893 2353 formam
1920 2297 1975 2352 in
2001 2314 2061 2353 se
2087 2306 2368 2370 receptam
2397 2297 2553 2353 indi-

533 2385 742 2453 viduet,
783 2385 888 2442 nisi
930 2386 1232 2443 secundnm
1279 2386 1427 2459 quod
1468 2391 1553 2441 est
1589 2384 1998 2458 distinguibilis.
2025 2386 2145 2443 Non
2183 2386 2328 2441 enim
2368 2384 2551 2443 forma

533 2473 906 2534 individuatur
927 2492 1024 2549 per
1047 2475 1151 2533 hoc
1179 2475 1325 2548 quod
1352 2474 1613 2547 recipitur
1642 2474 1699 2530 in
1730 2474 1980 2541 materia,
2014 2474 2118 2531 nisi
2142 2480 2416 2548 quatenus
2454 2492 2553 2533 re·-

533 2565 733 2637 cipitur
758 2562 812 2621 in
839 2564 944 2619 hac
965 2564 1217 2631 materia,
1247 2563 1332 2620 vel
1353 2562 1447 2619 illa
1474 2563 1737 2620 distincta
1762 2569 1817 2619 et
1847 2562 2214 2621 determinata
2242 2563 2309 2619 ad
2338 2564 2463 2633 hoc,
2490 2572 2549 2621 et

526 2667 696 2707 nunc.
711 2652 941 2708 Materia
970 2660 1154 2707 autem
1177 2666 1286 2705 non
1309 2656 1395 2705 est
1417 2649 1707 2707 divisibilis
1730 2652 1835 2707 nisi
1862 2668 1959 2723 per
1988 2652 2549 2723 quantitatem.Unde

531 2738 766 2795 Philoso.
813 2737 946 2793 dicit
990 2753 1011 2795 1
1051 2737 1232 2793 Ethic.
1275 2736 1425 2809 quod
1464 2736 1717 2793 submota
1744 2740 2069 2810 quantitate
2114 2747 2361 2797 remanet
2406 2741 2547 2797 sub-

535 2826 740 2883 stantia
784 2817 1132 2881 indivisibilis
1177 2841 1192 2880 ε
1236 2831 1292 2880 et
1344 2824 1469 2880 ideo
1509 2824 1740 2881 materia
1792 2824 2025 2881 efficitur
2062 2824 2179 2883 haec
2218 2835 2275 2883 et
2327 2829 2547 2902 signata

537 2913 838 2971 secundum
865 2912 1011 2984 quod
1040 2917 1125 2969 est
1159 2912 1263 2969 sub
1293 2911 1722 2970 dimensionibus
1750 2930 1763 2968 ε
1788 2914 2153 2971 dimensiones
2199 2923 2383 2975 autem
2424 2920 2547 2975 istae

535 3006 764 3076 possunt
789 3000 1078 3075 dupliciter
1109 3002 1467 3059 considerari.
1493 3003 1611 3059 Uno
1650 3003 1810 3067 modo
1851 3004 2151 3063 secundum
2192 3022 2381 3063 earum
2428 3013 2549 3063 ter-

537 3091 908 3158 minationem,
943 3097 1000 3147 et
1043 3090 1166 3149 dico
1192 3107 1286 3148 eas
1328 3088 1611 3149 terminari
1658 3092 2347 3161 secundum,terminatam
2384 3096 2543 3153 men-

533 3195 718 3237 suram
737 3188 792 3236 et
817 3180 1066 3253 figuram,
1099 3186 1154 3237 et
1182 3181 1265 3237 sic
1287 3188 1350 3236 ut
1390 3182 1561 3238 etiam
1592 3181 1835 3253 perfecta
1880 3182 2217 3239 collocantur
2258 3183 2313 3239 in
2342 3200 2545 3257 genere

531 3269 876 3341 quantitatis,
905 3278 960 3325 et
1000 3270 1082 3325 sic
1111 3284 1216 3325 non
1242 3278 1469 3343 possunt
1508 3286 1628 3327 esse
1671 3272 1999 3344 principium
2041 3270 2490 3330 individuationis
2524 3292 2538 3328 ε

532 3359 662 3431 qnia
686 3373 808 3413 cum
835 3357 960 3415 talis
985 3359 1384 3417 dimensionum
1425 3359 1739 3417 terminatio
1765 3360 2008 3417 varietur
2050 3360 2365 3433 frequenter
2390 3364 2541 3419 circa

533 3446 892 3514 individuum,
933 3454 1254 3521 sequeretur
1304 3447 1450 3521 quod
1493 3448 1839 3505 individuum
1882 3465 1991 3507 non
2034 3457 2338 3506 remaneret
2392 3450 2541 3507 idem

534 3552 760 3595 numero
781 3552 1016 3608 semper.
1047 3536 1168 3594 Alio
1193 3537 1354 3593 modo
1385 3543 1610 3609 possunt
1638 3538 1972 3595 considerari
2001 3538 2116 3593 sine
2142 3539 2248 3595 ista
2272 3540 2543 3596 determi-

535 3628 752 3683 natione
789 3626 846 3681 in
885 3632 1079 3682 natura
1136 3626 1493 3682 dimensionis
1536 3632 1769 3695 tantum,
1812 3627 2062 3699 quamvis
2105 3644 2381 3700 nunquam
2419 3630 2539 3684 sine

534 3716 716 3789 aliqua
745 3715 1198 3773 determinatione
1225 3730 1344 3771 esse
1369 3715 1598 3788 possint,
1625 3716 1768 3773 sicut
1803 3732 1905 3776 nec
1946 3721 2144 3773 natura
2182 3716 2379 3773 coloris
2420 3720 2539 3773 sine

535 3805 988 3863 determinatione
1011 3804 1122 3861 albi
1149 3810 1206 3861 et
1233 3806 1392 3875 nigri,
1423 3810 1478 3860 et
1504 3805 1585 3861 sic
1618 3804 1954 3863 collocantur
1979 3806 2031 3861 in
2067 3822 2265 3876 genere
2296 3803 2538 3879 'quanti-

537 3895 666 3953 tatis
691 3901 749 3951 ιιι
775 3894 1172 3969 imperfectum.
1207 3894 1273 3949 Et
1299 3911 1368 3952 ex
1390 3894 1474 3951 his
1502 3894 1929 3953 dimensionibus
1971 3895 2337 3953 interminatis
2361 3896 2539 3953 effici-
