2800 4492
763 387 874 431 xn.
906 403 986 418 -
1014 389 1437 437 ouonmenrtm
1488 389 1731 436 snxruu
1773 397 1783 408 ³
2126 375 2260 438 363:

225 506 492 573 peccato.
539 499 618 558 ita
661 500 828 558 etiam
872 502 1169 559 secundum
1215 504 1622 574 generationem
1668 503 1943 563 carnalem
1991 505 2247 579 producit

225 587 384 650 filios
405 588 464 644 in
489 591 820 649 vetustatem
843 589 978 646 Adae
1005 605 1130 646 cum
1155 597 1380 662 peccato
1409 589 1680 663 originali.

308 677 382 733 Et
411 692 510 750 per
535 675 638 733 hoc
666 681 818 748 patet
835 677 1116 750 responsio
1143 677 1213 734 ad
1240 678 1476 750 objecta.

904 854 1358 916 ARTIGULUS
1411 855 1583 940 XVL

252 985 480 1050 Utrum
516 985 583 1048 in
606 989 843 1065 peccato
872 984 1106 1049 actuali
1125 985 1307 1065 prius
1332 986 1418 1049 sit
1445 986 1672 1051 aversio
1701 1005 1882 1070 quam
1922 989 2239 1053 conversio.

315 1118 400 1176 Ad
426 1117 728 1174 secundum
755 1117 836 1174 sic
865 1118 1196 1191 proceditur.
1225 1119 1455 1178 Videtur
1482 1120 1629 1194 quod
1672 1122 1726 1179 in
1766 1127 1995 1194 peccato
2041 1122 2243 1191 actuali

239 1207 396 1279 prius
417 1205 491 1262 sit
519 1207 731 1264 aversio
755 1222 921 1280 quam
936 1207 1486 1266 conversio-Aversio
1508 1208 1654 1264 enim
1679 1209 1939 1281 importat
1967 1225 2245 1269 recessum

229 1297 274 1350 'a
303 1295 555 1362 termino,
581 1295 862 1353 conversio
897 1302 1084 1352 autem
1110 1310 1390 1356 accessum
1432 1294 1501 1356 ad
1545 1296 1857 1353 terminum.
1882 1298 1989 1354 Sed
2015 1299 2071 1354 in
2090 1306 2241 1356 motu

241 1383 514 1455 corporali
551 1383 702 1455 prius
737 1391 822 1440 est
865 1399 1113 1440 recessus
1143 1401 1176 1442 a
1203 1385 1435 1442 termino
1463 1401 1629 1458 quam
1662 1400 1914 1444 accessus
1942 1386 2011 1442 ad
2050 1389 2243 1444 termi-

244 1487 392 1526 num.
416 1472 558 1543 Ergo
583 1477 638 1526 et
663 1471 720 1526 in
741 1471 1014 1544 spirituali
1040 1479 1190 1530 motu
1217 1473 1366 1544 prius
1393 1479 1479 1528 est
1505 1473 1718 1530 aversio
1738 1489 1905 1546 quam
1934 1476 2239 1531 conversio.

311 1560 418 1616 Sed
453 1567 645 1616 contra
687 1566 771 1615 est
810 1560 957 1633 quod
995 1559 1287 1632 Dionysius
1333 1559 1487 1626 dicit,
1522 1557 1581 1617 iv
1619 1576 1744 1633 cap.
1774 1561 1843 1618 de
1884 1561 1997 1618 div.
2027 1563 2189 1618 Nom.
2224 1581 2239 1620 ε

241 1647 406 1706 Nemo
433 1648 706 1712 intendens
728 1648 798 1704 ad
819 1649 1036 1714 malum,
1052 1655 1330 1721 operatur
1351 1648 1441 1704 sed
1464 1649 1741 1708 intendens
1762 1649 1835 1708 ud
1862 1649 2071 1706 ὸοηιιιη.
2096 1651 2241 1723 Ergo

243 1739 394 1810 prius
416 1737 632 1795 animus
659 1737 932 1809 peccantis
955 1737 1292 1794 convertitur
1307 1753 1406 1810 per
1432 1739 1737 1810 appetitum
1764 1738 1834 1796 ad
1858 1738 2064 1798 bonum
2082 1754 2244 1799 com·

244 1823 508 1881 mutabile
537 1840 701 1896 quam
725 1830 1010 1881 avertatur
1039 1839 1072 1884 a
1095 1825 1230 1880 Deo.

309 1913 634 1984 Respondeo
673 1912 983 1979 dicendum,
1013 1913 1158 1985 quod
1203 1922 1491 1986 peccatum
1527 1914 1901 1988 principaliter
1943 1915 2001 1972 in
2041 1914 2246 1976 vol,un-.

245 2007 356 2058 tate
385 2001 736 2067 consistit,ut
754 2001 1092 2072 Augustinus
1114 2000 1268 2058 dicit.
1288 2001 1565 2072 Quantum
1594 2007 1781 2061 autem
1799 2003 1866 2060 ad
1899 2003 2242 2062 voluntatem

242 2091 374 2148 illud
399 2098 487 2146 est
517 2089 668 2163 prius
691 2091 836 2161 quod
864 2088 1234 2162 principaliter
1255 2090 1557 2148 intenditur
1584 2097 1641 2145 et
1680 2090 1801 2145 ideo
1830 2091 1883 2146 in
1910 2090 2151 2162 peccatis
2185 2092 2248 2154 in
2301 2101 2305 2105 ·

242 2178 444 2252 quibus
470 2177 844 2251 principaliter
889 2177 1190 2235 intenditur
1234 2177 1423 2238 fruitio
1465 2177 1593 2234 boni
1631 2177 2052 2245 commutabiliS‚
2100 2179 2243 2240 sicut

242 2269 292 2324 in
321 2268 562 2333 luxuria,
595 2267 847 2333 avaritia,
879 2274 934 2322 et
967 2265 1254 2332 similibus,
1283 2266 1439 2338 prius
1468 2273 1575 2344 est¹
1600 2265 1923 2326 naturaliter
1954 2268 2241 2322 conversio

241 2373 412 2430 quam
453 2355 685 2422 aversio,
710 2370 834 2428 quae
876 2371 980 2412 non
1023 2362 1109 2412 est
1146 2354 1517 2427 principaliter
1545 2353 1774 2420 intenta,
1808 2354 1902 2409 sed
1930 2354 2245 2426 praeter'in-

240 2445 544 2502 tentionem
593 2443 942 2516 consequitur
988 2459 1056 2500 ex
1109 2443 1421 2500 inordinata
1470 2441 1844 2500 conversione.
1897 2442 1957 2497 ln
2001 2443 2243 2515 peccatis

239 2541 427 2590 autem
456 2536 510 2590 in
539 2533 738 2608 quibus
759 2533 966 2589 directe
999 2532 1300 2589 intenditur
1341 2530 1557 2588 aversio
1598 2547 1631 2588 a
1670 2531 1804 2598 Deo,
1828 2530 1969 2585 sicut
1998 2536 2083 2586 est
2115 2530 2243 2587 infi-

239 2623 458 2688 delitaS,
486 2621 816 2694 desperatio,
839 2627 894 2677 et
918 2620 1026 2680 alia
1054 2619 1382 2693 hujusmodi,
1412 2619 1563 2692 prius
1588 2627 1673 2676 est
1696 2619 1909 2676 aversio
1936 2617 2005 2674 ab
2030 2618 2263 2677 incom-.

239 2710 492 2769 mutabili
521 2711 682 2778 bono,
711 2716 766 2770 et
790 2718 978 2783 postea
1015 2717 1101 2766 est
1136 2707 1421 2769 conversio
1465 2707 1535 2766 ad
1576 2706 1961 2772 commutabile
2001 2707 2238 2764 bonum·
2224 2749 2244 2777 ,

239 2800 383 2856 sicut
413 2785 566 2873 patet
594 2799 648 2855 in
677 2798 784 2853 iltis
807 2797 901 2872 qui
929 2797 1282 2872 desperantes
1311 2813 1372 2854 se
1401 2797 1549 2872 ipsos
1586 2779 1813 2855 tradunt
1859 2796 2237 2870 impudicitiae,

238 2895 300 2945 ut
322 2889 528 2946 dicitur
549 2887 620 2945 ad
645 2887 956 2961 Ephes.1v.

788 3073 794 3078 ’
892 3065 1344 3126 ARTICULUS
1385 3064 1586 3126 XVII.

340 3200 558 3266 Utrum
585 3199 784 3278 majm
811 3202 1117 3278 peccatum
1143 3199 1228 3260 sit
1254 3214 1388 3260 cum
1417 3195 1645 3276 aliquis
1670 3195 1959 3259 mentitur
1984 3197 2146 3278 sacto

677 3306 858 3370 quum
885 3305 1018 3350 cum
1041 3287 1268 3368 aliquis
1293 3285 1585 3348 mentitur
1612 3283 1801 3347 verbo.

310 3423 396 3483 Ad
425 3422 660 3496 primum
683 3437 814 3494 ergo
838 3420 1146 3486 dicendum,
1178 3420 1322 3492 quod
1358 3417 1610 3490 quamvis
1634 3416 1689 3475 in
1719 3417 1955 3474 motibus
1983 3414 2243 3490 operabi-

239 3510 382 3567 libus
406 3526 653 3568 recessus
677 3526 710 3567 a
730 3510 963 3568 termino
1013 3509 1160 3580 prior
1195 3508 1269 3564 sit
1314 3507 1370 3564 in
1404 3508 1741 3574 executione,
1772 3520 2023 3562 accessus
2057 3512 2241 3566 tamen

239 3600 308 3664 ad
336 3599 627 3668 terminum
655 3599 804 3673 prior
823 3603 908 3655 est
933 3598 988 3656 in
1016 3597 1336 3664 intentione,
1367 3595 1427 3652 in
1451 3611 1561 3669 qua
1585 3593 1956 3667 principaliter
1985 3590 2236 3648 consistit

237 3695 546 3768 peceatum.

307 3778 392 3834 Ad
423 3777 648 3836 tertium
694 3776 774 3832 sic
806 3775 1140 3850 proceditur.
1167 3775 1394 3832 Videtur
1430 3771 1574 3846 quod
1614 3771 1791 3842 majus
1834 3772 2117 3839 peccatum
2162 3766 2235 3824 sit

207 3859 363 3927 'cum
406 3865 608 3940 aliquis
644 3865 906 3922 mentitur
947 3864 1092 3921 facto
1134 3879 1298 3937 quam
1333 3875 1461 3919 cum
1500 3859 1699 3930 aliquis
1740 3856 1999 3930 mentitur
2046 3854 2231 3913 verbo.
2278 3920 2281 3923 ¹

237 3954 412 4028 Maius
435 3956 590 4033 ‘enim
617 3963 918 4030 peccatum.
941 3969 1059 4012 esse
1097 3953 1312 4020 videtur
1333 3963 1480 4025 =cum
1520 3946 1728 4021 aliquis
1758 3928 2067 4004 mentiendo
2100 3943 2244 4002 abu-2
