2800 4492
508 316 627 376 248
985 331 1038 376 s.
1082 329 1315 374 ⁹1·quAE
1357 328 1683 381 munaus
1725 329 2032 374 opuscum

575 448 680 506 Sed
729 452 922 505 contra
968 452 1053 502 est
1088 446 1236 519 quod
1281 444 1623 518 poenitentiae
1664 451 1792 500 sunt
1839 444 2167 502 arbitrariae.
2221 445 2369 518 Ergo
2420 461 2521 519 pro

512 545 741 610 peccato
769 535 894 593 talis
930 534 1259 600 omissionis,
1287 549 1649 607 quaecumque
1674 549 1834 606 poena
1878 534 2179 592 secundum
2226 533 2519 590 arbitrium

513 625 815 683 sacerdotis
841 632 1023 697 potest
1053 622 1280 694 imponi.

577 713 898 784 Respondeo
927 710 1239 778 dicendum,
1264 709 1409 782 quod
1436 710 1493 764 in
1521 708 1668 766 omni
1693 709 1881 768 divino
1910 711 2091 768 officio
2120 718 2207 768 est
2234 712 2342 769 hoc
2365 727 2519 768 com-

507 819 691 868 mune,
721 800 868 874 quod
898 799 1135 874 pertinet
1158 800 1228 856 ad
1270 798 1489 857 laudem
1532 798 1633 854 Dei
1681 806 1735 854 et
1777 799 1846 855 ad
1877 801 2195 872 suffragium
2242 800 2513 867 fidelium3

505 891 602 948 sed
645 889 1002 962 distinguitur
1048 897 1214 944 unum
1242 887 1479 944 officium
1524 887 1595 943 ab
1648 887 1755 944 aiio
1796 884 2101 945 secundum
2137 890 2515 946 diversitatem

511 986 816 1052 temporum
843 987 898 1034 et
936 979 1200 1036 locorum.
1230 975 1653 1033 Rationabiiiter
1682 976 1827 1032 enim
1866 976 2183 1034 institutum
2223 987 2308 1035 est
2348 979 2517 1033 utdi-

505 1069 815 1126 ver-simodo
855 1068 1002 1124 Deus
1043 1064 1294 1122 laudetur
1330 1064 1631 1119 secundum
1670 1066 2084 1136 congruentiam
2121 1073 2432 1139 temporum
2464 1073 2517 1122 et

507 1158 752 1214 iocorum
778 1172 792 1210 ε
824 1161 881 1211 et
906 1155 1049 1222 ideo,
1087 1155 1230 1210 sicut
1265 1153 1318 1207 in
1347 1147 1541 1208 officiis
1565 1152 1766 1208 divinis
1808 1154 2155 1210 exsolvendis
2178 1155 2515 1211 observanda

507 1252 594 1302 est
620 1245 936 1317 congruitas
974 1244 1099 1307 loci,
1145 1244 1221 1298 ita
1259 1241 1427 1297 etiam
1464 1241 1783 1310 congruitas
1802 1244 2105 1314 .temporis;
2134 1260 2259 1315 quae
2296 1244 2516 1315 quidem

472 1358 478 1364 ·
508 1333 785 1392 observari
813 1349 920 1390 non
950 1338 1151 1405 posset,
1179 1331 1225 1387 si
1261 1336 1537 1402 oporteret
1566 1328 1850 1400 injungere
1880 1332 2157 1386 omittenti
2185 1333 2331 1405 quod
2360 1333 2519 1388 horas

508 1423 718 1480 diceret
746 1437 885 1496 quas
907 1421 1092 1477 omisit
1113 1437 1127 1488 ς
1151 1419 1292 1475 forte
1317 1419 1464 1472 enim
1490 1417 1541 1472 in
1566 1417 1936 1488 Completorio
1966 1420 2177 1476 diceret
2205 1437 2217 1475 :
2243 1421 2367 1477 Iam
2392 1421 2519 1477 lucis

506 1519 626 1570 orto
667 1511 860 1578 sidere,
899 1519 956 1566 et
1003 1510 1058 1564 in
1105 1517 1349 1580 tempore
1392 1505 1635 1578 paschali
1682 1507 1892 1563 diceret
1936 1508 2171 1564 officium
2226 1511 2519 1565 dominicae

510 1598 818 1665 Passionis3
847 1596 994 1669 quod
1025 1601 1171 1651 esset
1197 1593 1515 1650 absurdum.
1547 1593 1614 1647 Et
1640 1592 1764 1648 ideo
1801 1608 1905 1649 non
1942 1594 2160 1656 videtur
2190 1611 2309 1651 esse
2334 1597 2521 1668 injun-

508 1686 745 1756 gendum
770 1686 818 1739 ei
842 1685 934 1757 qui
959 1683 1148 1739 omisit
1170 1682 1354 1737 dicere
1386 1681 1633 1736 divinum
1663 1680 1918 1747 officium,
1938 1685 2084 1755 quod
2106 1683 2269 1740 horas
2297 1686 2518 1740 easdem

511 1781 744 1846 repetat,
777 1772 874 1828 sed
901 1771 1107 1844 aliquid
1137 1771 1204 1827 ad
1232 1769 1473 1824 divinam
1508 1768 1726 1824 laudem
1762 1770 2045 1842 pertinens
2078 1789 2089 1824 ε
2124 1779 2255 1844 puta
2283 1782 2344 1829 ut
2370 1775 2519 1830 dicat

508 1868 720 1933 septem
749 1859 1004 1931 psalmos,
1051 1857 1136 1913 vel
1167 1873 1332 1914 unum
1369 1857 1711 1930 psalterium,
1749 1857 1834 1914 vel
1872 1858 2080 1932 aliquid
2130 1861 2387 1934 ampliuS,
2428 1879 2550 1920 se·-

511 1949 749 2004 cundum
776 1948 1142 2020 quantitatem
1169 1945 1378 2002 delicti.

581 2037 664 2094 Ad
695 2037 828 2093 iliud
867 2051 994 2092 vero
1031 2035 1176 2107 quod
1224 2035 1278 2089 in
1320 2035 1657 2091 contrarium
1698 2034 1976 2107 objicitur,
2010 2037 2325 2106 dicendum,
2372 2040 2518 2113 quod

511 2133 756 2198 tempore
770 2124 956 2181 debito
979 2124 1140 2182 officii
1172 2131 1556 2196 praetereunte,
1572 2125 1687 2196 jam
1711 2131 1796 2180 est
1816 2124 2088 2196 impotens
2109 2127 2177 2182 ad
2198 2127 2517 2184 solvendum

510 2215 788 2282 debitum;
819 2220 874 2270 et
905 2213 1046 2282 ideo,
1089 2213 1221 2287 quia
1267 2212 1369 2269 hoc
1396 2218 1579 2286 potest
1617 2211 1815 2280 facere,
1843 2211 2173 2285 injungenda
2210 2222 2295 2272 est
2332 2218 2384 2272 ei
2414 2217 2519 2274 alia

512 2303 856 2376 poenitentia.

1204 2492 1600 2574 QUAESTIO
1648 2493 1831 2562 XIV.

580 2656 789 2712 Deinde
817 2653 1112 2727 quaesitum
1135 2659 1220 2708 est
1243 2652 1314 2708 de
1341 2658 1595 2708 creatura
1633 2667 1769 2724 pure
1808 2654 2075 2725 corporali
2101 2671 2116 2725 ;
2148 2661 2204 2710 et
2242 2657 2389 2714 circa
2422 2659 2520 2716 hoc

513 2745 744 2816 quaesita
775 2749 900 2798 sunt
929 2743 1069 2810 duo;
1102 2743 1163 2796 ⁴⁰
1202 2740 1270 2796 de
1302 2756 1434 2796 arcu
1464 2741 1688 2796 nubium
1724 2741 1819 2813 qui
1848 2742 2053 2798 dicitur
2089 2745 2205 2810 iris,
2234 2751 2419 2802 utrum
2450 2749 2521 2802 sit

512 2834 728 2902 signum
755 2831 945 2885 diluvii
976 2846 1080 2886 non
1107 2828 1311 2897 futuri3
1339 2834 1400 2885 2⁰
1432 2835 1612 2885 utrum
1636 2831 1811 2903 possit
1837 2830 2271 2888 demonstrative
2301 2835 2516 2906 probari

511 2920 658 2993 quod
687 2918 922 2975 mundus
950 2933 1060 2974 non
1087 2918 1158 2973 sit
1186 2927 1452 2975 aeternuS.

1169 3095 1622 3158 ARTIGULUS
1663 3095 1865 3155 XXX.

654 3233 870 3296 Utrum
894 3247 1073 3292 arcus
1101 3230 1353 3292 ooelestis
1379 3229 1465 3292 sit
1491 3228 1734 3308 azynum
1760 3245 1879 3288 non
1902 3229 2113 3306 futuri
2140 3230 2390 3294 diluvii.

583 3365 740 3422 Circa
770 3363 1004 3434 primum
1051 3362 1130 3417 sic
1159 3363 1496 3434 proceditur.
1536 3364 1590 3416 4.
1634 3361 1863 3417 Videtur
1891 3361 2037 3433 quod
2082 3378 2245 3418 arcus
2295 3365 2521 3420 nubium

515 3469 620 3510 non
647 3453 720 3510 sit
747 3452 963 3521 signum
987 3448 1175 3506 diluvii
1207 3465 1315 3505 non
1351 3448 1540 3505 futuri.
1574 3449 1710 3505 lnud
1742 3448 1884 3504 enim
1910 3450 2055 3521 quod
2092 3450 2154 3504 fit
2182 3466 2250 3506 ex
2277 3455 2524 3508 necessi-

515 3550 630 3598 tate
671 3545 901 3606 naturae,
931 3552 1034 3592 non
1066 3537 1280 3592 videtur
1308 3553 1429 3592 esse
1454 3538 1768 3592 institutum
1796 3537 1865 3592 ad
1904 3537 2051 3591 aliud
2078 3537 2519 3608 significandum.

514 3629 618 3685 Sed
643 3643 804 3684 arcus
832 3626 1056 3682 nubium
1088 3625 1336 3698 provenit
1361 3641 1429 3679 ex
1454 3626 1783 3681 necessitate
1808 3630 2021 3680 naturae
2049 3633 2276 3698 propter
2299 3631 2525 3700 opposi-

515 3718 721 3773 tionem
745 3715 878 3772 solis
905 3715 972 3770 ad
1013 3713 1210 3770 nubem
1241 3712 1500 3769 roi-idam.
1530 3713 1671 3784 Ergo
1710 3727 1815 3767 non
1846 3709 2063 3767 videtur
2090 3728 2211 3768 esse
2239 3713 2527 3786 significa-

519 3806 692 3860 tivum
717 3804 909 3861 diluvii
935 3819 1043 3860 non
1069 3803 1257 3858 futuri.

585 3896 639 3949 2.
670 3893 961 3960 Praeterea,
1006 3889 1316 3962 hujusmodi
1363 3889 1736 3962 apparitiones
1769 3885 1929 3953 serie,
1970 3885 2113 3941 sicut
2141 3885 2239 3944 iris
2281 3897 2339 3945 et
2376 3891 2522 3963 halo,
