2800 4492
461 314 583 377 250
939 331 993 378 s.
1035 329 1274 376 ‘rnomAE
1313 327 1643 380 Aommns
1682 323 1995 372 cruscum

464 447 982 520 perabundantibuS.
1015 447 1084 504 Et
1125 447 1248 503 ideo
1285 445 1382 502 iris
1428 451 1513 502 est
1550 446 1768 516 signnm
1813 443 2003 501 diluvii
2049 457 2161 499 non
2196 440 2389 510 futuri,
2422 441 2483 496 in

465 543 732 610 quantum
757 536 1007 610 procedit
1035 553 1104 592 ex
1121 536 1216 593 tali
1233 542 1413 592 ‘causa
1443 549 1569 607 quae
1591 538 1861 607 repugnat
1886 531 2113 588 diluvio.
2130 530 2259 587 ldeo
2288 533 2483 587 autem

465 627 746 698 Scriptura
769 625 869 702 ‘tali
913 625 1074 683 modo
1104 625 1361 699 loquendi
1391 624 1582 690 utitur,
1616 624 1747 696 quia
1776 638 1873 695 per
1901 620 2095 677 iridem
2134 619 2484 691 significatur

466 715 734 782 Christus,
754 731 849 787 per
873 729 1038 787 quam
1065 714 1402 787 protegimur
1427 729 1460 768 a
1487 709 1760 784 spirituali
1789 709 2019 768 diluvi0.

536 803 620 859 Ad
652 803 883 875 primum
916 819 1046 874 ergo
1069 802 1386 878 dicendum,
1417 800 1564 874 quod
1603 800 1701 856 iris
1740 798 1993 873 procedit
2039 795 2365 853 naturaliter
2411 811 2483 850 ex

469 890 670 948 talibus
713 891 896 948 causis
923 907 1048 963 quae
1091 896 1396 963 repugnant
1438 889 1671 958 diluvi03
1696 895 1751 944 et
1788 889 1913 945 ideo
1949 885 2339 944 convenienter
2382 884 2483 941 iris

469 981 670 1038 dicitur
699 995 818 1036 esse
845 979 1062 1052 signum
1090 980 1283 1037 diluvii
1308 994 1417 1035 non
1446 979 1637 1034 futuri.

539 1069 624 1126 Ad
647 1068 947 1126 secundum
987 1068 1299 1137 dicendum,
1327 1068 1475 1141 quod
1516 1067 1614 1122 iris
1659 1071 1837 1138 potest
1885 1052 2197 1137 significare
2240 1063 2479 1137 pluviae,

470 1158 567 1214 sed
597 1173 705 1214 non
732 1156 1240 1228 superabundanter
1268 1171 1443 1228 usque
1468 1155 1536 1212 ad
1560 1154 1663 1211 hoc
1686 1153 1834 1227 quod
1862 1153 2069 1211 faciant
2092 1153 2382 1210 diluvium.

541 1247 625 1303 Ad
653 1246 872 1302 tertium
898 1245 1208 1311 dicendum,
1238 1244 1383 1317 quod
1412 1243 1511 1299 iris
1534 1242 1702 1299 semel
1724 1257 1993 1316 apparens
2029 1241 2305 1312 significat
2332 1240 2483 1313 quod

472 1334 682 1392 tamdiu
738 1349 844 1389 non
887 1334 990 1390 erit
1030 1333 1315 1398 diluvium,
1351 1331 1629 1405 -quamdiu
1668 1331 1748 1387 sol
1796 1338 1853 1387 et
1894 1345 2128 1402 vapores
2175 1329 2257 1384 in·
2288 1328 2485 1385 eadem

473 1422 829 1500 dispositione
864 1421 1172 1478 consistunt
1206 1439 1220 1477 :
1253 1426 1310 1477 et
1339 1420 1465 1478 ideo
1510 1434 1617 1477 non
1662 1427 1747 1476 est
1788 1418 2126 1492 superfluum
2170 1417 2319 1490 quod
2366 1416 2487 1474 fre—

474 1520 704 1585 quenter
733 1518 982 1584 apparet.
2386 1505 2401 1518 ’

1108 1687 1566 1751 ARTIGULUS
1606 1687 1841 1751 XXXI.

491 1821 708 1888 Uerum
747 1821 1036 1884 mundum
1073 1805 1197 1884 'ozon
1235 1838 1354 1884 esse
1391 1827 1699 1896 oeternum,
1724 1821 1922 1900 possit
1949 1812 2372 1883 demonstrari.
2406 1852 2487 1866 —-

557 1914 614 1990 (1
655 1916 857 1989 part„
901 1914 1111 1990 quoest.
1145 1911 1244 1984 36,
1291 1915 1412 1972 art.
1449 1912 1508 1985 1,
1557 1912 1619 1984 2,
1665 1928 1827 1990 corp.
1860 1915 1917 1973 et
1950 1911 2030 1972 ad
2056 1911 2131 1984 83
2172 1915 2230 1972 et
2273 1914 2487 1972 contra

485 2017 490 2020 ·
562 1997 736 2064 Gom.
771 1999 834 2075 2,
859 2016 898 2061 a
923 2015 1054 2078 cap.
1081 1999 1182 2074 31,
1214 2016 1402 2080 usque
1430 2000 1511 2062 ad
1536 2001 1647 2075 39;
1678 2005 1734 2062 et
1758 2016 1957 2079 opusc.
1989 2000 2047 2075 2,
2073 1998 2160 2070 7).

547 2132 630 2187 Ad
663 2131 962 2202 secundum
1008 2133 1090 2188 sic
1129 2133 1465 2204 proceditur.
1495 2135 1549 2189 4.
1592 2133 1821 2189 Videtur
1863 2132 2007 2206 quod
2056 2130 2486 2188 demonstrative

477 2221 691 2294 probari
714 2222 904 2293 possit,
933 2222 1197 2278 mundum
1225 2237 1332 2278 non
1361 2237 1483 2278 esse
1506 2230 1793 2278 aeternum.
1822 2222 1877 2276 Si
1907 2221 2051 2277 enim
2076 2221 2313 2276 mundus
2342 2228 2487 2276 esset

473 2319 729 2376 aeternus,
754 2324 861 2364 non
887 2317 1074 2382 posset
1099 2310 1404 2382 computari
1435 2326 1692 2365 numerus
1716 2323 1980 2364 annorum
2002 2308 2072 2364 ab
2097 2309 2253 2362 initio
2273 2307 2483 2362 mundi.

474 2399 576 2453 Hic
601 2405 784 2453 autem
815 2413 1071 2454 numerus
1102 2398 1431 2456 adscribitur
1458 2397 1699 2470 paschali
1724 2411 1903 2452 cereo·
1935 2397 2026 2453 Sic
2058 2412 2187 2467 ergo
2216 2411 2325 2452 non
2354 2412 2485 2469 pos-

474 2493 558 2544 set
585 2485 856 2559 paschalis
884 2501 1076 2543 cereus
1107 2487 1156 2540 in
1183 2487 1431 2543 Ecclesia
1460 2485 1729 2542 benedici.
1834 2509 1847 2519 ·

546 2581 598 2632 2.
643 2578 934 2642 Praeterea,
981 2581 1191 2646 epactae
1246 2581 1634 2646 computantur
1694 2575 1993 2630 secundum
2056 2574 2484 2630 excrescentium

476 2679 742 2734 annorum
780 2663 1051 2718 lunarium
1093 2677 1256 2733 super
1297 2677 1472 2717 annos
1517 2662 1742 2719 solareS.
1778 2663 1883 2720 Sed
1933 2663 2058 2719 talis
2108 2665 2483 2718 excrescentia

475 2751 780 2822 computari
825 2766 929 2805 non
968 2756 1170 2822 posset,
1198 2750 1243 2805 si
1283 2749 1517 2805 mundus
1558 2759 1701 2807 esset
1737 2757 1998 2808 aeternus,
2049 2751 2192 2823 Ergo
2250 2751 2485 2806 mundus

477 2855 584 2896 non
613 2845 696 2894 est
721 2846 995 2908 aeternus;
1026 2853 1155 2910 ergo
1193 2837 1559 2896 demonstrari
1598 2847 1777 2912 potest
1812 2841 1959 2914 quod
2002 2841 2237 2897 mundus
2275 2855 2380 2896 non
2411 2841 2486 2896 sit

478 2935 734 2984 aetcrnuS.

544 3016 649 3071 Sed
699 3021 906 3084 contra,
935 3016 989 3070 id
1036 3016 1180 3089 quod
1221 3022 1305 3072 est
1353 3016 1499 3082 fidei,
1530 3017 1889 3074 demonstrari
1938 3033 2045 3073 non
2097 3024 2295 3089 potest,
2352 3017 2483 3089 quia

477 3105 613 3160 fides
644 3111 728 3160 cst
765 3121 872 3161 non
913 3105 1309 3178 apparentium,
1333 3111 1396 3160 ut
1443 3106 1645 3162 dicitur
1689 3106 1759 3162 ad
1788 3106 1923 3162 Heb.
1956 3123 2041 3162 xi.
2068 3107 2175 3162 Sed
2216 3107 2482 3161 mundum

476 3209 546 3248 ex
566 3194 800 3264 quodam
833 3193 1096 3264 principio
1127 3194 1390 3265 temporis
1429 3209 1547 3249 esse
1585 3203 1850 3261 creatum,
1884 3200 1967 3250 est
2008 3194 2133 3250 fidei
2182 3195 2481 3264 articulus;

475 3282 617 3336 unde
646 3289 701 3335 et
734 3281 1046 3352 prophetice
1077 3298 1106 3336 a
1137 3283 1320 3355 Moyse
1349 3281 1667 3362 dictumest
1688 3301 1699 3337 :
1720 3283 1788 3338 In
1811 3283 2085 3355 principio
2111 3282 2315 3338 creavit
2340 3283 2483 3338 Deus

475 3369 658 3424 coelum
685 3375 736 3424 et
760 3375 984 3433 terram,
1014 3379 1073 3426 ut
1099 3369 1398 3442 Gregorius
1426 3370 1562 3427 dicit
1590 3372 1646 3426 in
1672 3387 1692 3427 1
1721 3372 1878 3426 Hom.
1906 3371 2102 3427 Ezech.
2131 3370 2273 3441 Ergo
2316 3386 2483 3426 mun-

473 3456 604 3512 dum
632 3473 739 3511 non
771 3471 890 3512 esse
919 3464 1202 3525 aeternum,
1231 3473 1338 3514 non
1369 3466 1551 3530 potest
1575 3459 2005 3516 demonstrative
2036 3459 2275 3532 probari.

544 3545 867 3619 Respondeo
892 3546 1202 3613 dicendum,
1236 3547 1382 3619 quod
1422 3563 1487 3603 ea
1529 3564 1654 3621 quae
1689 3548 1924 3620 simplici
1972 3548 2241 3605 voluntati
2280 3549 2485 3606 divinae

475 3635 725 3702 subsunt,
755 3634 1186 3690 demonstrative
1211 3635 1428 3707 probari
1458 3651 1561 3691 non
1591 3643 1835 3709 possunt,
1870 3638 2017 3710 quia,
2049 3644 2107 3693 ut
2131 3637 2335 3693 dicitur
2360 3638 2383 3692 1
2411 3637 2483 3694 ad

476 3725 719 3780 Corinth.
753 3735 819 3792 ιι,
854 3725 940 3791 Μ,
975 3739 1088 3795 quae
1113 3730 1236 3779 sunt
1261 3724 1381 3789 Dei,
1400 3740 1549 3780 nemo
1576 3726 1721 3781 novit
1750 3725 1861 3781 nisi
1885 3725 2115 3797 spiritus
2138 3725 2282 3781 Dei..
2311 3725 2485 3782 Crea-

479 3813 556 3866 tio
581 3820 764 3870 autem
791 3813 978 3870 mundi
1009 3828 1114 3870 non
1141 3813 1411 3886 dependet
1440 3829 1508 3869 ex
1536 3814 1644 3872 alia
1673 3830 1839 3871 causa
1876 3816 1981 3870 nisi
2017 3831 2082 3870 ex
2117 3813 2232 3870 sola
2260 3814 2358 3872 Dei
2387 3829 2485 3871 vo-

482 3899 719 3973 luntat03
745 3904 887 3960 unde
909 3918 974 3959 ea
1003 3917 1127 3976 quae
1152 3903 1220 3959 ad
1251 3890 1577 3974 principium
1596 3904 1782 3962 mundi
1809 3903 2101 3977 pertinent,
2132 3904 2483 3962 demonstra-
