2800 4492
513 288 629 352 192
987 297 1038 341 s.
1084 291 1317 338 1·quAE
1357 286 1685 341 nomimis
1726 284 2038 330 croscum

513 422 596 480 nis
622 421 677 474 in
709 421 976 490 quantum
1009 415 1094 468 est
1128 405 1475 472 medicativa,
1507 401 1638 477 quia
1668 401 1847 459 adhuc
1884 404 2169 458 remanent
2212 399 2562 472 pronitates

453 503 463 514 ’
513 509 582 566 ad
608 503 946 580 peccandum
973 491 1252 556 derelictae
1279 493 1345 552 ex
1373 494 1541 568 priori
1574 499 1823 566 peccam,
1854 489 1924 547 ad
1952 505 2092 564 quas
2118 489 2400 546 sanandas
2430 504 2562 544 ne-

513 596 786 654 cessarius
821 600 906 649 est
940 588 1093 647 labor
1129 583 1541 663 satisfactionis..
1568 583 1638 637 Et
1666 579 1797 636 ideo
1817 579 2234 651 crucesignatiS‚
2266 579 2403 634 dum
2442 577 2559 633 vi-

515 692 670 756 vunt,
701 679 1094 741 consulendum
1117 681 1203 732 est
1239 680 1301 730 ut
1329 689 1437 729 non
1464 669 1887 744 praetermittant
1914 666 2309 725 satisfactionis
2334 681 2557 738 opera,

515 777 571 837 in
617 778 882 849 quantum
923 775 1052 826 sunt
1097 762 1493 839 praeservativa
1540 775 1575 816 a
1614 757 1856 829 peccatis
1896 757 2115 826 sutum,
2162 756 2291 812 licet
2336 762 2562 816 reatus

516 880 694 940 poenae
721 863 794 917 sit
833 857 1078 916 totaliter
1104 853 1335 910 solutus,
1371 851 1487 908 Nec
1518 848 1588 904 ad
1617 847 1720 902 hoc
1755 844 2055 918 requiritur
2098 844 2300 918 aliquis
2339 843 2559 913 labor;

517 954 646 1029 quia
676 950 877 1012 sufficit
915 946 1067 1003 labor
1109 940 1379 1017 passionis
1409 937 1631 996 Christi.
1670 935 2029 1016 Morientibus
2068 943 2255 990 autem
2299 949 2408 990 non
2452 941 2561 990 est

518 1041 825 1106 necessaria
869 1032 1182 1110 hujusmodi
1222 1028 1595 1106 praeservatio,
1636 1025 1734 1083 sed
1780 1023 1955 1084 solum
1995 1023 2249 1082 liberatio
2290 1039 2321 1080 a
2370 1030 2559 1084 reatu

521 1139 742 1206 poenae.·

590 1220 674 1277 Ad
723 1221 982 1293 quartum
1042 1209 1352 1276 dicendum,
1408 1205 1554 1280 quod
1608 1203 1838 1262 verbum
1900 1202 2203 1260 sacerdotis
2272 1202 2556 1270 dicentis,

523 1309 746 1369 Absolve
779 1313 828 1362 te
867 1303 933 1360 ab
960 1301 1198 1358 omnibus
1231 1296 1461 1371 peccatis
1498 1294 1629 1360 tuis,
1659 1309 1767 1350 non
1796 1291 2031 1349 refertur
2064 1295 2133 1348 ad
2163 1307 2405 1364 poenam,
2440 1291 2559 1348 sed

472 1411 477 1417 ·
525 1399 594 1456 ad
624 1396 860 1469 culpam,
893 1394 1050 1464 cujus
1089 1385 1420 1446 absolutioni
1467 1381 1829 1440 ministerium
1858 1379 2146 1453 impendit.
2181 1381 2300 1438 Non
2352 1387 2563 1452 potest

431 1535 436 1539 .
522 1495 710 1546 autem
734 1483 932 1556 aliquis
959 1479 1169 1538 absolvi
1196 1477 1266 1534 ab
1293 1491 1402 1531 una
1444 1472 1623 1545 culpa,
1651 1471 1781 1544 quin
1810 1469 2127 1527 absolvatur
2154 1469 2224 1525 ab
2252 1469 2553 1526 omnibus.

524 1579 692 1634 Poena
731 1589 859 1630 vero
888 1575 1069 1643 potest
1112 1565 1356 1624 totaliter
1383 1562 1609 1629 dimitti,
1645 1559 1729 1617 vel
1764 1559 2193 1632 particulariter.
2228 1559 2561 1615 Particula-

523 1667 660 1721 riter
701 1661 926 1734 quidem
958 1659 1014 1713 in
1047 1654 1390 1713 absolutione
1420 1649 1804 1708 sacramentali
1834 1663 1995 1722 poena
2019 1649 2352 1717 dimittitur;
2384 1654 2559 1705 tota-

464 1761 468 1765 ’
530 1755 651 1809 liter
685 1766 814 1806 vero
853 1749 910 1804 in
950 1743 1220 1819 spirituali
1249 1738 1825 1814 gratia-indulgentiae
1862 1755 1874 1792 :
1906 1738 2049 1793 sicut
2075 1738 2241 1792 etiam
2270 1738 2561 1793 Dominus

529 1841 665 1896 dicit
689 1839 845 1894 ioan.
877 1851 1003 1903 vm,
1029 1835 1119 1902 Η,
1151 1831 1362 1888 mulieri
1401 1828 1665 1887 adulterae
1698 1845 1711 1884 ε
1739 1827 1865 1888 Non
1894 1833 1943 1884 te
1970 1825 2316 1882 condemnabo
2332 1843 2352 1895 ‚·
2383 1827 2554 1892 vade,

529 1936 580 1986 et
606 1925 832 2000 amplius
858 1922 970 1981 noli
991 1936 1229 1996 peccare.
