2800 4492
669 317 759 370 21.
789 339 870 354 —
895 325 962 369 m
1001 319 1271 372 Boanum
1311 321 1392 376 ne
1430 319 1759 374 frumin-ra
2135 297 2209 364 31

214 443 336 492 tunc
375 437 516 494 fiunt
562 437 613 494 ei
657 437 934 496 intellec-ta
976 445 1035 495 et
1069 438 1235 510 scita,
1267 455 1392 514 quae
1431 438 1582 512 prius
1633 441 1792 494 etant
1837 433 2213 494 tantummodo

218 526 440 582 credita.

785 691 822 747 Ἀ
905 706 1362 768 ARTIGULUS
1401 706 1520 770 111.

243 833 482 901 Utrum
507 837 574 901 in
600 836 856 902 scientia
879 839 1207 988 fidei,7qugae
1231 845 1321 944 pst
1343 841 1415 992 (τῖς
1441 841 1589 915 Deo,
1633 834 1811 904 liceat
1836 835 2175 904 rationibus

995 945 1043 1008 p
1065 947 1273 1008 zyswzs
1301 945 1341 992 tc
1373 949 1419 992 z.

221 1123 226 1128 ,
283 1060 364 1116 Ad
408 1060 632 1117 tertium
670 1060 751 1117 sic
787 1061 1120 1133 procedi-tur.
1149 1066 1205 1119 4.
1240 1063 1469 1120 Videtur
1521 1062 1667 1136 quod
1711 1063 1765 1118 in
1808 1061 2049 1133 hisquae
2088 1065 2216 1118 sunt

226 1147 340 1203 fidei
377 1164 486 1206 non
519 1148 684 1209 liceat
725 1150 1030 1210 rationibus
1063 1151 1304 1224 physicis
1341 1151 1445 1210 uti.
1474 1151 1497 1208 1
1526 1152 1671 1208 Cori.
1701 1166 1721 1206 1
1752 1167 1765 1204 ι
1794 1148 1921 1209 Non
1960 1147 2107 1204 misit
2134 1163 2213 1202 me

229 1237 458 1294 Christus
497 1238 794 1310 baptizare,
819 1239 910 1296 sed
938 1241 1322 1313 evcinyelizare,
1351 1257 1459 1296 non
1498 1240 1559 1296 in
1603 1237 1871 1312 sapientia
1904 1236 2071 1302 verbi,
2102 1235 2211 1307 glo.

231 1345 258 1379 α
287 1329 340 1382 in
368 1327 616 1384 doctrina
664 1328 1128 1402 Philosophorum,
1167 1348 1193 1382 »
1237 1337 1292 1387 et
1337 1345 1501 1403 super
1547 1327 1680 1384 illud
1720 1343 1735 1383 z
1782 1326 1887 1384 Ubi
1921 1325 2215 1396 inquisitor

232 1415 374 1486 hujus
393 1417 609 1472 sceculi?
638 1416 786 1473 Dicit
814 1417 924 1490 glo,
951 1439 977 1470 «
1011 1419 1307 1492 inquisitor
1335 1416 1531 1489 estqui
1560 1423 1773 1473 naturae
1800 1422 2013 1472 secreta
2040 1414 2213 1468 rima-

234 1510 331 1570 tur,
355 1504 488 1566 tales
533 1521 642 1561 non
685 1507 880 1578 recipit
913 1507 1061 1562 Deus
1101 1508 1244 1562 inter
1281 1507 1692 1578 praedicat-ores,
1728 1523 1755 1557 n
1778 1511 1843 1560 et.
1880 1517 2045 1574 super
2080 1500 2214 1556 illud

236 1593 504 1650 ICorinth.
535 1611 582 1650 n
613 1612 628 1650 z
659 1594 842 1657 Sermo
867 1611 1012 1650 meus
1033 1602 1084 1652 et
1112 1595 1435 1668 praedicatio
1470 1611 1609 1660 mea,
1642 1609 1749 1649 mm
1790 1592 1851 1647 in
1879 1588 2216 1664 persuasibi-

239 1681 374 1746 libus,
395 1683 524 1738 dicit
551 1683 624 1754 gl.
654 1699 668 1759 ς
705 1703 731 1744 ‹,‹
763 1684 878 1740 Etsi
907 1685 1282 1756 persuasibilia
1317 1684 1522 1741 fuerint
1555 1681 1741 1748 verba,
1770 1697 1877 1737 non
1908 1686 2089 1735 tamen
2121 1693 2236 1749 per.-

239 1769 504 1826 humanam
533 1772 956 1844 sapientiam,ut
985 1773 1210 1829 verbum
1235 1771 1851 1847 pseudoapostolorum.
1869 1768 1991 1823 »Ex
2015 1765 2235 1840 quibus.

241 1861 466 1916 omnibus
492 1861 710 1920 videt'ur
737 1861 884 1934 quod
909 1862 966 1917 in
995 1855 1078 1918 his
1107 1878 1230 1936 quae
1262 1871 1388 1920 suut
1415 1861 1541 1918 fidei
1570 1875 1675 1916 non
1710 1859 1889 1915 ,liceat
1927 1856 2008 1913 uti
2041 1855 2217 1912 ratio,-

239 1944 380 2002 nibus
405 1946 664 2020 physiciS.
2222 1959 2229 1964 ·

301 2039 348 2094 2.
371 2037 520 2103 item,
549 2037 659 2095 Isa.
690 2051 786 2104 xv,
817 2053 980 2110 super
1021 2035 1175 2094 illud.
1204 2037 1603 2097 Noctevastata
1630 2042 1711 2094 ⁴est
1746 2035 1853 2094 Ar.
1886 2033 2031 2091 Dicit
2059 2033 2169 2104 glo.
2194 2049 2208 2088 τ

243 2143 267 2176 α
292 2127 376 2190 Ar,
401 2124 454 2182 id
479 2132 580 2186 est
610 2125 975 2193 adversariae,
1009 2126 1219 2184 scilicet
1256 2128 1488 2199 scientia
1524 2125 1821 2195 saecularis,
1848 2139 1973 2198 quae
2014 2122 2236 2178 adver«.-

242 2212 368 2269 saria
393 2220 473 2269 est
499 2213 642 2282 Deo3
675 2232 700 2266 n
728 2229 877 2285 ergo,
909 2221 1018 2270 etc.

299 2303 346 2356 3.
375 2302 526 2371 item,
545 2302 704 2362 Amb.
733 2302 898 2358 dicit:
926 2322 952 2355 α
975 2302 1411 2361 secretissimum
1437 2303 1563 2360 fidei
1594 2293 1626 2360 a
1656 2300 1897 2376 physicis
1920 2313 2217 2371 argumen-

244 2390 302 2444 tis
327 2399 400 2446 est
430 2391 688 2458 liberum;
717 2409 744 2442 ι)
771 2407 902 2464 ergo
924 2391 1016 2447 ubi
1041 2393 1110 2448 de
1135 2392 1246 2448 fide
1272 2393 1475 2464 agitur,
1502 2390 1949 2465 Philosophorum
1982 2387 2215 2446 rationi-

243 2476 328 2534 bus
347 2486 399 2535 et
423 2481 586 2539 dictis
613 2481 691 2537 uti
720 2479 1002 2536 nonlicet.
2234 2497 2239 2501 ·

301 2569 348 2626 4.
372 2569 525 2635 Item,
549 2570 774 2626 Hieron.
801 2569 967 2625 refert
995 2569 1052 2625 in
1078 2567 1312 2642 epistola
1341 2569 1409 2626 ad
1438 2567 1811 2634 Eustochium,
1838 2581 1898 2622 se
1926 2566 1980 2621 in
2008 2564 2217 2621 visione

242 2656 402 2714 divino
420 2658 631 2731 judicio
656 2657 1019 2725 verberatum,
1044 2674 1143 2731 pro
1166 2673 1234 2715 eo
1257 2657 1402 2731 quod
1424 2657 1481 2713 in
1504 2656 1654 2713 libris
1681 2655 1889 2728 legerat
1914 2654 2239 2724 Ciceronis,

243 2751 289 2802 et
313 2747 400 2819 qui
436 2747 694 2803 astabant
735 2749 1098 2819 precabantur
1145 2755 1204 2804 ut
1243 2749 1463 2804 veniam
1506 2747 1769 2802 tribueret
1810 2743 2212 2812 adolescentiae,

241 2843 506 2894 exacturus
534 2833 732 2892 deinde
779 2837 1102 2902 cruciatum,
1129 2835 1256 2890 siin
1287 2834 1441 2892 libris
1486 2833 1770 2907 gentilium
1802 2831 2095 2904 aliquando
2133 2828 2239 2886 le-.

239 2921 388 2990 gisset
419 2940 435 2981 i
461 2923 617 2981 unde.
648 2923 929 2982 obtestans
972 2939 1173 2980 nomen
1212 2923 1312 2979 Dei
1357 2923 1657 2980 clamavit:
1690 2942 1717 2976 α
1749 2923 1805 2979 Si
1844 2935 2083 2993 unquam
2109 2917 2218 2974 ha-

239 3007 388 3068 buero
408 3014 699 3071 saeculares
721 3014 958 3083 codices,
989 3014 1036 3070 si
1065 3013 1266 3085 legere,
1296 3019 1349 3080 te
1372 3012 1653 3085 negavi.»
1682 3011 1737 3068 Si
1762 3023 1891 3082 ergo
1938 3023 2047 3065 nou
2088 3005 2243 3062 licet.

298 3191 347 3245 5.
374 3159 528 3258 Item,
555 3191 826 3264 sapientia
849 3189 1168 3248 saecularis
1154 3209 1208 3248 in
1237 3191 1520 3263 Scriptura
1542 3204 1644 3262 per
1668 3147 1870 3262 aquam
1898 3186 2217 3260 frequenter

240 3275 601 3348 significatur:
639 3279 909 3352 sapientia
945 3295 1102 3338 vero
1081 3279 1301 3336 divina
1337 3296 1435 3352 per
1468 3281 1675 3343 vinum,
1720 3275 2019 3334 secundum
2042 3276 2163 3330 isa.
2198 3289 2220 3330 1

240 3367 986 3442 vituperabantur'caupones
1021 3368 1382 3442 aquam‘vino
1428 3369 1748 3436 miscentes;
1775 3379 1903 3438 ergo
1932 3364 2219 3436 vitupera-

193 3476 217 3488 *
240 3453 358 3514 biles
371 3465 495 3515 sunt
519 3458 775 3516 doctores
801 3473 976 3530 sacrae
991 3459 1288 3531 Scripturae
1309 3457 1531 3530 physica
1553 3456 1881 3512 documenta
1902 3451 2213 3509 miscentes,

299 3549 348 3606 6,.
375 3547 529 3614 Item,
556 3547 701 3604 sicut
728 3547 864 3618 dicit
891 3547 1208 3622 Hieronym.
1236 3547 1290 3601 in
1315 3544 1479 3625 gloss·
1510 3545 1670 3601 Oseae
1694 3559 1738 3600 u
1767 3559 1840 3598 :a
1874 3543 2008 3598 Cu'm
2036 3540 2219 3596 haere·
2244 3565 2247 3568 ·

245 3631 350 3689 ticis
394 3651 493 3692 nec
539 3635 759 3694 nomina
809 3634 1072 3692 debemus
1120 3635 1320 3692 habere
1363 3633 1695 3691 communia.
1750 3650 1777 3684 ι)
1823 3630 1931 3688 Sed
1958 3626 2217 3685 haeretici

250 3724 450 3776 utuntur
484 3722 554 3778 ad
596 3723 722 3778 fidei
764 3723 1169 3796 corruptionem
1211 3721 1455 3795 physicis
1496 3719 1853 3792 argumentis,
1884 3721 1949 3772 ut
1988 3713 2248 3768 habetur.

252 3804 298 3859 in
333 3809 458 3878 glos.
488 3813 740 3868 Proverb.
767 3828 872 3878 vu,
903 3819 960 3869 et
987 3813 1094 3870 isa.
1124 3825 1204 3870 xv
1223 3819 1394 3884 pergo
1433 3809 1689 3868 catholici
1716 3806 1879 3865 eisin
1916 3801 2033 3861 suis
2064 3805 2217 3858 trac-

255 3895 432 3956 tatibus
459 3899 547 3966 uti,
567 3915 675 3978 nou
699 3901 930 3964 debenu-
1846 3917 1855 3923 ·
