2800 4492
489 313 608 376 318
966 327 1020 374 s.
1061 327 1297 385 monas
1340 326 1669 378 Aeumuxs
1708 325 2019 376 opuscuns

391 485 400 496 .
490 445 746 502 sideratis
787 442 1155 514 singularibus
1191 442 1641 510 circumstantiis,
1664 442 1965 500 secundum
1998 441 2131 516 quid
2174 447 2369 502 autem
2414 457 2541 498 se-

491 533 729 590 cundum
753 531 898 605 quod
929 531 982 587 in
1001 530 1294 589 universali
1315 529 1733 588 considerantur
1752 547 1847 600 ;ea
1875 547 1999 604 quae
2024 547 2092 586 ex
2116 532 2313 588 timore
2344 531 2535 600 fiunt,

491 622 546 677 in
572 619 863 677 universali
893 619 1114 692 quidem
1147 619 1514 685 considerata,
1548 627 1675 676 sunt
1702 618 1844 676 mala
1886 625 1941 674 et
1980 619 2379 688 involuntaria3
2407 619 2537 682 sed

491 709 980 767 siconsiderentur
1009 707 1308 764 secundum
1348 707 1649 779 singularia
1687 724 1812 781 quae
1853 709 2232 775 circumstant,
2264 709 2346 766 sic
2374 713 2533 764 sunt

491 797 634 855 bona
660 804 717 853 et
744 797 1054 853 voluntaria
1081 813 1096 851 ι
1130 798 1273 852 sicut
1305 797 1569 869 proJicere
1596 811 1805 853 merces
1829 797 1885 852 in
1908 813 2081 864 mare,
2110 798 2419 860 secundum
2452 811 2539 869 se,

493 887 915 952 consideratum,
939 894 1022 942 est
1053 885 1255 942 malum
1285 891 1340 940 e't
1363 900 1473 941 non
1500 885 1867 942 voluntarium
1888 903 1904 955 ;
1926 887 2024 942 sed
2054 887 2109 942 in
2136 886 2231 942 tali
2260 901 2390 942 casu
2419 891 2531 942 est

494 975 696 1032 bonum
724 982 780 1031 et
808 973 1196 1034 voluntarium.
1223 973 1378 1030 Unde
1409 979 1465 1029 et
1507 973 1863 1046 Philosophus
1905 973 2039 1030 dicit
2087 974 2143 1030 in
2184 989 2252 1030 ιιι
2294 973 2528 1042 Ειὴίο..

495 1064 641 1139 quod
669 1059 977 1136 hujusmodi
1007 1063 1177 1118 mixta
1200 1070 1329 1118 sunt
1354 1079 1421 1118 ex
1450 1062 1759 1119 voluntario
1786 1069 1841 1118 et
1872 1062 2266 1131 involuntar103
2288 1062 2527 1134 simpli-

497 1154 634 1209 citer
674 1160 854 1211 autem
888 1161 1016 1209 sunt
1044 1151 1372 1219 voluntaria,
1406 1152 1705 1208 secundum
1734 1151 1867 1226 quid
1897 1159 2081 1208 autem
2110 1149 2518 1220 involuntaria,

499 1258 566 1297 ex
594 1243 924 1298 necessitate
953 1239 1107 1297 sacti.

568 1330 636 1387 Et
662 1346 758 1404 per
785 1329 890 1387 hoc
913 1334 1065 1404 patet
1090 1329 1371 1403 responsio
1399 1329 1469 1386 ad
1496 1328 1733 1402 objecta.

1203 1474 1602 1606 QUAEsTIo
1677 1525 1792 1595 v1.

569 1687 776 1744 Deinde
800 1687 948 1743 circa
987 1691 1330 1743 sacramenta
1365 1686 1658 1759 quaesitum
1685 1693 1789 1742 est.
1818 1683 1999 1741 Primo
2044 1683 2113 1741 de
2158 1690 2517 1767 sacramento

498 1775 875 1832 Eucharistiae.
906 1775 1155 1832 Secundo
1179 1774 1250 1830 de
1281 1781 1626 1831 sacramento
1666 1774 2025 1848 poenitentiae.
2068 1773 2253 1829 Tertio
2297 1773 2364 1830 de
2411 1788 2519 1829 sa-

498 1875 778 1920 cramento
830 1862 1182 1919 matrimonii.
1229 1864 1386 1921 Circa
1432 1862 1832 1920 Eucharistiam
1878 1862 2113 1936 quaesita
2166 1871 2293 1920 sunt
2334 1863 2445 1918 duo
2492 1879 2511 1918 ε

499 1954 561 2006 40
591 1959 772 2007 utrum
799 1952 972 2008 forma
994 1952 1152 2024 panis
1175 1951 1505 2009 annihiletur
1529 1957 1624 2022 320
1654 1958 1835 2008 utrum
1863 1950 2119 2008 sacerdos
2148 1951 2281 2007 dare
2304 1949 2517 2011 debeat

498 2039 732 2100 hostiam
755 2057 863 2098 non
886 2045 1260 2108 consecratam
1290 2041 1564 2116 peccatori
1590 2041 1805 2099 occulto
1832 2041 1936 2098 hoc
1956 2039 2179 2113 petenti.

1192 2217 1650 2282 ARTIOULUS
1690 2219 1803 2281 XI.

505 2350 724 2418 Utrum
746 2355 950 2433 forma
961 2353 1149 2435 panis
1171 2323 1241 2418 ivi
1263 2347 1643 2442 sacramento·
1661 2351 2074 2432 Eucharistiae
2100 2351 2507 2418 annihiletur.

723 2444 788 2524 (3
799 2448 975 2524 part.
1002 2448 1214 2524 quoest.
1242 2445 1345 2519 75,
1377 2448 1501 2506 art.
1535 2446 1596 2518 4,
1624 2447 1681 2506 et
1708 2442 1767 2516 6,
1802 2459 1966 2523 corp.
1997 2446 2054 2506 et
2080 2443 2165 2504 ad
2183 2442 2270 2522 3).

562 2576 644 2634 Ad
672 2578 908 2651 primum
937 2577 1019 2633 sic
1043 2577 1377 2649 proceditur.
1410 2578 1463 2632 ⁴.
1490 2575 1721 2633 Videtur
1739 2576 1885 2650 quod
1911 2575 2087 2632 forma
2114 2575 2272 2649 panis
2312 2574 2368 2632 in
2406 2592 2513 2634 saq

492 2670 772 2720 eramento
798 2664 1155 2721 Eucharistiae
1189 2664 1539 2721 annihiletur.
1571 2664 1710 2720 Illud
1755 2664 1899 2721 enim
1944 2664 2232 2721 annihilari
2261 2665 2505 2735 videtur,

425 2803 438 2817 ,
493 2752 640 2825 quod
664 2753 864 2808 desinit
893 2768 1011 2808 esse
1036 2761 1092 2810 et
1120 2753 1176 2808 in
1206 2752 1338 2809 nihil
1381 2753 1741 2810 convertitur.
1772 2753 1877 2811 Sed
1924 2753 2100 2810 forma
2145 2753 2321 2828 pauiS,
2352 2754 2507 2812 sacta

494 2843 925 2908 consecratione,
955 2843 1157 2899 desinit
1197 2859 1334 2910 esse,
1371 2859 1471 2900 nec
1509 2851 1593 2900 est
1636 2844 1767 2900 dare
1812 2844 1865 2899 in
1908 2844 2056 2916 quod
2096 2851 2451 2902 convertatur
2481 2862 2525 2900 :-

497 2946 603 2986 non
627 2917 770 2987 enim
796 2930 1135 2990 convertitur
1168 2932 1224 2987 in
1251 2932 1541 2988 materiam
1570 2931 1814 3005 corporis
1839 2931 2059 3006 Christi,
2092 2948 2195 2990 nec
2236 2933 2401 2990 etiam
2444 2933 2504 2989 in

496 3019 725 3075 formam
751 3021 886 3092 eJ’uS‚
912 3035 1036 3093 quae
1060 3026 1144 3077 est
1173 3021 1382 3078 anima·
1370 3020 1640 3094 ‚alioquin
1661 3021 1841 3078 anima
1870 3028 2014 3078 esset
2036 3019 2111 3078 ibi
2136 3037 2205 3080 ex
2232 3022 2285 3079 vi
2309 3037 2505 3079 sacra-¹

493 3108 683 3166 menti.
713 3109 856 3180 Ergo
885 3109 1056 3166 forma
1085 3110 1238 3182 panis
1263 3109 1616 3166 annihilatur.

563 3202 615 3255 2.
643 3199 931 3272 Praeterea,
959 3199 1298 3270 Augustinus
1324 3199 1461 3255 dicit
1492 3159 1828 3272 (superillud
1847 3200 2006 3256 Joan.
2034 3196 2209 3256 ivn.
2242 3199 2503 3272 Clarifica

491 3301 588 3351 me,
619 3269 788 3342 Pri-ter
816 3291 922 3342 etc.
929 3287 966 3357 ).
993 3286 1053 3342 Si
1081 3287 1313 3344 humana
1333 3295 1541 3344 natura
1566 3288 1899 3346 convertitur
1920 3289 1981 3344 in
2012 3289 2264 3356 Verbum,
2289 3290 2339 3346 si
2364 3289 2501 3347 dili-

489 3372 699 3445 qentiur
727 3374 1033 3445 coquamus,
1051 3375 1198 3431 homo
1220 3376 1430 3449 periret
1446 3376 1505 3430 ‘in
1531 3376 1659 3432 Deo.
1678 3376 1780 3432 Sed
1812 3376 1945 3432 illud
1974 3377 2263 3433 annihilari
2296 3377 2500 3433 dicitnr

489 3461 633 3535 quod
662 3479 728 3536 p
711 3463 823 3517 rit.
851 3463 1013 3534 Ergo,
1046 3464 1092 3520 si
1135 3466 1291 3538 panis
1337 3465 1678 3522 convertitur
1709 3465 1764 3521 in
1801 3481 2001 3539 corpus
2029 3466 2249 3536 Christi,
2282 3466 2499 3523 videtur

489 3551 635 3623 quod
662 3551 1013 3610 annihilatur.

559 3639 663 3695 Sed
708 3647 894 3696 contra
945 3649 1046 3710 est,
1089 3641 1239 3715 quia,
1287 3642 1431 3698 sicut
1472 3643 1809 3714 Augustinus
1853 3645 2008 3711 dicit,
2061 3643 2155 3700 lib.
2212 3601 2501 3713 Lxxxut

491 3735 710 3801 quaest„
742 3731 887 3786 Deus
930 3747 1033 3786 non
1079 3738 1162 3786 est
1200 3737 1390 3787 auctor
1440 3733 1693 3789 tendendi
1737 3735 1791 3790 in
1834 3751 1944 3790 non
1990 3749 2128 3790 esse.
2168 3735 2263 3791 Est
2310 3743 2499 3792 antem

491 3823 683 3872 auctor
723 3820 1050 3878 sacramenti
1096 3818 1475 3879 Eucharistiae.
1520 3820 1662 3894 Ergo
1722 3822 1776 3879 in
1826 3823 1921 3880 illo
1970 3827 2315 3886 sacramento·
2361 3823 2502 3886 nihil

496 3903 854 3968 annihilatur.
