2800 4492
589 325 670 387 84
1070 343 1121 386 s.
1168 341 1401 384 'mount-
1443 339 1772 390 nouum-ns
1792 407 1797 414 ι
1814 326 2124 387 οΡιιεουωι

590 459 794 516 dicitur
817 476 877 534 vr
905 457 1054 523 Eth.,
1086 457 1171 513 vel
1207 455 1407 512 habent
1428 471 1565 528 opus
1592 456 1895 528 corporale,
1928 456 2069 514 sicut
2096 459 2389 529 medicina,
2424 462 2608 520 alchi-

590 549 720 616 mia‚
754 553 811 602 et
850 544 1179 618 hujusmodi.
1219 544 1374 601 Unde
1416 560 1521 601 non
1560 553 1786 616 possunt
1823 545 1931 601 dici
1980 553 2127 603 artes
2165 548 2438 620 liberaleS,
2472 552 2609 623 quia

588 636 898 708 hujusmodi
920 641 1077 692 actus
1101 639 1228 688 sunt
1255 632 1493 689 hominis
1520 649 1587 688 ex
1614 641 1771 706 parte
1798 633 1891 689 illa
1920 650 2030 706 qua
2059 649 2166 691 non
2195 644 2279 692 est
2304 637 2459 707 liber,
2486 641 2608 695 sci-

590 724 720 779 licet
743 741 808 780 ex
832 731 989 796 parte
1013 721 1274 794 corporiS.
1299 721 1541 777 Scientia
1566 736 1697 776 vero
1724 721 1968 789 moralis,
1998 725 2249 795 quamvis
2277 725 2350 781 sit
2374 735 2607 800 propter

590 814 981 884 operationem,
1009 817 1190 866 tamen
1211 809 1305 866 illa
1333 811 1580 881 operatio
1608 825 1715 864 non
1740 816 1823 865 est
1844 817 2003 868 actus
2030 813 2294 883 scientiae,
2319 816 2413 870 sed
2443 823 2607 874 actus

589 901 829 968 virtutis,
858 908 916 956 ut
946 905 1097 971 patet
1120 915 1156 954 v
1179 898 1381 956 Ethic„
1413 899 1556 952 unde
1582 912 1687 952 non
1710 905 1891 970 potest
1918 899 2023 955 dici
2054 915 2164 966 are,
2196 901 2293 958 sed
2322 905 2499 974 magis
2548 906 2605 961 in

591 989 698 1044 illis
723 987 1129 1060 operationibus
1157 1002 1216 1042 se
1245 985 1411 1041 habet
1440 985 1617 1042 virtus
1646 985 1765 1042 loco
1797 985 1934 1042 artis
1966 1003 1979 1042 ε
2013 994 2068 1043 et
2096 987 2220 1044 ideo
2248 997 2464 1048 veteres
2494 993 2607 1048 de·-

592 1077 846 1136 linierunt
893 1078 1153 1133 virtutem
1199 1091 1320 1131 esse
1361 1081 1535 1131 artem
1581 1075 1719 1131 bene
1767 1084 2027 1148 recteque
2077 1078 2317 1146 vivendi,
2350 1088 2408 1137 ut
2463 1082 2603 1140 dicit

589 1169 822 1237 August.
853 1181 894 1220 x
917 1165 986 1220 de
1005 1163 1167 1221 Civit.
1196 1165 1315 1218 Dei.

660 1255 742 1311 Ad
770 1260 1025 1326 quartum
1064 1252 1375 1319 dicendum,
1402 1251 1552 1324 quod
1596 1251 1741 1307 sicut
1776 1251 1911 1308 dicit
1933 1253 2157 1312 Avicen.
2194 1255 2249 1310 in
2280 1256 2455 1328 princ.
2483 1274 2603 1316 suae

588 1342 914 1415 Metaphys.,
948 1341 1106 1398 aliter
1131 1341 1489 1412 distinguitur
1520 1339 1821 1396 theoricum
1846 1348 1901 1396 et
1931 1343 2236 1414 practicam
2267 1360 2391 1400 cum
2420 1345 2601 1418 philo-

587 1430 779 1503 sophia
811 1430 1075 1487 dividitur
1103 1431 1158 1486 in
1200 1430 1499 1487 theoricam
1537 1437 1593 1485 et
1623 1427 1941 1500 practicam,
1975 1430 2133 1486 aliter
2160 1447 2286 1487 cum
2321 1440 2471 1490 artes
2508 1437 2603 1491 di-

587 1519 848 1574 viduntur
891 1521 950 1574 in
993 1520 1263 1576 theoricas
1303 1525 1359 1574 et
1401 1516 1691 1590 practicae,
1741 1516 1899 1572 aliter
1950 1533 2076 1574 cum
2116 1520 2406 1578 medicina.
2459 1524 2598 1580 Cum

587 1608 733 1663 enim
759 1607 1098 1680 philosophia
1140 1606 1226 1663 vel
1274 1616 1422 1662 artes
1468 1621 1564 1677 per
1604 1604 1906 1660 theoricum
1949 1614 2003 1661 et
2042 1608 2345 1678 practicum
2392 1609 2601 1668 distin-

586 1701 846 1766 guuntur,
879 1702 1094 1767 oportet
1123 1695 1372 1765 accipere
1399 1692 1808 1750 distinctionem
1838 1707 2025 1748 eorum
2045 1711 2111 1749 ex
2142 1696 2264 1763 line,
2298 1707 2360 1754 ut
2384 1703 2600 1771 practi-

588 1799 715 1839 cum
744 1783 958 1838 dicatur
987 1781 1041 1837 id
1071 1782 1215 1853 quod
1246 1781 1527 1837 ordinatur
1554 1781 1625 1836 ad
1668 1782 2042 1854 operationem
2074 1800 2088 1837 ε
2115 1783 2419 1842 theoricum
2465 1805 2595 1846 vero

587 1871 736 1944 quod
761 1871 1044 1926 ordinatur
1069 1869 1138 1926 ad
1163 1868 1334 1926 solam
1355 1869 1723 1940 cognitionem
1759 1870 2028 1926 veritatis.
2062 1871 2178 1927 Hoc
2222 1879 2402 1930 tamen
2449 1877 2599 1935 inte-

588 1965 719 2026 rest,
747 1975 872 2014 cum
903 1959 954 2013 in
983 1959 1084 2015 hoc
1112 1958 1375 2015 dividitur
1397 1956 1734 2030 philosophia
1762 1957 1949 2015 totalis
1976 1965 2032 2014 et
2051 1967 2215 2026 artes,
2244 1963 2375 2034 quia
2418 1963 2475 2021 in
2504 1967 2597 2023 di-

586 2049 796 2103 visione
817 2046 1173 2120 philosophias
1202 2045 1432 2102 habetur
1469 2052 1749 2117 respectus
1794 2047 1861 2101 ad
1910 2040 2070 2102 finem
2114 2048 2495 2122 beatitudiniS,
2524 2059 2595 2114 ad

589 2152 754 2209 quam
789 2141 903 2193 tota
935 2135 1170 2190 humana
1201 2135 1313 2190 vita
1343 2134 1647 2189 ordinatur.
1675 2134 1746 2190 Ut
1787 2134 1933 2189 enim
1959 2135 2092 2192 dicit
2123 2140 2263 2209 Aug.
2291 2155 2331 2194 x
2354 2140 2425 2196 de
2472 2144 2592 2202 Civ.

588 2224 788 2288 Dei,ex
811 2223 992 2278 verbis
1023 2223 1297 2287 Varronis,
1322 2221 1471 2276 nulla
1495 2229 1579 2276 est
1607 2220 1811 2276 homini
1843 2221 1951 2279 alla
1980 2239 2145 2279 causa
2172 2224 2595 2301 philosophandi

588 2313 690 2367 nisi
715 2317 774 2366 ut
803 2311 876 2368 sit
905 2310 1116 2367 beatus.
1145 2310 1296 2366 Unde
1323 2309 1524 2382 duplex
1553 2307 1785 2366 felicitas
1807 2325 1837 2365 a
1864 2310 2199 2384 philosophiS
2222 2315 2460 2386 ponitur,
2486 2337 2594 2378 una

585 2398 1028 2471 contemplativa,
1057 2398 1309 2455 etaltera
1351 2397 1553 2463 activa,
1586 2404 1647 2453 ut
1685 2404 1837 2469 patet
1862 2414 1902 2454 x
1930 2399 2107 2455 Ethic.
2139 2402 2448 2461 Secundum
2490 2408 2595 2465 hoc

585 2488 982 2562 philosophiam
1006 2487 1062 2543 in
1090 2486 1226 2544 duas
1251 2494 1435 2560 partes
1457 2486 1843 2554 distinxerunt,
1877 2487 2137 2544 moralem
2164 2491 2409 2548 dicentes
2426 2513 2594 2567 prac-

587 2578 780 2646 ticam3
804 2575 1109 2633 naturalem
1134 2581 1188 2630 et
1220 2574 1545 2631 rationalem
1570 2573 1817 2631 dicentes
1846 2575 2164 2634 theoricam.
2185 2580 2317 2634 Cum
2350 2597 2480 2639 vero
2502 2586 2593 2641 di-

584 2667 726 2720 citur
757 2682 772 2718 ι
801 2664 1017 2720 Artium
1064 2662 1318 2734 quaedam
1358 2661 1729 2733 speculativae,
1754 2664 2007 2735 quaedam
2049 2668 2323 2737 practicae,
2356 2669 2592 2731 habetur

585 2758 864 2823 respectus
889 2750 959 2807 ad
988 2749 1202 2822 aliquos
1229 2749 1493 2821 speciales
1522 2749 1656 2806 fines
1684 2750 1901 2808 illarum
1929 2753 2151 2821 artium,
2182 2756 2323 2812 sicut
2355 2759 2401 2814 si
2431 2761 2591 2820 dica-

587 2856 708 2893 mus
734 2837 1124 2910 agriculturam
1153 2852 1276 2893 esse
1304 2845 1481 2894 artem
1521 2839 1840 2910 practicam,
1874 2840 2219 2898 dialecticam
2258 2861 2389 2902 vero
2427 2848 2583 2907 theo-

585 2929 778 2982 ricam.
798 2927 933 2982 Cum
961 2934 1145 2983 autem
1170 2925 1443 2982 medicina
1470 2926 1734 2982 dividitur
1760 2928 1814 2983 in
1847 2927 2145 2986 theoricam
2172 2937 2228 2986 et
2260 2937 2586 3009 practicam,

583 3033 690 3073 non
717 3015 1020 3082 attenditur
1055 3014 1253 3071 divisio
1280 3014 1581 3070 secundum
1626 3015 1807 3070 finem.
1854 3017 1944 3073 Sic
1984 3017 2127 3072 enim
2162 3025 2273 3076 tota
2312 3023 2590 3085 medicina

583 3105 687 3160 sub
734 3104 975 3176 practica
1004 3091 1340 3170 continetur,
1389 3108 1578 3175 utpote
1620 3102 1690 3158 ad
1733 3103 2106 3176 operationem
2156 3107 2409 3166 ordinata
2444 3130 2458 3166 ι
2490 3118 2589 3173 sed
2692 3123 2699 3128 “

584 3191 884 3247 attenditur
915 3190 1178 3262 praedicta
1203 3189 1402 3246 divisio
1434 3190 1733 3245 secundum
1763 3191 1908 3263 quod
1956 3207 2019 3247 ea
2048 3209 2173 3266 quae
2214 3195 2270 3250 in
2314 3199 2590 3262 medicina

583 3284 911 3345 tractantur,
943 3284 1069 3334 sunt
1101 3279 1427 3351 propinqua,
1455 3278 1540 3334 vel
1584 3285 1794 3334 remota
1836 3278 1905 3335 ab
1941 3282 2277 3353 operatione.
2300 3285 2399 3342 Illa
2440 3291 2590 3349 enim

583 3381 712 3438 pars
738 3366 1026 3422 medicinae
1053 3365 1252 3422 dicitur
1278 3367 1541 3438 practica,
1574 3381 1698 3438 quae
1721 3366 1882 3422 docet
1923 3368 2113 3425 modos
2155 3374 2491 3442 operationis
2516 3381 2591 3437 ad

583 3453 914 3517 sanationeS,
941 3450 1084 3506 sicut
1111 3451 1256 3524 quod
1292 3451 1493 3512 talibus
1532 3452 1965 3524 apostematibus
2000 3461 2127 3510 sunt
2166 3457 2300 3514 talia
2341 3464 2591 3522 remedia

581 3539 908 3596 adhibenda.
935 3539 1198 3596 Theorica
1226 3556 1356 3596 vero
1381 3540 1582 3595 dicitur
1620 3539 1714 3596 illa
1760 3556 1887 3612 pars
1930 3557 2054 3613 quae
2091 3543 2251 3600 docet
2294 3548 2587 3624 principia,

582 3644 649 3684 ex
674 3627 872 3700 quibus
900 3627 1060 3684 homo
1084 3628 1340 3700 dirigitur
1362 3628 1429 3693 in,
1458 3628 1851 3700 operationem,
1873 3629 1970 3685 sed
2011 3646 2117 3687 non
2154 3634 2420 3704 proxime,
2443 3640 2590 3697 sicut

580 3717 728 3790 quod
755 3717 988 3772 virtutes
1033 3723 1160 3772 sunt
1187 3722 1316 3781 treS,
1345 3722 1400 3770 et
1430 3715 1574 3786 quod
1606 3731 1807 3786 genera
1847 3716 2081 3774 febrium
2122 3729 2248 3778 sunt
2296 3726 2399 3780 tot.
2430 3725 2590 3786 Unde

579 3821 688 3861 non
715 3811 932 3878 oportet
961 3810 1017 3859 ut
1038 3804 1084 3871 si
1110 3803 1338 3874 alicujus
1364 3803 1559 3860 activae
1588 3805 1833 3866 scientiae
1852 3805 2035 3880 aliqua
2058 3823 2183 3880 pars
2202 3809 2423 3871 dicatur
2444 3817 2592 3876 theo-

579 3893 716 3963 rica,
748 3892 894 3968 quod
920 3898 1143 3966 propter
1167 3891 1274 3950 hoo
1301 3889 1394 3947 illa
1424 3907 1549 3963 pars
1576 3893 1680 3949 sub
1702 3893 2039 3966 speculativa
2066 3897 2299 3956 scientia
2328 3913 2587 3975 ponatur.
