2800 4492
391 312 512 383 206
869 339 921 384 s.
967 331 1200 383 rumim
1242 333 1571 389 AQUINATIS
1612 329 1925 384 croscum

393 462 578 511 autem
607 461 734 510 sunt
761 453 1113 527 denegandae.
1145 455 1287 527 Ergo
1312 447 1489 529 neque
1516 451 1679 511 alicui
1710 450 1839 510 licet
1864 457 2051 527 petere
2080 442 2415 509 cathedram

397 542 768 615 magistralem
793 543 860 600 ad
890 543 1193 620 docendum
1222 546 1275 600 in
1303 561 1458 600 sacra
1485 543 1789 616 Scriptura.

468 637 520 691 2.
555 633 844 700 Praeterea,
877 633 1214 705 Augustinus
1237 632 1390 700 dicit,
1424 649 1531 702 xix
1566 632 1633 688 de
1662 633 1898 688 Civitate
1928 627 2025 688 Dei
2060 645 2071 684 ε
2101 627 2273 688 Locus
2308 645 2412 684 au-

391 721 726 795 pertenente
755 737 852 793 quo
871 723 1097 796 populus
1121 721 1237 795 reqi
1259 740 1362 778 uon
1384 729 1579 795 potest,
1602 719 1699 777 etsi
1720 719 2134 777 administretur
2154 725 2218 776 ut
2242 718 2403 783 decet,

399 809 830 867 inconvenienter
857 816 1031 868 tomen
1069 813 1364 884 oppetitur.
1395 811 1534 882 Ergo
1565 817 1619 866 et
1668 809 2117 888 inconvenienter·
2150 808 2357 880 petitur
2390 823 2403 861 z

401 889 515 973 pari
543 913 671 972 ergo
702 902 909 958 ratione
935 899 1195 959 cathedra
1227 900 1575 972 magistralis,
1604 911 1727 973 quae
1752 905 1835 954 est
1862 896 2029 955 etiam
2058 897 2211 953 locus
2241 911 2411 968 supe-

402 989 535 1045 rior.
843 1005 852 1014 ·
1169 979 1172 984 ’
1667 1010 1672 1017 ·

475 1082 526 1134 3.
555 1073 660 1136 Sed
691 1087 880 1137 contra
909 1087 994 1137 est
1027 1079 1170 1154 quod
1202 1075 1501 1152 Gregorius
1524 1077 1658 1134 dicit
1704 1075 1757 1133 in
1786 1074 2073 1142 pastorali,
2102 1074 2247 1150 quod
2278 1085 2411 1148 gra-

405 1164 506 1223 dus
531 1164 914 1240 magistrorum
951 1178 1034 1226 est
1075 1168 1429 1239 periculosus,
1454 1169 1656 1240 gradus
1684 1174 1866 1222 autem
1908 1164 2300 1237 discipulorum
2326 1171 2409 1218 est.

403 1267 646 1313 securuS.
690 1258 792 1314 Sed
834 1258 936 1314 hoc
979 1257 1197 1314 videtur
1239 1256 1306 1314 ad
1355 1256 1741 1329 perfect-ionem
1784 1255 2055 1326 pertinere
2106 1259 2168 1308 ut
2209 1248 2411 1321 aliquis

403 1353 625 1417 propter
641 1346 857 1418 aliquod
881 1347 1076 1402 bonum
1103 1345 1356 1418 periculis
1375 1343 1709 1417 se’exponat.
1734 1342 1875 1415 Ergo
1908 1341 2123 1400 videtur
2142 1357 2261 1398 esse
2288 1341 2409 1396 lau·

405 1433 584 1490 dabile
603 1436 748 1508 quod
770 1435 966 1508 aliquis
986 1435 1301 1510 cathedram
1325 1434 1693 1506 magistralem
1716 1439 1953 1506 appetat,
1975 1440 2029 1489 et
2048 1447 2145 1505 pro
2161 1447 2219 1486 se
2238 1439 2405 1502 petat.

477 1521 796 1596 Respondeo
834 1508 1144 1590 dicendum,
1191 1521 1333 1596 quod
1379 1524 1447 1578 ad
1497 1521 1826 1577 evidentiam
1883 1520 2043 1592 hujus
2090 1519 2409 1592 quaestionis

405 1618 622 1682 oportet
659 1612 926 1684 triplicem
973 1612 1335 1670 differentiam
1374 1611 1721 1680 considerare
1762 1608 2040 1664 cathedrae
2077 1607 2410 1678 magistralis

408 1700 475 1754 ad
504 1699 816 1756 cathedram
848 1699 1233 1772 pontificalem.
1259 1700 1499 1783 Quarum
1523 1699 1696 1772 prima
1727 1698 1989 1770 est,quod
2015 1697 2104 1752 ille
2134 1695 2227 1769 qui
2260 1695 2410 1751 acci-

411 1789 490 1858 pit
543 1789 858 1844 cathedram
904 1789 1294 1860 magistralem,
1351 1803 1454 1843 non
1514 1787 1713 1860 accipit
1768 1787 2006 1858 aliquam
2058 1785 2409 1841 eminentiam

411 1891 576 1948 quam
617 1879 768 1948 prius
804 1892 908 1931 non
958 1875 1224 1938 habuerit,
1254 1877 1347 1931 sed
1393 1875 1565 1932 solum
1598 1877 2062 1948 opportunitatem
2103 1873 2413 1929 communi-

411 1963 570 2020 candi
613 1965 917 2031 scientiam,
951 1982 1114 2038 quam
1159 1965 1308 2034 prius
1355 1980 1459 2020 non
1510 1963 1743 2020 habebat
1786 1955 1936 2018 :nori
1984 1963 2125 2019 enim
2177 1964 2265 2018 ille
2317 1962 2410 2035 qni

411 2051 657 2108 licentiat
683 2054 939 2126 aliquem,
967 2055 1061 2109 dat
1087 2053 1134 2108 ei
1162 2053 1467 2120 scientiam,
1501 2053 1594 2108 sed
1624 2055 2008 2108 auctoritatem
2032 2052 2285 2107 docendi.
2316 2053 2414 2107 Hic

412 2149 543 2197 vero
571 2142 664 2216 qui
702 2144 900 2216 accipit
929 2143 1245 2199 cathedram
1288 2142 1671 2215 episcopalem,
1706 2143 1907 2213 accipit
1934 2142 2287 2196 eminentiam
2314 2158 2413 2213 po-

415 2234 650 2300 testatis',
681 2249 843 2304 qnam
883 2234 1032 2305 prius
1075 2219 1176 2289 non
1212 2233 1467 2296 babebat,
1501 2231 1593 2287 sed
1623 2240 1887 2303 quantum
1930 2231 1997 2286 ad
2037 2229 2137 2284 hoc
2172 2229 2223 2284 in
2268 2230 2413 2285 nullo

415 2323 484 2376 ab
508 2320 629 2376 aliis
652 2321 953 2377 differebat.
989 2323 1235 2380 Secunda
1269 2321 1576 2376 differentia
1602 2326 1703 2379 est,
1738 2319 1882 2392 quod
1910 2319 2201 2374 eminentia
2232 2321 2414 2375 scien-

417 2412 525 2468 tiae.
551 2427 674 2483 quae
698 2411 994 2484 requiritur
1019 2412 1084 2468 ad
1118 2410 1434 2468 cathedram
1476 2408 1865 2480 magistralem,
1896 2414 1978 2462 est
2016 2406 2275 2478 perfectio
2312 2407 2415 2463 lio-

419 2499 578 2554 mtnis
601 2499 897 2555 secundum
923 2517 982 2556 se
1012 2501 1221 2572 ipsum;
1253 2498 1548 2554 eminentia
1578 2513 1709 2552 vero
1740 2498 2045 2568 potestatis,
2080 2512 2201 2569 quae
2240 2497 2414 2568 perti-

418 2589 602 2643 netad
643 2587 956 2643 cathedram
999 2588 1381 2657 pontificalem,
1417 2596 1499 2642 est
1538 2585 1772 2642 hominis
1814 2601 1907 2659 per
1953 2575 2415 2657 comparationem

417 2676 483 2730 ad
513 2676 695 2730 alium.
731 2677 914 2730 Tertia
957 2675 1260 2730 differentia
1295 2681 1396 2743 est,
1432 2675 1574 2747 quod
1608 2675 1673 2730 ad
1706 2674 2021 2740 cathedram
2051 2674 2413 2745 pontificalem

415 2765 476 2819 fit
505 2763 663 2817 nomo
693 2763 916 2817 idoneus
943 2751 1036 2832 per
1061 2764 1347 2818 caritatem
1378 2763 1767 2825 excellentem:
1797 2764 1937 2818 unde
1969 2763 2229 2818 Dominus
2254 2775 2413 2818 ante-

416 2867 578 2923 quam
609 2853 764 2906 Petro
801 2867 1018 2906 suarum
1052 2851 1234 2906 ovium
1273 2867 1461 2906 curam
1496 2852 1881 2914 committeret,
1909 2851 2161 2924 qnaesivit
2208 2851 2277 2906 ab
2300 2864 2365 2906 eo
2396 2867 2412 2907 :

416 2939 596 2994 Simon
617 2939 843 2996 Joannis
866 2939 1044 3010 diliqis
1071 2957 1150 2995 me
1167 2941 1290 3012 plus
1319 2941 1439 2996 his?
1465 2949 1522 2994 ut.
1554 2941 1755 2995 dicitnr
1782 2940 1935 2995 Joan.
1961 2939 2060 2995 ult.
2088 2955 2199 3005 xv;
2226 2940 2291 2995 ad
2316 2955 2417 2996 ca·

417 3028 663 3083 tltedram
689 3036 871 3084 autem
897 3030 1266 3100 magistralem
1290 3030 1537 3085 redditur
1565 3029 1725 3084 homo
1755 3029 1979 3105 idon-eus
2004 3046 2069 3084 cx
2088 3028 2415 3084 sufficientia

415 3116 682 3172 scientiae.
1910 3189 1918 3196 ·

487 3205 580 3258 llis
617 3221 744 3276 ergo
797 3207 1175 3272 consideratis,
1209 3205 1557 3264 manifestum
1600 3210 1684 3262 est
1726 3205 1871 3280 quod
1910 3211 2165 3279 appetere
2208 3206 2414 3280 aliquid

416 3293 560 3364 quod
609 3293 840 3360 pertinet
885 3294 952 3348 ad
1001 3294 1386 3366 perfectionem
1434 3296 1516 3351 sui
1562 3294 1749 3368 ipsius,
1798 3306 1880 3352 cst
1927 3295 2223 3362 laudabile;
2272 3293 2417 3350 unde

414 3379 690 3450 appetitus
719 3381 1003 3451 sapientiae
1040 3388 1123 3436 est
1153 3383 1440 3438 laudabilis
1474 3400 1487 3437 ε
1515 3385 1717 3439 dicitur
1744 3384 1884 3440 enim
1912 3385 2157 3456 Sapient.
2190 3396 2267 3450 vi,
2298 3385 2356 3438 21
2402 3400 2413 3436 :

416 3467 852 3539 Concupiscentia
869 3469 1146 3540 sapient-ize
1162 3471 1412 3542 perducit
1433 3471 1503 3527 od
1528 3489 1747 3546 regnum
1768 3480 2101 3545 perpetuum.
2127 3477 2165 3526 A
2177 3471 2419 3542 ppetitus

415 3562 598 3612 autem
639 3558 926 3628 potestatis
964 3575 1125 3630 super
1155 3560 1291 3616 alios
1315 3568 1398 3616 est
1431 3563 1661 3616 vitiosus
1689 3577 1701 3617 t
1731 3565 1881 3634 quia,
1911 3568 1969 3616 ιιι
1995 3561 2293 3631 Gregorius
2326 3560 2416 3615 di-

413 3645 508 3711 cit,
533 3649 721 3702 contra
745 3647 1008 3702 ’tatarum‘
1034 3648 1311 3720 superbire
1349 3655 1423 3703 est
1459 3650 1714 3704 hominem
1742 3649 1941 3704 homini
1970 3649 2095 3705 velle
2113 3647 2415 3704 dominari.

415 3735 568 3790 Unde
605 3735 650 3792 si
690 3735 780 3792 ille
805 3737 895 3809 qui
929 3737 1022 3793 clat
1064 3737 1338 3792 licentiam
1369 3735 1435 3792 ad
1469 3739 1783 3793 cathedram
1814 3737 2419 3808 magistralemposeet

413 3823 764 3880 eminentiam
796 3827 1080 3897 sapientiae
1108 3827 1258 3888 dare,
1287 3829 1433 3880 sicut
1466 3813 1669 3898 ille'qui
1697 3835 1978 3898 promovet
2008 3827 2073 3882 ad
2102 3827 2417 3882 cathedram

415 3912 802 3985 pontificalem,
833 3916 928 3971 dat
961 3915 1309 3972 eminentiam
1356 3916 1662 3986 potestatis,
1690 3923 1833 3972 esset
1870 3915 2191 3989 simpliciter
2220 3932 2423 3989 expos·
