2800 4492
534 277 648 339 170
1007 293 1058 339 s.
1104 291 1337 337 ‘ruouAE
1379 290 1705 340 souma-ms
1747 288 2054 338 opuscuwt

529 426 567 465 x
587 408 889 481 Metaphys.
925 408 1079 479 (text.
1104 402 1247 463 comss
1274 409 1360 475 4),·
1388 405 1735 462 manifestum
1761 410 1846 460 ost
1871 405 2014 477 quod
2041 404 2224 461 omnia
2250 421 2373 478 quae
2405 414 2524 461 sunt

530 500 689 553 unius
712 497 944 569 generiS,
972 501 1198 569 possunt
1226 494 1427 550 habere
1467 510 1629 550 unam
1674 510 1982 551 mensuram
2024 509 2389 561 communem,
2420 511 2524 550 non

530 591 713 640 autem
766 600 890 657 quae
940 589 1068 639 sunt
1118 598 1378 654 generum
1431 572 1791 639 diversorum.
1844 581 2046 638 Omnes
2093 576 2291 639 ‘autem
2353 588 2524 638 motus

530 673 771 729 continui
810 672 1140 728 conveniunt
1169 672 1225 727 in
1262 686 1371 728 uno
1395 687 1611 742 genere,
1644 672 1701 727 in
1739 677 2005 744 quantum
2032 679 2161 727 sunt
2185 686 2526 727 commensu-

533 758 748 826 rabileS,
794 765 851 813 et
897 757 1018 815 ideo
1065 765 1292 831 possunt
1332 758 1533 814 habere
1576 774 1738 813 unam
1775 760 2086 813 mensuram
2125 772 2468 814 communem
2509 776 2522 811 ε

537 854 914 903 mensurantur
941 847 1088 904 enim
1116 862 1303 903 omnes
1327 847 1730 919 simplicissimo
1769 846 1929 902 modo
1957 848 2038 923 sui
2062 848 2296 919 generis,
2325 846 2530 903 scilicet

534 938 873 997 velocissimo
898 942 1047 992 motu
1076 936 1235 1011 primi
1262 934 1387 992 coeli
1413 935 1588 991 :unde
1612 936 1851 991 omnium
1879 942 2125 991 motuum
2151 936 2527 991 continuorum

536 1032 856 1099 potestesse
892 1042 1057 1083 unum
1096 1035 1310 1098 tempus
1346 1031 1672 1081 commune:
1705 1025 1846 1097 quod
1879 1024 2100 1097 quidem
2145 1029 2379 1097 tempuS,
2408 1024 2528 1079 licet

537 1116 784 1172 videatur
808 1130 927 1171 esse
964 1115 1259 1171 secundum
1289 1130 1460 1189 genus
1501 1113 1568 1170 de
1608 1129 1831 1170 numero
1873 1113 2254 1179 discretorum,
2284 1114 2416 1185 quia
2452 1121 2530 1169 est

534 1219 789 1259 numerus
816 1200 1006 1260 harum
1036 1219 1219 1259 rerum
1248 1203 1650 1268 continuarum,
1675 1201 1886 1257 scilicet
1906 1206 2170 1268 motuum,
2192 1202 2252 1256 fit
2277 1207 2333 1256 et
2357 1202 2532 1273 ipsum

532 1292 878 1361 continuum3
906 1294 1047 1348 sicut
1071 1292 1239 1348 decem
1264 1292 1587 1364 simpliciter
1611 1290 1838 1353 dictum,
1871 1297 1953 1345 est
1975 1288 2180 1361 aliquid
2204 1289 2532 1356 discretum;

532 1381 627 1438 sed
656 1380 844 1436 decem
876 1380 1017 1438 ulnae
1046 1382 1208 1453 panni
1232 1386 1316 1435 est
1349 1380 1554 1451 aliquid
1582 1380 1920 1435 continuum.
1949 1378 2322 1435 Discretorum
2350 1386 2536 1434 autem

534 1478 589 1526 et
614 1471 994 1527 continuorum
1024 1487 1127 1527 non
1159 1476 1336 1543 potest
1366 1484 1486 1526 esse
1509 1484 1615 1524 una
1639 1482 1895 1525 mensura
1921 1468 2246 1535 communis,
2274 1483 2404 1523 cum
2428 1468 2538 1523 sint

533 1559 871 1616 diversorum
901 1574 1178 1631 generum,
1213 1560 1265 1613 in
1298 1564 1562 1629 quantum
1597 1565 1724 1613 sunt
1754 1555 2174 1625 mensurabilia;
2201 1562 2256 1611 et
2285 1556 2412 1612 ideo
2443 1572 2538 1611 ne-

533 1663 685 1703 cesse
704 1654 807 1713 est,
839 1649 884 1703 si
911 1636 1037 1703 sunt
1068 1646 1234 1720 aliqui
1263 1653 1443 1703 motus
1470 1646 1731 1711 continui,
1762 1646 1906 1718 quod
1934 1653 2149 1718 tempus
2172 1660 2359 1701 eorum
2387 1645 2538 1701 aliud

510 1737 605 1792 ·sit
627 1751 658 1791 a
683 1741 832 1791 motu
860 1750 967 1807 quo
992 1727 1375 1790 mensurantur
1402 1739 1581 1791 motus
1600 1734 1843 1791 discreti.
1866 1733 2212 1789 Manifestum
2242 1742 2325 1789 est
2351 1742 2538 1790 autem

534 1824 679 1896 quod
712 1829 891 1878 motus
918 1822 1284 1895 spiritualium
1315 1829 1709 1890 creaturarum,
1737 1823 1806 1878 de
1852 1823 2050 1897 quibus
2087 1822 2427 1893 Augustinus
2451 1822 2538 1879 lo-

534 1911 737 1985 quitur,
766 1911 952 1966 dicens
977 1916 1286 1991 creaturam
1314 1911 1655 1984 spiritualem
1699 1912 1905 1968 moveri
1950 1926 2046 1983 per
2088 1920 2303 1984 tempus
2333 1922 2388 1967 et
2429 1928 2537 1968 non

532 2015 630 2072 per
655 1998 853 2063 locum,
881 2013 987 2053 non
1024 2007 1151 2055 sunt
1194 2006 1374 2055 motus
1400 2000 1676 2077 continui,v
1694 2000 1789 2055 sed
1828 2000 2234 2056 vicissitudines
2277 2002 2540 2073 quaedam
2627 2016 2634 2021 ·

534 2088 804 2144 discretae.
826 2086 969 2142 Dicit
994 2088 1154 2155 enim,
1180 2089 1324 2163 quod
1350 2104 1446 2160 per
1474 2096 1688 2161 tempus
1713 2094 1963 2144 movetur
1987 2089 2216 2155 animuS,
2248 2089 2334 2145 vel
2365 2090 2536 2145 remi-

537 2177 790 2233 niscendo
812 2176 955 2250 quod
985 2175 1188 2232 oblitus
1214 2183 1351 2243 erat,
1382 2176 1462 2231 vel
1495 2177 1754 2232 discendo
1783 2176 1928 2250 quod
1977 2176 2274 2242 nesciebat,
2305 2178 2392 2234 vel
2437 2195 2542 2234 vo-

534 2266 691 2321 lendo
718 2267 861 2340 quod
894 2264 1130 2322 nolebat.
1160 2266 1314 2323 Unde
1346 2266 1692 2321 manifestum
1718 2274 1820 2333 est,
1844 2266 1988 2340 quod
2019 2281 2142 2322 cum
2184 2272 2397 2341 tempus
2427 2284 2540 2325 non

534 2356 732 2415 babeat
755 2356 1171 2412 continuitatem
1198 2356 1300 2411 nisi
1331 2371 1398 2411 ex
1424 2361 1592 2420 motu,
1622 2354 1766 2427 quod
1808 2354 1916 2410 tale
1947 2361 2158 2427 tempus
2203 2370 2308 2411 non
2336 2356 2540 2413 habeat

533 2446 865 2513 continuum,
893 2450 948 2499 et
972 2445 1116 2517 quod
1147 2452 1230 2501 est
1254 2444 1399 2500 aliud
1431 2460 1462 2500 a
1488 2451 1730 2517 tempore
1759 2442 2123 2519 corporalium
2151 2459 2352 2499 rerum.

532 2530 539 2535 “
600 2534 680 2590 Ad
708 2536 941 2607 primum
965 2548 1093 2605 ergo
1120 2533 1429 2599 dicendum,
1463 2533 1605 2605 quod
1634 2535 1968 2603 Augustinus
1995 2549 2061 2589 ex
2083 2534 2200 2609 ipsa
2223 2534 2538 2601 differentia

531 2631 773 2677 motuum
799 2622 895 2677 dat
921 2620 1220 2692 intelligere
1244 2621 1604 2677 differentiam
1633 2628 1960 2693 temporum.

600 2711 684 2767 Ad
710 2708 1007 2766 secundu‘m
1045 2708 1353 2774 dicendum,
1388 2710 1530 2781 quod
1562 2725 1625 2766 eo
1657 2710 1815 2766 modo
1844 2708 2050 2783 aliquid
2089 2716 2172 2766 ost
2201 2726 2388 2789 unum,
2423 2727 2535 2785 quo

530 2806 613 2853 est
651 2805 707 2853 et
734 2797 935 2855 dicitur
976 2812 1095 2853 esse
1141 2812 1155 2853 ε
1196 2796 1339 2869 quod
1378 2798 1522 2852 enim
1551 2798 1750 2853 dicitur
1780 2814 1900 2853 esse
1927 2799 2226 2855 secundum
2267 2801 2530 2873 speciem,

531 2893 613 2941 est
646 2901 808 2940 unum
838 2885 1037 2957 specie,
1080 2900 1185 2943 non
1216 2891 1398 2941 autem
1438 2901 1603 2941 unum
1634 2901 1856 2941 numero
1887 2903 1900 2941 ι
1945 2887 2086 2942 unde
2125 2904 2229 2943 non
2258 2890 2529 2963 sequitur,

531 2975 574 3030 si
605 2974 713 3031 sint
751 2973 930 3048 plures
963 2972 1228 3043 homines
1269 2975 1414 3051 quod
1446 2990 1548 3032 non
1586 2974 1878 3039 sit-bomo:
1912 2985 1966 3031 et
1995 2976 2246 3033 similitor
2288 2993 2394 3033 non
2439 2992 2532 3038 soz

530 3063 735 3140 quitur‚
762 3062 809 3121 si
836 3063 946 3121 sint
974 3061 1129 3136 plura
1159 3072 1424 3137 tempora,
1456 3062 1602 3137 quod
1630 3079 1737 3123 non
1764 3064 1837 3121 sit
1863 3072 2093 3141 tompus,

1246 3262 1643 3343 QUAESTIO
1689 3264 1801 3333 IV.

597 3418 803 3476 Deinde
826 3419 1118 3492 quaesitum
1142 3428 1225 3477 est
1249 3420 1317 3477 de
1339 3420 1576 3478 homine.
1604 3422 1670 3477 Et
1693 3422 1866 3495 primo
1886 3430 2152 3496 quantum
2177 3424 2246 3480 ad
2273 3424 2526 3485 virtutes·

524 3509 772 3569 Secundo
809 3515 1072 3582 quantum
1112 3511 1179 3566 ad
1226 3516 1470 3583 peccata.
1503 3512 1686 3567 Tertio
1716 3519 1979 3585 quantum
2014 3514 2081 3569 ad
2112 3528 2318 3585 poenaS.
2369 3515 2528 3571 Circa

525 3595 755 3657 virtutes
776 3605 958 3656 autem
990 3599 1089 3654 fuit
1112 3600 1401 3672 qnaesitum
1426 3606 1481 3655 e't
1505 3605 1768 3673 quantum
1792 3602 1859 3657 ad
1887 3617 1972 3656 res
2001 3602 2235 3667 divinas,
2261 3611 2316 3658 et
2345 3619 2529 3676 quan-

525 3696 638 3743 tum
671 3688 738 3745 ad
769 3703 855 3744 res
881 3687 1164 3747 humaneS.
1196 3688 1469 3761 Quantum
1496 3689 1563 3747 ad
1591 3705 1677 3743 res
1701 3689 1932 3757 divinaS,
1961 3690 2192 3765 quaesita
2218 3696 2345 3747 sunt
2375 3693 2478 3747 tria
2511 3710 2522 3747 :

523 3778 583 3830 lo
612 3778 759 3835 circa
791 3776 986 3844 fidem
1024 3783 1205 3835 utrum
1246 3777 1443 3855 aliquis
1481 3783 1755 3835 teneretur
1783 3778 2006 3835 credere
2044 3778 2258 3837 Christo
2289 3778 2528 3839 visibilia

522 3864 785 3928 miracula
815 3880 919 3930 non
948 3865 1198 3942 facient13
1230 3868 1290 3928 2⁰
1318 3865 1466 3931 circa
1495 3866 1620 3933 fidei
1649 3875 2067 3945 sacramentum,
2097 3874 2280 3929 utrum
2311 3871 2526 3951 parvuli
