2800 4492
531 348 654 414 388
980 326 1064 412 ἐ.
1109 360 1343 408 ‘raons
1382 359 1713 414 aemulans
1753 359 2061 407 croscum
2092 378 2098 383 -

534 482 684 541 natio
710 487 796 540 est
824 477 1085 538 terminus
1109 478 1299 537 localis
1325 477 1478 547 solis»,
1512 477 1606 553 qui
1634 483 1720 535 est
1753 477 1987 536 mutatio
2017 477 2369 536 instantanea
2392 475 2585 534 exis-

535 580 658 630 tens
677 572 820 630 inter
855 569 1086 628 formam
1126 567 1347 625 luminis
1370 574 1428 626 et
1455 567 1819 642 privationem
1860 569 1994 640 ejuS‚
2020 567 2232 624 scilicet-
2260 566 2579 625 tenebras.

536 660 838 735 Cujuslibet
865 664 1050 717 autem
1084 664 1266 716 motus
1293 657 1388 732 qui
1428 663 1775 714 mensu-ratur
1806 656 1991 730 aliquo
2030 663 2293 729 ternpore,
2324 660 2581 729 oportet.

535 751 684 826 quod
709 748 932 806 ultimus
957 748 1221 805 terminus
1248 747 1323 804 sit
1345 745 1400 803 in
1429 747 1625 804 ultimo
1647 746 1875 802 instanti
1906 743 2184 818 temporis,
2215 745 2390 814 Unde,
2424 761 2579 802 cum

537 839 713 896 forma
733 837 1107 896 substantialis
1128 835 1202 894 sit
1225 835 1451 910 quidam
1480 835 1745 892 terminus
1776 833 2135 904 alterationis„
2158 839 2371 908 oportet
2396 835 2573 908 quod

538 929 596 984 in
621 927 815 985 ultimo
843 926 1070 983 instanti
1093 923 1238 981 illius
1266 924 1526 998 temporis
1541 925 1919 980 introducatur
1947 921 2121 980 forma
2144 923 2571 980 substantialis·

538 1015 826 1090 Corruptio
851 1021 1036 1073 autem
1063 1019 1120 1072 et
1147 1014 1429 1087 generatio
1452 1013 1616 1070 simul
1643 1018 1890 1080 currunt,
1914 1013 2043 1086 quia
2071 1013 2352 1084 generatio
2382 1014 2575 1069 unius

539 1114 624 1164 est
646 1105 924 1179 corruptio
962 1104 1208 1162 alterius.
1235 1099 1467 1178 Oportet
1496 1119 1627 1176 ergo
1665 1103 1810 1177 quod
1845 1101 1903 1158 in
1928 1101 2121 1158 ultimo
2149 1101 2374 1158 instanti
2400 1101 2573 1158 illius

542 1193 802 1269 temporis
843 1195 916 1250 sit
959 1193 1225 1251 terminus
1264 1191 1632 1266 corruptionis
1674 1193 1855 1262 unius»,
1883 1198 1943 1250 ut
1981 1191 2144 1258 aeris,
2177 1199 2234 1247 et
2283 1191 2571 1248 terminus

541 1281 908 1357 generationis
945 1282 1190 1350 alteriue,
1222 1290 1282 1338 ut
1323 1282 1485 1356 ignis.
1514 1280 1802 1338 Terminus
1843 1289 2028 1338 autem
2064 1283 2433 1354 corruptionis
2472 1287 2573 1337 est

540 1390 650 1430 non
688 1388 830 1430 esset
861 1373 1091 1446 Oportet
1133 1387 1264 1445 ergo
1290 1371 1524 1444 quodin
1548 1370 1742 1427 ultimo
1768 1370 1995 1427 instanti
2020 1369 2165 1425 illius
2186 1371 2454 1442 temporis
2484 1371 2571 1426 sit

541 1463 719 1537 primo
746 1468 854 1518 non
884 1477 998 1536 aer,
1012 1465 1069 1517 et
1094 1460 1271 1534 primo
1301 1460 1461 1533 ignis.
1501 1459 1609 1517 Sed
1633 1465 1761 1516 ante
1802 1457 2055 1515 ultimum
2084 1459 2293 1515 instans
2318 1447 2570 1532 alicujus

525 1544 806 1626 'temporid
849 1555 1166 1623 nonpotest
1196 1549 1372 1622 accipi
1398 1548 1796 1623 penultimum3
1825 1549 1951 1620 quia
1978 1549 2121 1604 inter
2152 1547 2413 1621 quaelibet
2442 1549 2563 1605 duo

541 1641 922 1698 instantia-est
956 1645 1172 1712 tempus
1200 1638 1461 1706 medium,
1481 1637 1778 1695 secundum
1804 1637 2218 1710 Philosophum
2250 1643 2307 1694 et
2333 1639 2415 1692 sic
2446 1655 2568 1694 non

519 1735 629 1787 'est
652 1724 904 1802 accipere
928 1728 1180 1785 ultimum
1207 1727 1419 1785 instans
1447 1729 1503 1784 in
1550 1743 1658 1801 quo
1683 1727 1757 1784 sit
1792 1743 1919 1797 aer;
1944 1727 2042 1783 sed
2079 1725 2137 1782 in
2164 1731 2281 1784 toto
2307 1713 2567 1800 tempore

544 1803 898 1896 mensurante
938 1813 1149 1883 motum
1195 1815 1538 1874 alterationis
1583 1825 1703 1874 erat
1746 1827 1860 1886 aer,
1888 1822 1945 1872 et
1990 1817 2047 1873 in
2092 1816 2289 1874 ultimo
2321 1815 2564 1874 instanti

543 1909 664 1980 ejus
691 1911 776 1975 est
799 1903 979 1979 primo
1001 1919 1110 1962 non
1139 1919 1253 1974 aer,
1284 1910 1341 1962 et
1368 1907 1543 1978 primo
1582 1904 1743 1978 ignis·
1770 1905 1840 1963 Et
1866 1905 2119 1962 similiter
2157 1904 2562 1962 transubstan-

520 1994 702 2052 ‘tiatio
737 2000 821 2051 est
855 1993 1136 2051 terminus
1171 1994 1460 2066 cujusdam
1502 2003 1703 2063 motus,
1735 1995 1830 2068 qui
1856 1995 2109 2051 consistit
2146 1993 2201 2050 in
2241 1994 2560 2068 prolatione

525 2075 883 2143 verborum:
911 2080 1100 2140 unde
1083 2099 1142 2141 in
1182 2081 1378 2140 ultimo
1418 2084 1647 2140 instanti
1690 2081 1952 2157 temporis
1987 2085 2359 2141 mensurantis
2396 2085 2563 2142 illam

543 2171 907 2246 prolationem
930 2180 1014 2230 est
1043 2155 1219 2248 primo
1243 2189 1351 2230 non
1381 2173 1556 2247 paniS,
1586 2178 1644 2230 et
1672 2171 1849 2248 primo
1884 2188 2083 2247 corpus
2111 2172 2343 2244 Christi;
2370 2179 2429 2230 et
2469 2175 2559 2232 sic

523 2271 658 2318 ‘non
687 2261 770 2319 est
806 2261 1060 2319 ultimum
1101 2259 1314 2320 instans
1348 2263 1406 2319 in
1433 2278 1545 2336 quo
1571 2266 1658 2319 est
1691 2263 1867 2336 panis,
1900 2261 1996 2319 sed
2028 2261 2280 2320 ultimum
2308 2268 2557 2337 tempus„

543 2352 696 2408 Inter
731 2356 948 2426 tempus
983 2358 1169 2410 autem
1210 2355 1267 2409 et
1305 2351 1517 2409 instans
1546 2367 1653 2408 non
1689 2357 1907 2425 oportet
1948 2351 2094 2426 quod
2138 2351 2348 2425 aliquid
2391 2353 2566 2411 cadat

546 2441 809 2509 medium,
842 2442 986 2512 sicut
1021 2457 1124 2499 nec
1148 2441 1293 2498 inter
1334 2441 1536 2499 lineam
1576 2447 1634 2510 et
1663 2445 1959 2515 punctum3
1990 2447 2047 2498 et
2073 2441 2157 2498 sic
2193 2458 2302 2504 non
2339 2449 2567 2517 oportet

519 2520 695 2604 ‘q‘uod
719 2531 1014 2604 aliquando
1041 2527 1230 2605 neque
1247 2530 1319 2586 sit
1344 2527 1501 2604 panis
1526 2544 1703 2603 neque
1725 2545 1922 2602 corpus
1944 2529 2165 2588 Christi.

617 2618 691 2675 Et
714 2615 793 2677 lta
818 2625 969 2691 patet
992 2617 1192 2675 solutio
1219 2617 1288 2674 ad
1317 2609 1575 2691 primum.

520 2709 526 2714 '
605 2696 706 2766 ‘'Ad
730 2707 1030 2763 secundum
1050 2704 1361 2776 dicendum,
1381 2708 1528 2781 quod
1554 2713 1817 2782 punctum
1834 2707 2082 2766 additum
2104 2708 2191 2768 vel
2214 2709 2570 2770 subtractum

523 2785 712 2882 'lineae
737 2811 842 2851 non
865 2794 998 2852 facit
1021 2797 1197 2868 majus
1225 2795 1310 2852 vel
1337 2796 1516 2853 minus
1535 2813 1548 2852 t
1570 2803 1625 2852 et
1648 2795 1900 2855 similiter
1924 2805 2009 2855 est
2030 2799 2099 2855 de
2128 2797 2353 2858 instanti
2383 2817 2571 2876 appo-

554 2882 660 2940 sito
690 2883 922 2956 tempori
946 2883 1032 2940 vel
1071 2883 1351 2940 subtracto
1377 2883 1447 2940 ab
1490 2899 1573 2942 eo,
1605 2885 1780 2954 Unde,
1813 2886 2065 2960 quamvis
2112 2887 2168 2945 in
2205 2890 2398 2946 ultimo
2444 2893 2573 2949 ins-

553 2972 695 3029 tanti
723 2973 985 3046 temporis
1011 2971 1379 3029 mensurantis
1411 2988 1549 3041 esse,
1582 2975 1739 3047 panis
1766 2989 1874 3032 non
1916 2976 1990 3032 sit
2030 2977 2207 3050 panis,
2239 2985 2421 3042 tamen
2455 2995 2575 3036 non

554 3062 804 3137 sequitur
828 3063 974 3138 quod
1003 3069 1220 3136 tempus
1241 3061 1375 3119 illud
1403 3062 1476 3120 sit
1499 3064 1678 3136 majus
1702 3080 1868 3144 quam
1904 3063 2122 3124 duratio
2150 3082 2271 3126 esse
2297 3067 2480 3143 paule,
2516 3080 2577 3128 et

553 3152 638 3209 sic
665 3151 812 3225 quod
836 3168 1090 3209 mensura
1117 3167 1224 3209 non
1253 3158 1504 3226 aequatur
1532 3160 1868 3211 mensurato.

625 3240 712 3297 Ad
740 3239 963 3298 tertium
1001 3241 1310 3309 dicendum,
1343 3241 1492 3314 quod
1527 3241 1737 3299 instans
1778 3241 1983 3300 dicitur
2015 3259 2335 3303 mensurare
2376 3254 2579 3307 muta·-

555 3327 762 3386 tionem
803 3327 1042 3402 aliquam
1088 3329 1511 3402 instantaneam‚
1537 3329 1594 3387 in
1638 3339 1904 3404 quantum
1951 3339 2234 3392 mensurat
2268 3336 2577 3392 terminum

555 3419 676 3492 ejus
703 3417 776 3474 ad
803 3433 972 3492 quem,
1001 3419 1132 3492 quia
1162 3421 1427 3476 terminus
1450 3434 1485 3475 a
1506 3435 1607 3493 quo
1624 3420 1875 3492 jungitur
1912 3437 2041 3480 cum
2085 3419 2386 3482 toto'motu
2416 3441 2583 3499 prae-

555 3506 886 3579 cedent13et
920 3508 1000 3568 ita
1028 3517 1372 3567 mensuratur
1422 3516 1667 3582 tempore
1710 3517 2061 3576 mensurante
2100 3519 2313 3572 motum
2354 3531 2585 3589 praece-

559 3597 809 3668 dentem;
839 3597 938 3654 sed
961 3604 1176 3674 tempus
1210 3605 1490 3656 mensurat
1510 3604 1719 3657 motum
1748 3601 1961 3658 ratione
2003 3601 2289 3678 utriusque
2316 3607 2579 3678 termini3

557 3692 614 3743 et
633 3687 758 3744 ideo
787 3702 892 3744 non
923 3693 1006 3744 est
1032 3688 1229 3744 simile.
1729 3760 1737 3763 ἢ

627 3775 713 3831 Ad
735 3781 992 3848 quartum
1015 3775 1489 3851 dicendum,quod
1506 3776 1633 3849 fieri
1660 3777 1861 3835 dicitur
1889 3778 2201 3853 dupliciter.
2232 3775 2353 3840 Uno
2383 3785 2583 3856 mod0‚

557 3863 766 3920 moveri
797 3862 866 3920 ad
895 3869 1116 3934 esso;et
1145 3863 1225 3920 sic
1254 3863 1387 3920 illud
1418 3866 1562 3939 quod
1587 3874 1899 3940 generatur,
1928 3868 1983 3926 in
2011 3876 2127 3927 toto
2155 3877 2403 3945 tempore
2428 3874 2592 3931 alte-

559 3951 787 4008 rationis
812 3951 1172 4024 praecedentis
1204 3953 1406 4013 dicitur
1444 3955 1563 4012 fieri
1591 3973 1605 4013 z
1635 3965 1691 4015 et
1713 3955 1818 4016 hoc
1855 3959 2017 4016 modo
2048 3959 2291 4036 loquitur
2323 3961 2595 4024 Philoso-
