2800 4492
749 339 838 383 x1.
871 355 952 368 -
977 340 1046 384 m
1085 341 1354 388 nonnum
1394 344 1474 389 nn
1516 341 1842 394 zrmnrrA'rn
2220 337 2301 398 89

289 449 350 507 iu
380 451 480 520 eis,
509 451 610 509 nisi
641 454 942 512 secundum
971 470 1092 512 esse
1132 459 1280 530 quod
1307 459 1511 517 habent
1548 462 1605 518 in
1635 463 1933 522 intellectu.
1976 467 2100 524 Alio
2138 471 2299 527 modo

287 541 592 597 secuudum
618 543 764 615 quod
800 552 1189 616 comparantur
1227 547 1294 602 ad
1326 565 1433 616 reS‚
1465 567 1697 622 quarum
1726 561 1854 610 suut
1892 555 2148 625 rationes,
2177 575 2301 631 quae

287 629 513 701 quidem
542 647 630 687 res
657 637 784 688 sunt
813 633 868 688 in
896 636 1126 692 materia
1152 642 1208 690 et
1235 643 1407 705 motu,
1436 647 1491 694 et
1514 640 1595 695 sic
1622 649 1749 697 sunt
1778 643 2043 716 principia
2068 661 2302 718 cognos-

235 711 240 714 ’
287 718 450 773 cendi
474 719 586 786 illa,
627 721 758 793 quia
787 722 963 778 omnis
996 737 1084 778 res
1113 726 1462 795 cognoscitur
1492 743 1587 798 per
1623 743 1780 785 suam
1810 730 2040 788 formam
2083 751 2097 788 :
2132 743 2187 790 et
2224 736 2299 792 ita

285 823 388 879 per
433 806 742 879 hujusmodi
785 810 1025 867 rationes
1072 812 1396 882 immobilem,
1442 821 1499 870 et
1544 815 1661 872 sine
1705 820 1939 876 materia
1982 823 2298 893 particulari

287 895 683 964 consideratas,
711 897 943 954 habetur
965 899 1204 970 cognitio
1229 901 1284 956 in
1313 903 1544 959 scientia
1572 906 1810 962 naturali
1839 907 1909 964 do
1930 909 2093 967 rebus
2121 912 2301 968 mobi-

275 979 432 1040 libus
454 991 511 1040 et
539 985 912 1042 materialibus
940 994 1097 1045 extra
1127 989 1362 1046 animam
1389 992 1771 1050 existentibus·

360 1074 444 1129 Ad
474 1074 707 1146 primum
749 1075 916 1146 igitur
951 1077 1262 1145 dicendum,
1291 1081 1436 1152 quod
1470 1083 1701 1139 materia
1740 1099 1845 1140 non
1875 1093 1958 1140 est
1987 1087 2300 1146 individua-

285 1163 455 1219 tionis
512 1163 858 1234 principium,
909 1163 1013 1219 nisi
1057 1167 1354 1222 secundum
1402 1170 1550 1240 quod
1597 1177 1680 1226 est
1728 1172 1831 1227 sub
1872 1173 2301 1235 dimensionibus

285 1250 520 1322 signatis
546 1251 802 1327 existenS‚
848 1258 905 1308 et
937 1252 1019 1309 sic
1046 1254 1216 1310 etiam
1256 1256 1486 1313 scientia
1526 1259 1793 1317 naturalis
1833 1277 1866 1318 a
1910 1266 2142 1322 materia
2170 1267 2301 1324 abs-

285 1339 478 1394 trahit.

357 1427 442 1484 Ad
468 1426 767 1483 secundum
805 1425 1116 1496 dicendum,
1144 1431 1290 1501 quod
1317 1431 1493 1490 forma
1519 1434 1879 1508 intelligibilis
1908 1446 1991 1496 est
2019 1443 2299 1514 quidditas

281 1515 368 1572 rei
402 1533 414 1569 :
441 1514 713 1586 objectum
739 1522 923 1570 autem
944 1515 1251 1572 intellectus
1276 1527 1360 1574 est
1390 1520 1541 1592 quid,
1572 1531 1633 1576 ut
1656 1523 1859 1579 dicitur
1889 1540 1959 1583 111
1982 1527 2051 1583 de
2078 1531 2297 1590 Anima.

283 1603 578 1673 Quidditas
613 1609 797 1658 autem
819 1605 1108 1676 compositi
1141 1607 1482 1690 universa-lis.
1518 1616 1575 1663 ut
1604 1610 1856 1680 hominm,
1896 1614 1981 1670 vel
2025 1619 2293 1686 animali3‚

285 1692 518 1748 includit
544 1691 602 1746 in
636 1707 694 1746 se
739 1693 1025 1748 materiam
1064 1693 1446 1764 universalem,'
1477 1713 1583 1753 non
1627 1701 2033 1773 particularem,
2070 1713 2130 1762 ut
2156 1709 2299 1765 dici-

283 1790 379 1838 tur
404 1795 488 1836 vn
527 1781 693 1835 Meta.
743 1780 898 1835 Unde
941 1779 1250 1839 intellectus
1276 1786 1639 1843 communiter
1678 1788 1947 1848 abstrahit
1988 1809 2019 1849 a
2068 1799 2298 1855 materia

281 1871 500 1942 signata
525 1874 580 1924 et
608 1867 1010 1925 conditionibus
1034 1871 1153 1942 ejus
1191 1889 1204 1927 z
1237 1887 1347 1929 non
1379 1883 1563 1932 autem
1602 1892 1635 1934 a
1678 1881 1908 1937 materia
1937 1886 2209 1941 communi
2242 1887 2297 1942 in

281 1957 518 2015 scientia
554 1955 809 2022 naturali,
851 1957 1103 2030 quamvis
1130 1960 1298 2016 etiam
1337 1961 1394 2016 in
1422 1963 1653 2021 scientia
1694 1968 1930 2024 naturali
1960 1985 2069 2026 non
2110 1975 2294 2029 consi-

280 2047 510 2103 deretur
547 2045 778 2100 materia
820 2045 924 2100 nisi
969 2047 1033 2100 in·
1054 2047 1244 2103 ordine
1281 2049 1350 2105 ad
1391 2049 1624 2108 sormam
1667 2070 1681 2108 ε
1734 2056 1877 2111 unde
1905 2059 2073 2114 etiam
2119 2060 2295 2120 forma

279 2151 382 2209 per
409 2135 562 2208 prius
585 2140 669 2189 est
698 2132 766 2188 de
792 2132 1229 2191 consideratione
1251 2138 1518 2196 naturalis
1541 2157 1708 2213 quam
1736 2145 1985 2202 materia.

354 2223 440 2280 Ad
480 2221 702 2278 tertium
743 2221 1055 2290 dicendum,
1105 2225 1251 2296 quod
1295 2225 1364 2280 de
1407 2227 1581 2298 primo
1625 2237 1837 2288 motore
1878 2249 1985 2290 non
2029 2237 2209 2308 agitur
2238 2239 2291 2294 in

279 2313 514 2370 scientia
558 2311 796 2367 naturali
841 2317 1103 2383 tanquam
1144 2313 1212 2368 de
1259 2313 1526 2386 subjecte,
1574 2318 1657 2373 vel
1703 2327 1859 2391 parte
1902 2323 2153 2396 subjecti,
2200 2329 2293 2384 sed

281 2388 548 2473 tanquam
572 2399 640 2455 de
671 2398 904 2455 termino
932 2399 1000 2454 ad
1027 2415 1190 2472 quem
1219 2403 1486 2458 naturalis
1517 2405 1746 2462 scientia
1773 2409 2044 2480 perducit.
2080 2415 2293 2470 Termi-

279 2505 386 2546 nus
409 2497 594 2545 autem
621 2501 729 2542 non
763 2495 847 2542 est
889 2486 958 2542 de
993 2495 1188 2545 natura
1228 2490 1308 2544 rei
1351 2492 1510 2562 cujus
1551 2501 1634 2550 est
1678 2497 1960 2564 termium,
2004 2501 2101 2556 sed
2128 2501 2291 2559 habet

279 2571 524 2649 aliquam
549 2573 928 2629 habitudinem
957 2573 1026 2630 ad
1057 2590 1170 2630 rem
1203 2573 1368 2644 illam,
1406 2578 1550 2634 sicut
1581 2581 1845 2638 terminus
1880 2583 2037 2642 lineae
2064 2603 2170 2644 non
2210 2597 2292 2644 est

278 2665 446 2728 linea,
485 2663 582 2720 sed
616 2661 782 2717 habet
807 2661 1047 2732 aliquam
1084 2662 1461 2721 habitudinem
1491 2667 1559 2722 ad
1591 2684 1750 2725 eam:
1782 2671 1863 2728 ita
1895 2681 1950 2730 et
1974 2682 2153 2732 motor
2177 2678 2293 2750 pri-

276 2768 405 2810 mus
431 2750 595 2807 habet
618 2749 859 2822 aliquam
887 2748 1262 2808 habitudinem
1285 2752 1356 2808 ad
1387 2769 1478 2810 res
1503 2758 1800 2827 naturales,
1828 2769 1914 2817 est
1942 2767 2125 2821 tamen
2150 2765 2290 2822 alte-
2351 2818 2356 2823 .

276 2843 397 2898 rius
427 2847 637 2896 naturae
675 2839 744 2894 ab
779 2839 878 2894 eis.
909 2838 1089 2894 Habet
1123 2841 1267 2896 enim
1298 2841 1674 2901 habitudinem
1705 2847 1775 2904 ad
1810 2865 1905 2906 eas
1932 2851 1987 2906 in
2024 2862 2290 2926 quantum

276 2919 462 2986 influit
505 2929 585 2984 eis
624 2932 854 2994 motum,
898 2935 954 2982 et
997 2927 1079 2983 sic
1106 2928 1254 2984 cadit
1296 2929 1354 2984 in
1388 2933 1825 2994 consideratione
1854 2941 2139 3009 naturalis,
2185 2962 2289 3001 non

274 3017 579 3075 secundum
606 3015 804 3088 ipsum,
839 3015 935 3070 sed
961 3015 1014 3071 in
1041 3022 1308 3088 quantum
1332 3024 1530 3075 motor.

349 3105 434 3162 Ad
469 3111 726 3179 quartum
754 3103 1064 3168 dicendum,
1106 3105 1252 3178 quod
1282 3107 1514 3165 scientia
1543 3116 1627 3165 est
1655 3109 1725 3166 de
1760 3112 1943 3189 aliquo
1977 3117 2285 3191 dupliciter.

271 3197 398 3254 Uno
431 3194 592 3250 modo
619 3192 795 3264 primo
824 3199 879 3249 et
914 3193 1305 3265 principaliter,
1339 3201 1396 3251 ει
1425 3195 1506 3252 sic
1535 3197 1764 3258 scientia
1792 3210 1875 3258 est
1903 3205 1972 3260 de
2002 3208 2287 3267 universa-

273 3284 421 3340 libus
448 3281 748 3339 rationibus
775 3297 940 3353 super
967 3298 1107 3355 quas
1134 3281 1415 3339 fundatur.
1454 3285 1577 3341 Alio
1607 3289 1769 3345 modo
1798 3297 1881 3346 est
1907 3293 1975 3348 de
2014 3296 2287 3370 aliquibus

269 3363 620 3438 secundario,
657 3377 714 3426 et
749 3370 906 3442 quasi
949 3386 1045 3442 per
1085 3369 1434 3428 reflexionem
1463 3377 1777 3445 quamdam,
1810 3387 1864 3436 et
1902 3382 1986 3438 sic
2021 3385 2088 3440 cle
2125 3388 2287 3446 rebus

271 3461 388 3517 illis
413 3469 496 3516 est
531 3474 764 3533 quarum
791 3466 919 3514 sunt
949 3455 1065 3514 illae'
1082 3459 1340 3527 rationes,
1381 3461 1437 3516 iu
1462 3473 1727 3536 quantum
1767 3469 2005 3527 rationes
2032 3474 2153 3530 illas
2182 3494 2285 3551 ap-

269 3550 446 3622 plicat
489 3548 556 3604 ad
585 3563 674 3604 res
719 3547 887 3604 etiam
916 3546 1292 3618 particulareS‚
1326 3566 1560 3622 quarum
1604 3561 1730 3608 sunt
1777 3557 2107 3618 adminiculo
2143 3565 2285 3634 infe-

171 3701 187 3708 ,
269 3639 484 3694 riorum
523 3635 745 3694 virium.
791 3636 1025 3692 Ratione
1068 3636 1215 3691 enim
1259 3637 1556 3696 universali
1599 3641 1773 3698 utitur
1814 3647 1991 3703 sciens
2028 3657 2082 3704 et
2124 3659 2184 3706 ut
2224 3671 2283 3710 re

265 3729 436 3793 scita,
464 3731 519 3780 et
559 3734 620 3783 ut
649 3724 828 3780 medio
857 3725 1085 3781 sciendi.
1123 3725 1226 3780 Per
1250 3726 1615 3784 universalem
1662 3733 1806 3788 enim
1838 3734 2071 3793 hominis
2110 3743 2281 3797 ratio-

264 3811 402 3874 nem
427 3829 647 3886 possum
673 3815 924 3886 judicare
947 3813 1015 3868 de
1039 3813 1159 3879 hoc,
1187 3813 1273 3869 vel
1303 3815 1371 3870 de
1407 3815 1519 3870 illu.
1548 3819 1806 3874 Rationes
1835 3829 2019 3879 autem
2059 3828 2280 3886 univer-

260 3905 419 3966 sales
449 3910 628 3961 rerum
651 3908 779 3960 sunt
801 3917 990 3958 omnes
1008 3901 1330 3970 immobiles,
1359 3909 1416 3958 et
1440 3905 1563 3961 ideo
1591 3899 1855 3980 quantum
1880 3912 1949 3968 ad
1979 3913 2083 3971 hoc
2104 3921 2283 3978 omnis
