2800 4492
719 307 814 356 ιιι.
842 321 926 342 -
949 308 1020 355 nr
1055 299 1331 356 semitm
1367 307 1449 355 ιιιι
1488 310 1816 360 ’ramum
1916 283 1925 292 ’
2155 295 2275 361 113

963 514 1423 577 ARTIGULUS
1485 515 1566 578 11.
1637 535 1646 568 ε

275 698 282 702 .
391 645 614 712 Utrum
630 644 700 710 in
725 643 955 746 divinis
981 645 1068 710 sic
1085 644 1320 710 omnino
1348 627 1711 729 imaginatio
1738 605 2153 742 relinquendass
2196 695 2201 702 -
2310 629 2315 648 ²

333 781 418 841 Ad
442 780 744 839 secundum
773 781 854 838 sic
877 780 1210 854 proceditur.
1239 782 1294 837 l.
1323 781 1555 838 Videtur
1588 781 1737 855 quod
1773 781 1831 840 in
1867 783 2069 843 divinis
2108 801 2278 859 opor-

263 875 378 929 teat
406 869 478 928 ad
500 869 768 942 Imagines
795 869 1014 927 deduci.
1039 869 1282 927 Scientia
1319 869 1465 926 enim
1508 870 1695 929 divina
1734 888 2017 948 nunquam
2047 890 2277 950 compe-

261 961 468 1020 tentius
491 959 730 1017 traditur
756 974 925 1032 quam
948 958 1005 1015 in
1031 973 1190 1015 sacra
1221 958 1505 1032 Scriptura
1538 976 1553 1015 τ
1588 961 1685 1017 sed
1724 961 1780 1018 in
1804 976 1963 1022 sacra
1989 965 2275 1039 Scriptura·

259 1051 317 1107 in
344 1048 548 1105 divinis
573 1047 898 1105 deducimur
924 1047 996 1106 ad
1033 1045 1320 1120 imagines,
1345 1047 1481 1107 dum
1515 1047 1704 1108 divina
1746 1051 1907 1109 nobis
1938 1054 2042 1110 sub
2078 1055 2273 1128 figuris

259 1135 610 1196 sensibilibus
632 1135 951 1194 describunt
975 1151 990 1206 3
1015 1150 1147 1210 ergo
1176 1141 1395 1210 oportet
1418 1136 1481 1193 in
1513 1137 1715 1196 divinis
1737 1140 1809 1198 ad
1850 1141 2273 1216 imaginationes

259 1226 481 1284 deduci.
1754 1270 1759 1276 .
2050 1269 2061 1278 .

331 1319 386 1374 2.
415 1315 574 1382 Item,
603 1313 792 1372 divina
816 1328 926 1370 non
949 1312 1244 1387 capiuntur
1271 1312 1376 1370 nisi
1406 1314 1463 1370 in
1488 1314 1792 1385 intellectu,
1820 1318 2045 1378 unde-et
2075 1321 2159 1378 eis
2182 1321 2273 1380 ιιι-ὲ

265 1401 646 1462 tellectualiter
671 1401 881 1460 versari
915 1406 1150 1475 oportet,
1183 1409 1245 1459 ut
1267 1401 1481 1460 dictum
1516 1410 1644 1462 esti
1676 1405 1773 1462 sed
1800 1421 1908 1463 non
1937 1414 2025 1466 est
2062 1409 2273 1468 intelli-

227 1475 243 1488 ’
261 1507 392 1566 gere
423 1491 542 1550 sine
569 1490 970 1564 phantasmate,
1001 1496 1062 1546 ut
1090 1488 1225 1547 dicit
1253 1489 1427 1548 Philo.
1454 1505 1475 1548 1
1502 1496 1559 1548 et
1587 1507 1659 1550 ιιι
1694 1493 1764 1550 de
1792 1493 1988 1552 Anima
2010 1501 2187 1571 ;'ergo
2214 1500 2273 1557 in

260 1579 470 1639 divinis
490 1584 706 1653 oportet
731 1580 800 1636 ad
825 1577 1247 1650 imaginationes
1269 1579 1492 1636 deduci.

332 1671 388 1724 3.
422 1668 578 1733 Item,
609 1665 798 1724 divina
827 1665 990 1722 nobis
1025 1665 1263 1722 maxime
1304 1666 1655 1726 innotescunt
1676 1677 1793 1742 'per
1848 1669 2271 1734 illustrationem

259 1756 434 1814 divini
461 1755 603 1814 radii
629 1772 645 1810 ι
675 1755 773 1812 sed
813 1753 960 1812 sicat
983 1753 1126 1813 dixit
1153 1754 1316 1812 Dion.
1343 1771 1365 1812 1
1389 1769 1441 1812 c.
1470 1755 1631 1814 coele.
1659 1757 1813 1816 Hier.
1854 1778 1883 1813 ιι
1927 1761 2270 1835 Impossibile

259 1853 348 1904 est
383 1845 540 1904 nobis
575 1843 738 1902 aliter
771 1842 1121 1917 superlucere
1147 1843 1396 1902 divinum
1437 1845 1672 1912 radium,
1706 1847 1811 1904 nisi
1854 1850 2128 1909 varietate
2170 1861 2273 1911 sa*-

257 1948 480 1993 crorum
513 1930 846 1992 velaminum
888 1931 1361 1999 circumvelatum,
1417 1952 1445 1986 n
1488 1941 1547 1990 et
1592 1949 1751 1993 sacra
1786 1936 2061 1997 velamina
2105 1931 2271 2000 vocat

256 2023 598 2084 sensibilium
643 2021 944 2094 imagines3
971 2037 1102 2096 ergo
1129 2019 1185 2078 in
1231 2021 1435 2081 divinis
1476 2028 1693 2097 oportet
1739 2025 1810 2116 ad
1849 2027 2272 2101 imaginationes

258 2113 480 2172 deduci.
2256 2149 2263 2156 ·

330 2203 386 2260 4.
416 2203 572 2269 Item,
600 2199 748 2258 circa
772 2199 1052 2258 sensibilia
1083 2204 1299 2273 oportet
1323 2197 1773 2271 imaginabiliter
1784 2205 2033 2263 versari·
2018 2247 2031 2262 .
2057 2208 2156 2266 sed
2180 2209 2274 2267 di·-

259 2292 512 2352 vinorum
536 2289 904 2362 cognitionem
929 2302 998 2346 ex
1029 2287 1379 2346 sensibilibus
1403 2289 1689 2348 effectibus
1720 2292 2039 2366 accipimus,
2067 2312 2273 2355 secun·-

257 2381 394 2438 dum
417 2379 550 2436 illud
573 2379 806 2449 Roman.
839 2393 902 2435 ιι
935 2374 1239 2434 Invisibilia
1265 2376 1369 2434 Dei
1395 2393 1431 2434 ιι
1458 2385 1714 2436 creatura
1734 2380 1924 2437 mundi
1939 2398 2043 2454 per
2065 2401 2129 2440 ea
2154 2391 2271 2458 qum

257 2469 410 2543 facta
445 2474 572 2525 eant
613 2466 880 2526 intellecta
922 2464 1342 2539 conspiciuntur,
1366 2471 1519 2522 etc.·
1501 2481 1676 2539 ,ergo
1721 2463 1777 2524 in
1814 2467 2017 2527 divinis
2050 2477 2271 2576 oportet

259 2557 370 2616 ad
355 2557 622 2629 imagines
647 2555 867 2612 deduci.
1758 2599 1765 2606 .
2096 2597 2101 2600 -

333 2649 388 2703 ὅ.
415 2647 576 2713 Item,
597 2645 655 2700 in
698 2642 1088 2716 cognoscitivis
1129 2640 1368 2702 maxime
1408 2642 1722 2716 regulamur
1766 2659 1866 2718 per
1909 2647 1967 2704 id
2008 2651 2155 2724 quod
2180 2654 2269 2710 est

259 2732 588 2809 cognitionis
629 2731 982 2806 principium,
1010 2730 1156 2789 sicut
1193 2731 1253 2788 in
1297 2730 1640 2790 naturalibus
1673 2747 1771 2805 per
1815 2748 2053 2807 sensum,
2084 2755 2117 2797 a
2156 2757 2267 2814 quo

259 2831 451 2882 nostra
471 2821 713 2894 cognitio
736 2819 976 2893 incipit:
1003 2819 1101 2877 sed
1135 2817 1466 2893 principium
1504 2819 1899 2882 intellectualis
1938 2829 2269 2898 cognitionis

259 2912 317 2969 in
351 2911 510 2968 nobis
527 2916 611 2966 est
631 2907 972 2982 imaginatio,
1002 2923 1128 2965 cum
1151 2907 1524 2982 plantasmata
1545 2908 1651 2966 hoc
1678 2911 1841 2968 modo
1860 2923 2179 2988 comparent
2198 2919 2273 2976 ad
2356 2985 2363 2992 ‚

260 2999 603 3058 intellectum
641 3002 890 3054 nostrum
931 2995 1077 3052 sicut
1115 2996 1328 3054 colores
1371 2997 1445 3053 ad
1488 2999 1682 3067 visum,
1730 3004 1794 3054 ut
1828 3000 2031 3060 dicitur
2076 3021 2146 3064 ιιι
2200 3007 2271 3108 de

257 3089 489 3157 Anima3
519 3101 652 3159 ergo
671 3085 730 3142 in
759 3084 962 3144 divinis
988 3089 1206 3157 oportet
1234 3085 1343 3142 ad
1330 3085 1597 3158 imagines
1626 3085 1848 3146 deduci.
1940 3121 1947 3128 ’

333 3175 576 3242 6.,Item
601 3187 730 3230 cum
767 3171 1080 3229 intellectus
1121 3185 1231 3229 non
1266 3176 1457 3229 utatur
1498 3185 1703 3245 organo
1742 3177 2033 3250 corporali,
2063 3195 2133 3238 ex
2168 3181 2271 3242 lae-

258 3263 416 3322 sione
437 3261 630 3334 organi
655 3260 957 3334 corporalis
977 3274 1090 3318 non
1119 3259 1418 3332 impeditur
1455 3261 1603 3318 actio
1637 3261 1966 3334 intellectus,
1992 3261 2100 3325 nisi
2128 3287 2271 3344 qua-

258 3361 424 3411 tenus
467 3350 540 3408 ad
579 3348 1031 3422 imaginationem
1075 3349 1435 3416 convertitur,
1478 3349 1575 3406 sed
1621 3365 1719 3423 per
1762 3350 2039 3412 laesionem
2080 3364 2271 3434 organi

257 3437 580 3514 corporalis,
605 3438 819 3496 scilicet
843 3436 1073 3505 cerebri,
1091 3435 1390 3509 impeditur
1418 3436 1733 3496 intellectus
1757 3439 1815 3497 in
1838 3445 2274 3506 consideratione

255 3528 607 3598 divinorum;
630 3541 762 3600 ergo
797 3524 1111 3583 intellectus
1135 3524 1326 3583 divina
1361 3525 1734 3597 considerans,
1766 3529 1839 3587 ad
1879 3531 2149 3605 imagines
2174 3535 2275 3594 de·

253 3616 504 3676 ducitur.

329 3705 442 3765 Sed
483 3712 677 3762 contra
713 3703 972 3776 estquod
1013 3702 1150 3760 dicit
1177 3703 1378 3778 Diony.
1410 3719 1434 3762 ι
1460 3719 1512 3761 c.
1550 3705 1804 3779 mystica.»
1848 3707 2166 3782 Theologiae
2204 3706 2278 3771 ad

248 3793 608 3854 Timotheum
637 3792 914 3865 loquens.
948 3810 978 3846 ιι
1008 3791 1112 3859 Tu,
1132 3790 1316 3864 inquit
1343 3807 1380 3848 o
1408 3791 1584 3849 amice
1606 3792 1911 3863 Timotbee,
1938 3795 2088 3854 circa
2119 3813 2281 3874 mys..

247 3886 403 3946 ticas
435 3881 679 3942 visiones
712 3895 910 3940 sensus
944 3879 1296 3954 derelinque·
1282 3922 1298 3950 ,
1333 3897 1362 3932 ι
1399 3880 1499 3938 sed
1542 3881 1870 3954 imaginatio
1907 3897 2019 3942 non
2054 3895 2143 3949 ost
2170 3883 2279 3952 nisi

775 3995 827 4046 S.
857 3995 1013 4050 Τιιοιι.
1047 3998 1132 4052 Ao·
1167 3995 1432 4047 Oruscuta.
1459 4014 1513 4035 -ι
1550 3994 1611 4047 II.
1650 4017 1711 4035 -
1734 3996 1766 4047 8
