2800 4492
497 291 578 351 62
975 309 1030 354 s.
1071 308 1308 352 ¹1·quAE
1347 308 1675 359 Aoumxrxs
1717 308 2027 352 orusoum
2130 293 2141 301 '

499 423 742 480 tenditur
783 439 903 482 esse
943 425 1092 498 prior
1121 425 1282 481 rebus
1315 425 1439 486 aliis
1467 425 1687 492 creatis,
1718 432 1781 480 ut
1807 423 2110 489 elementis,
2156 428 2215 480 et
2242 423 2367 480 aliis
2401 422 2519 480 hu-

495 512 733 584 jusmodi
766 529 781 568 :
829 529 940 569 non
985 521 1170 570 autem
1211 514 1334 571 aliis
1362 513 1775 582 intentionibuS‚
1822 519 2011 585 utpote
2040 511 2423 579 affirmatione,
2454 519 2516 568 et

503 602 810 672 negatione,
843 610 937 658 aut
979 603 1267 674 divisione,
1300 612 1354 660 et
1381 603 1714 676 hujusmodi.
1754 603 1871 658 Nec
1912 609 2095 658 tamen
2133 601 2365 675 quilibet
2403 619 2518 657 nu-

502 704 688 752 merus
708 696 791 744 est
815 691 962 763 prior
985 693 1188 749 creatis
1209 693 1480 760 omnibu3‚
1514 691 1611 748 sed
1632 707 1889 747 numerus
1912 693 2005 764 qui
2035 698 2119 747 est
2141 707 2311 747 causa
2334 691 2519 746 omnis

502 776 852 842 rei‚-scilicet
891 781 1020 852 ipse*
1047 781 1213 847 Deus,
1259 781 1351 854 qui
1395 781 1696 838 secundum
1732 781 2097 852 Augustinum
2125 788 2208 836 est
2250 795 2517 836 numerus

502 865 648 920 omni
675 867 750 921 rei
777 868 1015 938 speciem
1043 869 1310 942 praebens.

573 954 654 1009 Ad
702 957 1020 1021 secundum,
1067 958 1214 1030 quod
1255 957 1540 1031 pluralitas
1583 957 1947 1014 communiter
1976 956 2266 1030 loquendo,
2312 957 2518 1014 imme-

505 1041 653 1099 diate
677 1045 925 1116 sequitur
951 1061 1050 1102 ens
1079 1063 1092 1100 ε
1123 1062 1229 1102 non
1261 1054 1448 1103 tamen
1490 1051 1705 1118 oportet
1730 1046 1876 1120 quod
1906 1046 2081 1102 omnis
2110 1045 2412 1118 pluralitas,
2456 1053 2516 1102 et

506 1131 628 1186 ideo
658 1148 762 1188 non
791 1142 874 1190 est
909 1133 1314 1202 inconvenienS,
1359 1135 1404 1190 si
1451 1133 1737 1207 pluralitas
1763 1135 2124 1206 posteriorum
2160 1137 2420 1190 causetur
2446 1147 2515 1189 ex

506 1219 824 1297 diversitate
849 1223 1170 1295 primorum.

576 1308 662 1364 Ad
701 1309 922 1367 tertium
960 1310 1272 1373 dicendum,
1315 1311 1463 1384 quod
1490 1311 1635 1367 siout
1657 1325 1827 1366 uuum
1850 1315 1907 1365 et
1946 1309 2136 1377 multa,
2166 1310 2245 1366 ita
2274 1309 2424 1366 idem
2456 1315 2516 1368 et

505 1393 782 1450 diversum
809 1410 915 1450 non
938 1409 1068 1450 sunt
1099 1395 1314 1468 propria
1343 1393 1501 1450 unius
1523 1394 1755 1466 generis,
1784 1393 1883 1450 sed
1910 1401 2037 1450 sunt
2067 1393 2346 1465 passiones
2369 1394 2513 1449 entis

507 1479 562 1534 iu
589 1489 854 1551 quantum
874 1497 990 1550 enS‚
1023 1488 1078 1538 et
1106 1481 1229 1541 ideo
1253 1497 1358 1540 non
1389 1488 1474 1537 est
1504 1481 1887 1538 inconveniens
1914 1482 1959 1537 si
1991 1481 2295 1554 aliquorum
2324 1480 2514 1538 diver-

507 1568 642 1624 sitas
671 1569 901 1626 aliorum
929 1569 1300 1643 pluralitatem
1325 1575 1535 1626 causet.
2293 1591 2304 1594 ·

492 1671 496 1674 ·
578 1656 662 1710 Ad
707 1663 966 1728 quartum
1011 1658 1322 1724 dicendum,
1380 1659 1526 1730 quod
1574 1673 1791 1714 omnem
1835 1658 2212 1715 diversitatem
2251 1659 2513 1731 praecedit

510 1741 694 1813 aliqua
736 1743 1038 1815 pluralitaS,
1085 1745 1178 1800 sed
1225 1761 1332 1800 non
1377 1761 1593 1802 omnem
1623 1746 1991 1818 pluralitatem
2038 1747 2299 1818 praeeedit
2325 1746 2516 1804 diver-

510 1831 664 1900 sitas,
694 1830 791 1887 sed
819 1832 1060 1905 aliquam
1089 1833 1456 1906 pluralitatem
1484 1834 1669 1908 aliqua
1692 1835 2001 1891 diversitas.
2031 1836 2187 1892 Unde
2212 1845 2268 1891 et
2296 1842 2517 1891 utrum-

511 1934 618 1990 que
647 1933 834 1974 verum
876 1927 977 1988 est,
1008 1921 1218 1978 scilicet
1261 1921 1407 1996 quod
1440 1921 1731 1977 multitudo
1758 1921 2133 1978 diversitatem
2180 1921 2313 1978 facit
2358 1938 2517 1978 com-

512 2009 748 2062 muniter
797 2007 1084 2081 loquendo,
1132 2019 1193 2067 ut
1237 2012 1370 2068 dicit
1418 2011 1791 2082 Philosophus,
1842 2021 1900 2066 et·
1938 2011 2087 2083 quod
2124 2010 2416 2068 diversitas
2459 2011 2517 2066 iu

513 2097 830 2168 compositis
851 2097 985 2153 facit
1011 2098 1399 2170 pluralitatem,
1434 2108 1495 2156 ut
1518 2099 1654 2158 dicit
1679 2098 1898 2156 Boetius
1926 2099 2035 2155 hio.

581 2185 664 2240 Ad
694 2185 946 2256 quintum
990 2184 1300 2253 dicendum,
1349 2188 1494 2260 quod
1541 2188 1762 2243 Boetius
1805 2187 2007 2258 accipit
2046 2185 2380 2242 alteritatem
2416 2201 2517 2260 pro

513 2272 831 2330 diversitate
877 2289 1002 2346 quae
1051 2276 1398 2330 constituitur
1453 2292 1523 2332 ex
1563 2273 1837 2348 aliquibus
1881 2271 2205 2331 differentiis
2243 2275 2359 2330 sive
2405 2275 2519 2332 sint

514 2359 895 2428 accidentaleS‚
935 2361 1051 2420 sive
1092 2360 1501 2422 substantiales·
1530 2361 1629 2418 Illa
1665 2370 1850 2418 autem
1878 2377 2001 2434 quae
2036 2367 2165 2416 sunt
2206 2361 2425 2417 diversa
2460 2369 2520 2418 et

513 2463 620 2504 non
650 2449 976 2520 differentia,
1012 2458 1139 2508 sunt
1169 2451 1363 2524 prima,
1395 2451 1465 2507 de
1497 2451 1695 2524 quibus
1728 2450 1817 2506 hio
1858 2451 2078 2507 Boetius
2105 2465 2213 2506 non
2251 2450 2517 2522 loquitur.

1213 2613 1669 2690 ARTIOULUS
1730 2629 1813 2690 11.

722 2759 941 2824 Utrum
966 2759 1232 2822 varietas
1258 2759 1655 2822 accidentium
1686 2759 1885 2837 faciat
1912 2758 2321 2824 diversitatem

1174 2849 1497 2912 secundum
1519 2867 1850 2914 numerum.

587 2984 671 3042 Ad
695 2983 998 3043 secuudum
1025 2984 1106 3040 sie
1130 2985 1461 3058 proceditur.
1491 2986 1544 3039 l.
1575 2983 1805 3040 Videtur
1826 2981 1972 3055 quod
1998 2982 2238 3040 varietas
2260 2984 2523 3041 acciden-

517 3075 657 3130 tium
685 3090 792 3130 non
819 3073 991 3146 possit
1019 3088 1138 3128 esse
1166 3089 1331 3130 causa
1363 3072 1695 3146 pluralitatis
1721 3070 2021 3128 secundum
2051 3087 2358 3134 numerum.
2389 3073 2525 3130 Phi-

515 3163 770 3234 losophus
811 3162 956 3216 enim
983 3160 1118 3217 dicit
1146 3177 1182 3218 v
1217 3163 1417 3234 Metap.
1466 3161 1611 3234 quod
1651 3176 1874 3216 numero
1914 3168 2044 3217 sunt
2088 3177 2256 3217 unum
2286 3177 2523 3234 quorum

514 3258 599 3306 est
629 3248 859 3305 materia
885 3264 1023 3318 una3
1063 3265 1192 3320 ergo
1225 3255 1281 3304 et
1311 3265 1536 3304 numero
1564 3250 1737 3320 plura,
1771 3265 2003 3321 quorum
2029 3249 2275 3306 materiae
2308 3249 2519 3322 plures;

515 3353 644 3409 ergo
671 3336 1047 3392 diversitatem
1077 3335 1131 3391 in
1160 3352 1384 3393 numero
1413 3351 1521 3394 non
1566 3337 1699 3394 facit
1731 3337 1973 3394 varietas
1999 3337 2385 3404 accidentium,
2423 3339 2525 3397 sed

516 3425 690 3497 magis
713 3423 1003 3479 diversitas
1033 3425 1296 3480 materiae.

588 3519 642 3572 2.
669 3514 824 3577 Item,
850 3511 984 3566 dicit
1017 3511 1369 3584 Philosophus
1393 3528 1453 3568 ιν
1474 3513 1675 3585 Metap.
1701 3515 1849 3586 quod
1876 3514 2023 3570 idem
2047 3519 2132 3570 est
2168 3514 2333 3571 rebus
2356 3530 2524 3576 causa

517 3601 841 3662 substantiae
873 3608 928 3656 et
965 3599 1192 3656 unitatis
1224 3617 1238 3654 ε
1269 3600 1366 3656 sed
1395 3601 1703 3659 accidentia
1726 3618 1833 3658 nou
1866 3607 1998 3659 suut
2028 3603 2311 3674 individuo
2356 3619 2524 3664 causa

519 3683 860 3756 substantiae,
903 3702 1032 3760 ergo
1070 3704 1171 3746 nec
1201 3689 1463 3760 unitatis;
1502 3705 1633 3762 ergo
1670 3707 1769 3764 per
1794 3707 2136 3766 consequens
2164 3707 2267 3748 nec
2294 3691 2525 3765 plurali-

521 3783 652 3840 tatis
679 3780 977 3838 secundum
1003 3795 1306 3835 numerum.

593 3875 647 3927 3.
673 3871 828 3940 Item,
856 3870 1038 3932 omnia
1061 3869 1365 3932 accidentia
1389 3886 1517 3948 cum
1542 3870 1651 3931 siut
1675 3871 1883 3944 formae,
1911 3888 1981 3930 ex
1996 3871 2193 3946 seipsis
2216 3877 2343 3944 sunt
2368 3885 2521 3930 oom-
