2800 4492
436 309 556 372 406
911 329 965 376 8.
1009 331 1243 376 ‘rHoMAE
1283 330 1612 382 Aoumnxs
1652 330 1967 377 opuscula

437 443 708 516 sufficere,
733 445 832 503 sed
871 445 1080 520 indiget
1127 445 1305 506 alieno
1349 447 1585 519 auxili03
1617 452 1771 522 patet
1817 447 1963 522 quod
2002 448 2342 519 praeceptum
2382 441 2471 498 de

439 531 626 589 labore
667 550 929 592 manuum
957 537 1359 608 quodammodo
1398 539 1501 594 sub
1539 543 1773 611 utroque
1815 552 2015 608 genere
2053 534 2467 610 praedictorum

441 633 840 697 praeceptorum
869 625 1198 689 continetur.
1224 627 1284 683 In
1313 635 1581 701 quantum
1610 628 1755 682 enim
1784 623 1968 682 labore
1996 638 2253 681 manuum
2286 622 2467 678 unius

441 710 764 770 subvenitur
819 715 1238 772 necessitatibus
1294 717 1547 788 aliorum,
1606 715 1688 772 sic
1736 715 1972 788 pertinet
2024 713 2093 769 ad
2144 711 2466 768 secundum

439 815 611 870 genus
653 795 984 860 naturalium
1019 811 1450 879 praeceptorum3
1482 805 1538 861 in
1575 811 1841 877 quantum
1884 816 2070 860 autem
2107 801 2309 874 aliquis
2352 815 2464 872 per

441 887 545 944 hoc
567 889 683 946 suis
709 893 1128 950 necessitatibus
1157 894 1431 961 subvenit,
1459 895 1697 967 pertinet
1728 893 1795 949 ad
1824 891 2058 965 primum
2088 906 2280 963 ganne,
2305 890 2461 946 sicut

446 988 782 1053 praeceptum
807 981 875 1038 de
902 983 1258 1040 comedendo.
1291 984 1633 1056 Praeceptum
1672 988 1856 1039 autem
1890 981 2037 1053 quod
2067 979 2353 1037 ordinatur
2382 979 2459 1035 ad

445 1067 744 1125 tollendum
779 1069 1055 1150 defectum
1091 1058 1453 1146 corporalem,
1480 1088 1590 1128 non
1631 1071 1839 1143 obligat
1879 1071 1986 1126 'nisi
2026 1069 2244 1126 defectu
2292 1069 2460 1124 exis-

447 1162 628 1227 tente3
655 1157 798 1215 unde
822 1161 869 1216 si
897 1170 1042 1218 esset
1066 1161 1266 1235 aliquis
1294 1161 1388 1236 qui
1421 1167 1606 1235 posset
1632 1160 1819 1219 vivere
1849 1161 1967 1216 sine
1999 1158 2141 1226 cibo,
2170 1174 2277 1215 non
2309 1157 2461 1214 obli-

446 1252 672 1316 garture
699 1256 972 1322 praecepto
1006 1250 1072 1327 de
1097 1250 1457 1311 comedendo.
1488 1251 1579 1308 Sic
1611 1265 1740 1322 crgo
1770 1258 2108 1323 praeceptum
2151 1247 2219 1304 de
2264 1247 2460 1304 labore

361 1334 368 1339 ’
447 1349 706 1394 manuum
735 1353 840 1394 non
866 1338 1071 1410 obligat
1105 1338 1345 1414 aliquem
1381 1340 1751 1412 singulariter,
1782 1339 2083 1396 secundum
2117 1337 2263 1410 quod
2298 1337 2460 1393 ordi-

449 1429 610 1478 natur
662 1423 732 1481 ad
779 1424 1076 1481 tollendum
1115 1426 1394 1483 ‘defectum
1437 1439 1780 1482 communem
1830 1424 2012 1497 aliquo
2051 1424 2232 1490 modo,
2274 1439 2459 1496 neque

435 1513 751 1573 ,secundum
784 1514 930 1588 quod
971 1513 1257 1572 ordinatur
1297 1515 1365 1572 ad
1414 1513 1711 1572 tollendum
1754 1514 2053 1586 proprium,
2086 1509 2190 1566 nisi
2235 1511 2460 1567 defectu

449 1600 834 1660 existente.Et
868 1603 991 1660 ideo
1034 1604 1123 1660 ille
1168 1605 1260 1677 qui
1292 1604 1457 1660 habet
1495 1603 1639 1660 unde
1688 1603 1837 1658 licite
1877 1601 2060 1657 vivere
2108 1601 2299 1672 possit,
2349 1615 2461 1656 non

452 1694 668 1746 tenetur
695 1691 947 1748 manibus
976 1693 1220 1765 operari;
1250 1693 1343 1766 qui
1374 1698 1559 1750 autem
1603 1707 1709 1748 non
1738 1689 1903 1746 habet
1942 1690 2085 1745 unde
2116 1688 2251 1745 alias
2280 1690 2456 1757 vivat,

451 1776 538 1832 vel
563 1779 666 1834 nisi
691 1779 874 1852 aliquo
918 1780 1105 1837 illicito
1150 1783 1369 1853 negotio
1408 1781 1615 1838 victum
1645 1779 1915 1852 acquirat,
1956 1785 2174 1834 tenetur
2203 1777 2459 1834 manibus

456 1864 722 1924 laborare.
751 1869 820 1924 Et
844 1867 946 1925 hoc
969 1876 1120 1940 patet
1151 1885 1245 1942 per
1273 1870 1594 1943 Apostolum
1621 1869 1675 1925 in
1707 1869 1882 1925 tribus
1917 1867 2072 1936 locIS,
2102 1867 2193 1924 ubi
2231 1868 2300 1924 de
2332 1883 2465 1924 ma-

458 1969 623 2010 nuum
669 1958 984 2028 operatione
1027 1940 1359 2030 praeceptum
1401 1959 1516 2013 dat.
1551 1959 1731 2014 Primo
1780 1957 1850 2015 ad
1894 1957 2093 2031 EpheS.
2126 1971 2205 2022 xv,
2248 1961 2336 2023 28,
2364 1956 2462 2012 ubi

459 2041 790 2113 prohibendo
817 2044 1042 2112 furtum,
1072 2046 1306 2119 injungit
1344 2062 1605 2104 manuum
1649 2048 2025 2122 operationem
2052 2062 2065 2102 ε
2096 2045 2201 2112 Qui
2225 2045 2467 2118 furaba-

459 2137 572 2196 tur,
597 2130 714 2202 jam
736 2149 841 2190 non
864 2133 1106 2208 furetur,
1132 2135 1298 2208 maqis
1334 2143 1512 2193 autem
1541 2135 1739 2192 laboret
1768 2135 2012 2192 manibus
2046 2135 2174 2192 suis.
2207 2136 2464 2191 Secundo

458 2220 482 2274 1
521 2220 591 2276 ad
628 2221 872 2280 Thessal.
903 2241 982 2293 iv,
1023 2230 1074 2294 2,
1110 2225 1200 2282 ubi
1244 2227 1506 2299 praecepit
1550 2219 1789 2282 laborem
1838 2241 2113 2292 manuum,
2168 2224 2465 2297 prohibens

455 2309 953 2384 concupiscentiam
1000 2331 1180 2370 rerum
1228 2315 1560 2384 alienarum3
1602 2313 1927 2386 Operemini,
1966 2311 2163 2386 inquit,
2213 2313 2465 2370 manibus

458 2399 647 2454 vestris
673 2401 808 2457 sicut
831 2403 1183 2476 proecepimus
1204 2401 1369 2469 vobis,
1386 2410 1450 2460 ut
1474 2405 1681 2460 honeste
1706 2403 1981 2459 ambuletis
2000 2403 2070 2457 ad
2094 2419 2177 2458 eos
2198 2403 2291 2474 qui
2320 2403 2465 2473 foris

459 2497 603 2556 sunt,
633 2500 685 2549 et
725 2493 924 2548 nullius
961 2493 1166 2565 aliquid
1205 2493 1534 2551 desideretis.
1580 2494 1785 2560 Tertio,
1808 2493 1859 2548 11
1895 2493 1962 2548 ad
2000 2492 2248 2550 Thessal.
2286 2507 2376 2558 ιιι,
2406 2497 2461 2560 2,

465 2577 551 2634 ubi
605 2583 852 2653 praecipit
903 2583 1274 2655 operationem
1328 2599 1609 2651 manuum,
1658 2581 1947 2654 prohibens
1996 2583 2178 2653 turpia
2218 2581 2461 2652 negotia,

460 2668 658 2738 quibus
714 2669 882 2742 aliqui
926 2671 1130 2727 victum
1179 2672 1499 2744 quaerebant
1542 2688 1555 2725 ε
1606 2669 1891 2736 Audimus,
1945 2669 2143 2742 inquit,
2178 2668 2325 2724 inter
2376 2687 2466 2726 vus

460 2757 710 2826 quosdam
753 2759 1024 2814 ambulare
1061 2760 1317 2831 inquiete,
1346 2759 1482 2816 nihil
1529 2749 1828 2832 operantes,
1853 2757 1941 2815 sed
1981 2758 2185 2814 curiose
2230 2756 2464 2832 ayentes.

355 2861 358 2864 ·
409 2857 414 2873 “
459 2845 655 2901 Glossa
685 2861 698 2898 :
731 2847 834 2911 Qui
857 2848 998 2916 soeda
1039 2865 1175 2904 eura
1207 2849 1311 2904 sibi
1346 2849 1645 2924 necessaria
1679 2849 1959 2923 provident
1988 2865 2007 2907 .·
2037 2855 2093 2904 ct
2132 2849 2412 2921 subjungit
2447 2865 2463 2905 ε

460 2931 562 2988 His
589 2942 764 2991 autem
788 2937 881 3007 qui
901 2935 1203 3008 hujusmodi
1219 2945 1365 3006 sunt,
1392 2939 1792 3006 denuntiamus,
1824 2945 1875 2996 et
1898 2938 2226 2994 obsecramus
2254 2937 2312 2993 in
2350 2939 2467 2994 Do-

460 3022 603 3079 mino
631 3025 758 3082 Jesu
788 3026 1022 3094 ChristO,
1052 3035 1115 3084 ut
1152 3044 1267 3086 cum
1305 3009 1847 3101 silentio'operantes,
1870 3045 2063 3102 panem
2108 3044 2263 3084 suum
2302 3043 2467 3083 man-

460 3111 670 3172 ducent.

531 3205 823 3260 Sciendum
849 3207 1015 3263 etiam
1040 3213 1142 3274 est,
1161 3207 1305 3279 quod
1335 3206 1480 3284 sicut
1505 3207 1656 3264 visus
1681 3213 1763 3263 est
1791 3206 2141 3280 principalior
2168 3202 2310 3261 inter
2326 3205 2467 3262 alios

368 3354 373 3361 ,
461 3307 670 3361 sensuS,
700 3294 911 3352 ratione
941 3296 1096 3368 cujus
1135 3312 1322 3353 omnes
1349 3295 1442 3372 alii
1474 3312 1665 3353 sensus
1711 3312 1907 3352 nomen
1946 3295 2095 3351 visus
2136 3295 2463 3363 sortiuntur,

459 3391 522 3459 ut
549 3384 886 3455 Augustinus
909 3384 1075 3449 dicit;
1114 3384 1191 3442 ita
1221 3401 1435 3453 manue,
1468 3385 1597 3458 quia
1628 3384 1693 3441 ad
1723 3383 1959 3459 plurima
2000 3397 2167 3456 opera
2204 3399 2467 3439 necessa-

462 3473 541 3528 ria
598 3477 702 3542 est,
757 3472 959 3530 dicitur
1015 3489 1277 3546 organum
1326 3477 1656 3553 organorum
1701 3473 1757 3529 in
1808 3489 1885 3530 ιη’
1930 3473 1997 3528 de
2049 3471 2249 3528 Anima
2308 3473 2464 3543 (text.

460 3578 601 3618 com.
635 3564 721 3635 38)
766 3581 781 3618 2
825 3570 882 3619 et
911 3563 1034 3620 ideo
1079 3579 1173 3635 per
1210 3553 1583 3636 operationem
1630 3560 1943 3619 manualem
1986 3558 2311 3632 intelligitur
2357 3576 2467 3616 non

460 3653 637 3710 solum
660 3653 806 3728 quod
844 3653 1096 3710 manibus
1136 3651 1219 3721 fit,
1251 3651 1348 3709 sed
1378 3668 1724 3726 quocumque
1764 3649 2035 3726 corporali
2064 3651 2465 3721 instrument03

462 3750 517 3797 ct
546 3743 785 3800 breviter
810 3742 1192 3817 quodcumque
1234 3739 1473 3797 officium
1508 3741 1670 3797 homo
1699 3741 1835 3813 agit,
1867 3741 1936 3796 de
1970 3755 2078 3812 quo
2106 3737 2261 3794 licite
2289 3737 2471 3812 possit

463 3831 668 3887 victum
698 3832 1001 3905 acquirere,
1017 3829 1120 3888 sub
1143 3829 1328 3887 labore
1358 3827 2290 3903 manuum-comprehenditur.Non
2320 3827 2471 3888 enim

462 3919 680 3976 videtur
706 3920 1030 3979 rationabile
1060 3919 1207 3994 quod
1235 3919 1485 3992 magistri
1514 3919 1649 3978 artis
1676 3919 2011 3980 mechanicae
2037 3915 2251 3995 possint
2278 3915 2473 3978 vivere
