2800 4492
494 303 615 372 142
854 318 861 325 '
966 316 1294 371 s.'¹1·110'MAE
1337 315 1666 375 Aouma'rrs
1707 324 2018 367 croscum

494 443 587 499 tali
617 441 892 499 ablutione
932 442 1189 513 baptismi
1227 440 1494 513 accipitur
1519 456 1680 512 aqua,
1713 454 1822 512 qua
1859 438 2105 495 homines
2151 439 2513 497 communius

493 537 721 588 utuntur
750 531 817 587 ad
840 530 1185 597 abluendum,
1207 536 1261 585 et
1286 531 1343 587 in
1366 529 1697 587 eucharistia
1721 528 1896 613 paniS,
1925 528 2019 600 qui
2045 533 2128 583 est
2155 529 2512 584 communior

492 621 673 676 cibus:
707 620 848 676 unde
878 627 933 675 et
963 620 1017 675 in
1045 620 1488 676 manifestatione
1514 625 1866 693 peccatorum
1895 619 2149 674 convenit
2181 618 2258 673 uti
2290 618 2505 685 verbiS,

494 708 691 781 quibus
714 707 973 765 homines
1004 700 1345 765 communius
1373 714 1431 764 et
1469 708 1782 781 expressius
1807 721 1937 765 suos
1981 701 2282 853 conceptus
2321 706 2511 781 signi-

494 796 657 853 ficare
680 790 1217 854 consueverunt..
2348 840 2354 851 .

562 886 629 941 Et
658 886 1048 943 attendendum
1077 893 1177 953 est,
1208 886 1356 958 quod
1391 885 1449 940 in
1489 884 1594 941 hoc
1639 892 1982 941 sacramento
2026 900 2134 941 uon
2162 884 2514 958 imprimitur

494 972 795 1041 character,
824 975 918 1030 sed
965 974 1139 1031 solum
1180 974 1459 1031 confertur
1501 974 1679 1045 gratia
1721 974 1789 1029 ad
1834 973 2214 1035 remissionem·
2261 975 2520 1063 peccati,'

495 1076 660 1136 quam⁴
702 1064 1075 1119 remissionem
1119 1062 1296 1121 nullus
1342 1064 1695 1137 consequitur
1735 1054 2029 1134 peccando.
2063 1064 2260 1123 Peccat
2305 1069 2502 1119 autem

495 1153 589 1225 qui
630 1152 1030 1208 ordinationem
1074 1144 1335 1208 Ecclesiae
1376 1151 1782 1222 praetermittit3
1813 1151 1954 1207 unde
1995 1152 2051 1206 in
2091 1144 2366 1223 baptismo
2402 1153 2516 1225 qui

495 1249 679 1297 servat
705 1256 771 1296 ea
799 1254 921 1313 quae
949 1246 1075 1297 sunt
1103 1242 1170 1296 de
1198 1241 1526 1297 necessitate
1551 1241 1899 1307 sacramenti,
1924 1240 2349 1311 praetermittens
2375 1248 2506 1297 sta-

496 1336 617 1385 tuta
669 1328 945 1395 Ecclesiae,
1004 1329 1357 1403 consequitur
1412 1324 1803 1384 characterem*-
1835 1330 2192 1397 sacramenti,
2236 1330 2333 1390 sed
2389 1345 2503 1389 non

495 1419 821 1477 sacramenti
852 1420 1134 1487 effectum3
1166 1418 1257 1473 hic
1286 1425 1471 1474 autem
1501 1417 1629 1473 nihil
1660 1418 2058 1490 consequitur..

514 1504 825 1575 yaauones
865 1502 1050 1563 autem
1095 1523 1219 1580 quae
1270 1506 1340 1563 ad
1393 1508 1683 1577 utramque
1729 1508 1940 1577 partem
1992 1506 2341 1573 inducuntur,
2370 1512 2504 1563 'non

498 1595 726 1651 multum
756 1602 955 1667 cogunt
983 1614 996 1651 :
1028 1610 1153 1651 nam
1179 1592 1353 1667 neque
1379 1581 1756 1651 manifestatio
1779 1594 1856 1651 it‘a
1886 1610 2138 1668 expresse
2167 1602 2348 1667 potest
2378 1596 2503 1654 fieri

496 1682 700 1755 scripto
727 1684 867 1741 sicut
894 1683 1085 1738 verbo·
1074 1698 1279 1755 ,neque
1307 1682 1726 1755 quoddicitur.
1757 1680 1863 1739 Ore
1885 1683 2138 1755 confessio
2165 1684 2226 1755 fit
2252 1684 2324 1738 acl
2345 1684 2500 1740 salu-

497 1778 620 1835 tem,
667 1770 989 1843 intelligitur
1022 1770 1091 1827 de
1123 1770 1482 1827 confessione
1473 1768 1861 1845 peccatorum,
1905 1772 2005 1829 sed
2047 1773 2116 1830 de
2157 1772 2502 1831 confessione

498 1860 645 1919 fidei.
778 1873 783 1877 ·
2189 1880 2192 1887 ·

1190 1958 1644 2048 ARTIOULUS
1685 1988 1836 2083 ΧΙ.

488 2056 661 2168 Ua·
663 2119 764 2165 um
792 2090 1077 2181 cormesio
1106 2102 1350 2183 differor:
1363 2105 1567 2183 possib
1593 2121 1779 2183 usque
1805 2104 1888 2167 ad
1903 2078 2450 2189 quadrdqeaimam
2504 2178 2515 2186 ‚

510 2219 721 2273 Circa
748 2210 1045 2273 secundum
1098 2217 1185 2273 sic
1188 2210 1538 2291 proceditur.
1559 2220 1624 2273 -.¹l
1655 2219 1884 2275 Videtur
1905 2214 2076 2294 quod
2089 2222 2289 2295 aliquis
2317 2226 2500 2299 possit

495 2248 712 2363 differre
740 2304 1133 2363 confessionem
1156 2318 1329 2379 usque
1354 2303 1424 2365 ad
1449 2305 2318 2384 quadragesimam-'Quicumque
2345 2311 2505 2371 enim

494 2402 677 2453 servat
723 2388 1057 2469 prae'ceptum
1097 2395 1373 2463 Ecclesiae‚
1407 2410 1512 2455 non
1555 2395 1844 2486 delinquit.
1877 2398 1980 2458 Sed
2004 2398 2259 2457 'Ecclesia
2298 2404 2502 2469 statuit

494 2485 639 2556 quod
664 2484 847 2541 semel
858 2485 912 2541 in
936 2498 1077 2542 anno
1099 2484 1345 2540 homines
1369 2485 1588 2569 propria
1617 2488 1844 2557 peccata
1872 2487 2254 2544 confiteantur.
2281 2490 2427 2561 Ergo
2447 2492 2510 2546 si-

494 2573 691 2661 aliquis
716 2573 970 2647 expectat
990 2590 1178 2646 usque
1188 2574 1275 2631 ad
1281 2564 1572 2631 terminum
1594 2573 1676 2631 ab
1698 2574 1943 2679 Ecclesia
1969 2575 2374 2647 constitutum,
2385 2594 2510 2646 nou:

490 2654 703 2735 peccat
1178 2692 1183 2697 ·
1753 2700 1756 2703 -
1885 2680 1892 2687 ·
2137 2704 2143 2709 ·
2349 2709 2356 2715 .
2423 2710 2428 2715 .
2501 2691 2507 2698 ··

563 2755 615 2808 2.
642 2739 932 2817 Praeterea,
966 2749 1269 2831 baptismus
1295 2756 1378 2806 est
1420 2760 1822 2810 sacramentum
1869 2738 2232 2824 necessitatis,
2259 2758 2408 2815 sicut
2436 2767 2508 2816 et-

494 2839 836 2913 poenitentia.
867 2838 973 2895 Sed
1003 2826 1428 2920 catechumenus
1467 2856 1572 2897 non
1601 2852 1808 2915 peccat,
1844 2846 1889 2900 si
1917 2845 2134 2902 differat
2159 2846 2504 2920 baptismum

496 2944 669 3001 usque
692 2928 759 2984 ad
783 2921 1071 2983 sabbatum
1096 2932 1366 2985 sanctum.
1395 2930 1536 3003 Ergo
1559 2933 1676 3005 pari
1706 2934 1916 2990 ratione
1936 2950 2039 2991 nec
2061 2934 2333 2993 'contritus
2360 2952 2507 3011 pec-a

494 3025 602 3084 cat,
634 3017 679 3073 si
704 3016 920 3073 differat
942 3017 1337 3075 confessionem
1365 3036 1538 3104 usque
1568 3020 1634 3077 ad
1661 3022 2156 3093 quadragesimam
2409 3068 2432 3073 ..
2494 3066 2504 3073 -

561 3111 613 3162 3.
646 3108 937 3175 Praeterea,
968 3107 1191 3187 majoris
1214 3097 1557 3165 necessitatis
1584 3116 1670 3166 est
1697 3112 1954 3167 contritio
1992 3128 2158 3187 quam
2195 3109 2502 3173 confessio.—⁴

490 3196 595 3253 Sed
631 3196 901 3252 consessio
948 3196 1065 3253 sine
1102 3198 1450 3255 contritione.
1474 3187 1768 3269 nonyalet
1809 3200 1877 3255 ad
1923 3200 2193 3272 salutem3
2229 3197 2503 3268 contritio:

490 3290 673 3341 autem
701 3284 818 3339 sine
846 3283 1183 3341 confessione
1207 3292 1387 3367 petest
1416 3274 1470 3342 in
1500 3285 1682 3359 aliquo
1719 3302 1850 3344 casu
1881 3288 2080 3346 valere.
2107 3290 2212 3347 Sed
2247 3291 2366 3354 lille·
2394 3293 2502 3366 qui·

488 3379 572 3429 est
597 3373 653 3428 in
682 3378 925 3445 peccato,
950 3388 1066 3428 non
1094 3380 1311 3429 tenetur
1330 3376 1543 3433 'statim
1573 3377 1782 3433 conteri
1810 3379 2140 3437 contritione
2180 3394 2305 3453 quae
2344 3380 2503 3437 delet·-

488 3468 807 3537 peccatum,
834 3460 1073 3534 alioquin
1092 3470 1353 3536 peccator
1380 3480 1477 3536 per
1495 3452 1712 3536 singula
1742 3462 2014 3525 momenta
2044 3476 2324 3540 peccaret
2345 3454 2516 3541 Ergo>

490 3565 589 3606 nec
616 3549 901 3647 contritus·
926 3554 1141 3605 tenetur
1164 3550 1359 3607 statim
1400 3552 1667 3621 confiteri,
1701 3553 1779 3610 ita
1805 3554 1955 3627 quod
1999 3554 2210 3630 peccet,
2239 3557 2288 3617 ei
2329 3572 2492 3618 secus

498 3754 505 3763 ·
556 3721 663 3785 Sed
694 3724 904 3797 contra,
940 3730 1131 3811 magis
1160 3736 1243 3787 est
1290 3730 1718 3789 subveniendum
1767 3735 1954 3791 morbo
2000 3732 2300 3809 spirituali
2321 3754 2496 3812 quam

491 3810 693 3873 morbo
696 3818 985 3921 corporali.
1006 3818 1071 3875 Se
1076 3819 1124 3875 d
1116 3818 1328 3893 aliquis
1348 3820 1625 3893 subjectus
1643 3823 1832 3879 moibo
1852 3825 2140 3907 corporali,
2165 3826 2408 3899 periculo
2427 3844 2490 3884 se

493 3905 875 3978 committeret,
898 3901 1002 3970 u'isi
1029 3909 1341 3971 remedium
1351 3908 1634 3976 medicinae
1655 3918 1932 3987 quaereret
1947 3928 2113 3995 quam
2131 3914 2243 3973 cito
2272 3922 2500 3993 posset}
