2800 4492
547 314 626 375 64
1025 328 1078 373 s.
1123 324 1357 370 01*quAE
1395 320 1727 374 Aemums
1768 319 2078 367 oruscumt

547 448 660 504 rias
695 446 900 503 formas
936 442 1005 501 ad
1045 442 1281 499 invicem
1308 454 1418 497 non
1454 442 1980 506 transmutarentur;
2010 451 2141 509 ergo
2181 437 2417 495 materia
2453 452 2560 494 non

547 544 634 593 est
674 534 1000 608 principium
1037 529 1374 587 diversitatis
1421 526 1717 599 secundum
1759 541 2065 593 numerum,
2111 542 2214 583 nec
2251 526 2448 593 forma,
2502 536 2561 583 ut

549 625 722 698 primo
763 629 972 679 tactum
1016 626 1129 690 est;
1163 634 1292 690 ergo
1345 616 1674 689 relinquitur
1715 614 1862 688 quod
1892 615 2200 673 accidentia
2244 622 2372 672 sunt
2402 616 2563 689 hujus

548 710 887 768 diversitatis
911 725 1098 765 causa.

504 804 508 809 “
617 802 774 868 ltem,
810 800 866 855 in
897 814 1095 871 genere
1125 795 1447 853 substantiae
1480 793 1613 851 nihil
1650 793 1945 864 invenitur,
1978 793 2081 850 nisi
2106 807 2277 865 genus
2308 803 2366 852 et
2398 795 2563 851 diffe-

549 890 754 957 rentia3
797 888 894 944 sed
941 886 1222 943 individua
1282 884 1443 940 unius
1492 882 1693 956 speciei
1744 898 1854 938 non
1895 882 2155 938 differunt
2198 899 2416 954 genere,
2462 900 2563 941 nec

549 976 1002 1034 substantialibus
1035 973 1388 1043 differentii33
1420 988 1551 1045 ergo
1578 988 1685 1029 non
1712 970 1971 1027 differunt
2000 970 2104 1029 nisi
2130 972 2563 1030 accidentalibus

551 1066 894 1123 differentiis.

619 1155 963 1229 Respondeo.
997 1154 1084 1211 Ad
1119 1152 1452 1211 evidentiam
1478 1150 1641 1222 hujus
1665 1148 2005 1223 quaestioniS,
2037 1154 2094 1204 et
2124 1164 2313 1207 eorum
2352 1168 2480 1224 quae
2511 1154 2566 1208 in

554 1245 736 1303 littera
765 1245 1042 1309 dicuntur,
1087 1246 1303 1313 oportet
1341 1239 1527 1296 videre
1565 1253 1689 1311 quae
1716 1238 1790 1293 sit
1818 1252 1983 1295 causa
2024 1237 2185 1310 hujus
2216 1237 2447 1313 triplicis
2474 1240 2567 1295 di-

551 1332 830 1393 versitatis
859 1349 984 1406 quae
1008 1332 1064 1387 in
1090 1330 1274 1389 littera
1298 1330 1628 1401 assignatur.
1662 1330 1795 1385 Cum
1824 1328 1967 1384 enim
1993 1328 2049 1383 in
2089 1327 2371 1385 individuo
2408 1346 2566 1387 com-

551 1424 730 1499 posito
771 1422 827 1481 in
861 1436 1059 1495 genere
1097 1419 1421 1476 substantias
1457 1434 1564 1473 non
1602 1416 1712 1473 sint
1750 1416 1855 1472 nisi
1890 1416 2018 1483 tria,
2059 1415 2269 1473 scilicet
2307 1421 2562 1487 materia,

549 1512 744 1580 forma,
769 1520 825 1568 et
849 1510 1232 1583 compositum,
1261 1511 1478 1585 opertet
1501 1523 1569 1563 ex
1589 1505 1772 1577 aliquo
1797 1504 2029 1561 istorum
2052 1506 2344 1576 cujuslibet
2370 1506 2565 1564 harum

551 1601 936 1658 diversitatum
979 1613 1174 1655 causas
1212 1595 1480 1651 invenire.
1527 1594 1819 1652 Sciendum
1865 1592 2051 1665 igitur,
2096 1594 2245 1667 quod
2270 1595 2567 1654 diversitas

551 1687 852 1744 secundum
890 1700 1064 1757 genus
1107 1681 1387 1738 reducitur
1426 1681 1481 1736 in
1523 1679 1902 1736 diversitatem
1936 1681 2225 1738 materiae:
2272 1682 2569 1740 diversitas

554 1790 683 1831 vero
721 1772 1020 1829 secundum
1061 1769 1299 1842 speciem
1349 1770 1404 1823 in
1450 1768 1829 1825 diversitatem
1869 1767 2082 1838 sormae,
2130 1769 2227 1825 sed
2272 1770 2571 1828 diversitas

554 1862 852 1919 secundum
895 1874 1181 1916 numerum
1218 1857 1420 1931 partim
1458 1858 1513 1912 in
1547 1857 1925 1914 diversitatem
1964 1858 2227 1924 materiae,
2271 1866 2327 1915 et
2364 1861 2571 1931 partim

554 1952 609 2007 in
641 1950 1016 2006 diversitatem
1059 1947 1380 2004 accidentis,
1416 1948 1552 2002 Cum
1580 1952 1763 2002 autem
1800 1962 1975 2017 genus
2001 1946 2074 2001 sit
2112 1946 2441 2019 principium
2468 1965 2572 2005 co-

555 2038 869 2111 gnoscendi,
907 2043 1097 2109 utpote
1123 2036 1298 2109 prima
1328 2034 1662 2091 definitionis
1689 2050 1836 2107 pars,
1868 2035 2101 2092 materia
2137 2042 2322 2092 autem
2364 2052 2575 2093 secun-

525 2187 529 2191 ,
556 2128 687 2184 dum
715 2143 774 2183 se
801 2126 873 2182 sit
898 2126 1102 2197 ignota,
1131 2140 1238 2181 non
1266 2129 1448 2197 potest
1476 2124 1774 2181 secundum
1802 2140 1861 2181 so
1887 2140 1953 2179 ex
1977 2140 2041 2180 ea
2070 2125 2244 2197 accipi
2273 2125 2574 2185 diversitas

555 2217 789 2288 generis,
831 2212 929 2270 sed
969 2212 1144 2269 solum
1179 2211 1271 2269 illo
1314 2211 1477 2268 modo
1518 2226 1629 2283 quo
1675 2211 2057 2282 cognoscibilis
2097 2218 2199 2269 est.
2248 2213 2345 2269 Est
2382 2222 2575 2273 autem

554 2302 937 2375 cognoscibilis
964 2301 1274 2374 dupliciter.
1305 2302 1424 2357 Uno
1464 2300 1625 2355 modo
1657 2315 1751 2372 per
1779 2299 2106 2372 analogiam,
2133 2302 2251 2357 sive
2280 2318 2376 2374 per
2412 2320 2578 2361 com-

557 2394 914 2467 parationem,
957 2399 1016 2447 ut
1052 2391 1254 2447 dicitur
1284 2389 1337 2444 in
1382 2405 1400 2445 1
1432 2388 1617 2461 Physi.
1666 2389 1791 2444 Hoc·
1820 2397 1903 2445 est
1943 2398 2003 2446 ut
2032 2390 2279 2447 dicamus
2316 2390 2407 2447 hic
2448 2397 2575 2450 esse

559 2483 863 2549 materiam,
895 2480 979 2537 vel
1008 2480 1153 2553 quod
1191 2479 1423 2536 materia
1450 2477 1553 2533 hoc
1582 2476 1744 2533 modo
1776 2493 1836 2534 se
1862 2477 2029 2535 habet
2056 2479 2126 2535 ad
2156 2495 2243 2535 res
2268 2482 2573 2551 naturaleS,

556 2570 700 2627 sicut
727 2572 941 2643 signum
969 2570 1041 2626 ad
1069 2568 1291 2625 lectum.
1326 2567 1448 2623 Alio
1491 2566 1671 2633 modo,
1704 2567 2051 2637 cognoscitur
2090 2583 2187 2639 per
2211 2567 2576 2641 formam‘per

558 2675 724 2732 quam
749 2659 912 2715 babet
934 2672 1056 2713 esse
1083 2663 1230 2712 actu.
1257 2654 1697 2723 Unumquodque
1725 2654 1868 2709 enim
1892 2656 2243 2725 cognoscitur
2268 2658 2577 2715 secundum

559 2747 706 2819 quod
747 2753 829 2801 est
870 2750 1018 2807 a'ctu,
1063 2757 1170 2797 non
1209 2741 1508 2795 secundum
1551 2738 1697 2811 quod
1734 2747 1819 2797 est
1866 2742 1920 2796 in
1964 2743 2225 2813 potentia,
2278 2753 2339 2802 ut
2368 2746 2579 2804 dieitur

559 2850 623 2891 lx
659 2831 961 2905 Metaphys
995 2835 1051 2885 et
1077 2828 1376 2885 secundum
1403 2825 1507 2883 hoc
1531 2826 1766 2883 sumitur
1793 2827 1991 2900 duplex
2028 2830 2319 2889 diversitas
2354 2838 2577 2907 generis

559 2938 628 2978 ex
671 2920 920 2977 materia.
969 2919 1088 2976 Uno
1127 2917 1291 2974 modo
1332 2934 1397 2973 ex
1440 2916 1658 2973 diversa
1702 2916 1951 2995 analogia
1988 2919 2058 2975 ad
2099 2918 2349 2990 formam,
2394 2931 2451 2979 et
2492 2926 2578 2982 sic

559 3024 726 3083 penes
755 3007 1039 3065 materiam
1064 3006 1477 3078 distinguuntur
1507 3006 1681 3078 prima
1705 3022 1885 3087 rerum
1916 3024 2136 3080 genera.
2165 3010 2225 3065 ld
2249 3012 2393 3069 enim
2424 3017 2577 3087 quod

560 3105 644 3155 est
669 3099 724 3154 in
748 3113 945 3171 genere
969 3096 1294 3155 substantiae
1313 3101 1661 3168 comparatur
1680 3095 1753 3151 ad
1775 3098 2061 3153 materiam
2090 3099 2324 3157 sicutead
2356 3111 2579 3173 partem

560 3188 643 3242 sui
690 3203 704 3241 ε
749 3187 896 3258 quod
933 3201 1062 3242 vero
1105 3190 1191 3243 est
1230 3186 1285 3239 in
1325 3200 1525 3256 genere
1567 3184 1893 3255 quantitatis
1939 3200 2047 3243 non
2088 3186 2251 3244 habet
2281 3192 2577 3251 materiam

561 3284 772 3349 partem
800 3275 905 3341 sui,
941 3274 1036 3331 sed
1073 3279 1423 3345 comparatur
1452 3273 1521 3329 ad
1550 3272 1730 3346 ipsum
1765 3274 1908 3331 sicut
1937 3291 2209 3345 mensura,
2249 3282 2305 3333 et
2332 3280 2580 3351 qualitas

561 3364 705 3421 sicut
733 3362 1040 3435 dispositio.
1071 3363 1141 3419 Et
1177 3362 1264 3420 liis
1287 3362 1502 3419 duobus
1529 3361 1819 3433 generibus
1847 3363 2215 3420 mediantibus
2250 3369 2431 3425 omnia
2466 3370 2575 3427 alia

561 3467 759 3524 genera
791 3456 1197 3521 consequuutur
1238 3448 1485 3505 diversas
1520 3449 1959 3519 comparationes
1999 3451 2069 3507 ad
2108 3453 2415 3521 materiam,
2449 3473 2581 3528 quae

562 3549 645 3599 est
674 3555 802 3614 pars
840 3537 1182 3605 substantiae,
1213 3553 1280 3592 ex
1324 3551 1435 3608 qua
1463 3535 1770 3593 substantia
1799 3535 1964 3593 habet
2005 3540 2274 3596 rationem
2315 3543 2573 3616 subjecti,

563 3630 864 3687 secundum
910 3641 1075 3700 quam
1117 3625 1188 3681 ad
1233 3624 1541 3682 accidentia
1578 3632 1947 3696 comparatur.
1995 3627 2119 3683 Alio
2164 3629 2343 3697 modo,
2408 3649 2580 3704 penes

563 3719 852 3775 materiam
889 3716 1122 3773 sumitur
1151 3712 1366 3785 generis
1392 3712 1707 3783 diversitaS,
1736 3714 2033 3771 secundum
2063 3717 2208 3788 quod
2236 3721 2467 3777 materia
2492 3729 2579 3780 est

563 3807 807 3881 perfecta
837 3821 932 3879 per
966 3804 1216 3861 sormam.
1245 3802 1314 3857 Et
1353 3817 1481 3857 cum
1507 3801 1737 3859 materia
1772 3802 1843 3858 sit
1875 3805 2121 3875 potentia
2150 3822 2306 3878 pura,
2344 3814 2401 3863 et
2429 3810 2577 3867 Deus

564 3896 640 3955 sit
666 3901 825 3957 actus
846 3909 1036 3969 puruS,
1064 3890 1200 3957 nihil
1227 3889 1376 3955 aliud
1398 3899 1485 3951 est
1507 3896 1794 3953 materiam
1820 3892 2011 3967 perfici
2038 3894 2097 3955 in
2124 3902 2328 3967 actum,
2356 3898 2454 3972 qui
2491 3908 2575 3958 est

1075 4017 1152 4025 -----
