2800 4492
709 359 714 365 ·
793 363 888 410 11.
918 377 996 396 --
1024 363 1094 408 m
1133 363 1407 408 sonuum
1444 364 1524 410 nn.
1566 364 1892 412 ‘rammam
2265 353 2340 416 61

325 485 508 538 tatem
553 479 875 546 constituat,
923 486 980 536 et
1023 495 1092 536 ex
1146 495 1211 538 eo
1246 481 1362 553 jam
1401 486 1630 553 possunt
1666 480 1777 538 duo
1819 482 2132 554 procedere,
2182 501 2348 544 unum

328 570 634 628 secundum
660 569 858 642 ipsum,
889 567 1036 626 aliud
1059 569 1358 626 secundum
1383 570 1824 642 conjunctionem
1849 573 1967 645 ejus
1987 573 2054 629 ad
2084 589 2346 632 causam:

331 659 481 732 quod
521 659 707 716 dicere
735 675 846 717 non
885 659 1150 730 cogimur,
1200 673 1324 715 cum
1366 674 1537 716 unum
1566 659 1774 733 aliquid
1814 663 1989 734 possit
2017 664 2251 736 primum
2294 666 2350 722 in

333 748 520 822 aliquo
556 749 784 814 imitari,
831 748 888 803 in
917 762 1025 820 quo
1055 747 1289 804 alterum
1325 747 1513 804 deficit
1542 747 1613 804 ab
1639 763 1704 804 eo
1745 765 1761 804 ε
1794 754 1849 804 et
1873 749 2125 820 deficere,
2158 753 2213 809 in
2242 771 2351 827 quo

332 838 570 896 alterum
595 838 862 905 imitatur,
894 844 952 894 et
979 837 1060 894 sic
1097 842 1326 910 possunt
1351 836 1585 894 inveniri
1615 837 1799 909 plures
1827 838 1987 911 primi
2016 841 2261 910 effectus,
2296 845 2349 899 in

333 944 570 1001 quorum
600 925 882 1002 quodlibet
910 933 994 982 est
1027 931 1084 981 et
1117 927 1338 997 negatio
1373 941 1577 993 causae,
1621 934 1674 984 et
1705 929 1925 1000 negatio
1948 930 2175 987 effectus
2208 932 2351 989 alte-

329 1018 448 1074 rius
471 1015 778 1074 secundum
804 1016 966 1082 idem,
999 1013 1086 1072 vel
1109 1015 1411 1071 secuudum
1439 1015 1788 1074 remotiorem
1812 1016 2131 1076 distantiam
2164 1021 2218 1077 in
2244 1037 2352 1080 uno

331 1113 388 1162 et
427 1104 647 1162 eodem.
690 1103 782 1169 Sic
811 1103 982 1175 igitur
1009 1107 1162 1175 patet
1190 1101 1337 1175 quod
1377 1101 1732 1175 pluralitatiS,
1768 1103 1861 1161 vel
1896 1105 2181 1164 divisionis
2212 1111 2352 1167 ratio

329 1191 534 1265 prima,
567 1192 686 1249 sive
721 1190 1050 1264 principium
1075 1197 1160 1246 est
1199 1205 1268 1247 ex
1295 1189 1677 1260 affirmatione,
1710 1200 1766 1249 et
1795 1195 2103 1265 negatione,
2137 1202 2197 1254 ut
2226 1199 2353 1256 talis

332 1282 470 1339 ordo
494 1281 726 1353 originis
749 1279 1080 1354 pluralitatis
1103 1279 1461 1352 intelligatur,
1490 1281 1635 1353 quod
1661 1282 1838 1354 primo
1863 1282 1973 1340 sint
2000 1284 2353 1359 intelligenda

333 1386 434 1429 ens
460 1377 517 1428 et
559 1385 668 1428 non
707 1385 822 1438 ens,
865 1367 1064 1443 quibus
1093 1369 1212 1442 ipsa
1249 1369 1427 1441 prima
1468 1369 1649 1426 divisa
1686 1371 2115 1442 constituuntur,
2151 1391 2216 1432 ac
2255 1393 2354 1449 per

333 1460 442 1517 hoc
459 1464 590 1517 sunt
615 1458 796 1533 plura.
824 1457 982 1516 Unde
1009 1457 1152 1515 sicut
1174 1458 1412 1530 primum
1432 1473 1530 1514 ens
1548 1458 1603 1513 in
1628 1459 1894 1532 quantum
1922 1461 2215 1520 indivisum
2246 1473 2349 1537 est,

333 1548 529 1606 statim
573 1547 849 1605 invenitur
895 1562 1083 1618 unum,
1132 1547 1210 1603 ita
1254 1551 1378 1619 post
1425 1545 1749 1604 divisionem
1778 1549 1919 1604 entis
1959 1556 2013 1606 et
2062 1567 2168 1608 non
2211 1556 2354 1612 entis

333 1637 528 1694 statim
579 1636 854 1693 invenitur
898 1635 1186 1710 pluralitas
1227 1635 1529 1707 primorum
1570 1635 1921 1708 simplicium.
1967 1639 2121 1697 Hanc
2169 1651 2353 1700 autem

335 1725 714 1800 pluralitatem
739 1724 992 1798 sequitur
1017 1723 1160 1780 ratio
1184 1723 1543 1791 diversitatis,
1580 1724 1878 1782 secundum
1900 1727 2047 1800 quod
2078 1738 2260 1788 manet
2297 1733 2354 1788 in

334 1829 402 1870 ea
430 1828 550 1872 suae
578 1826 762 1869 causae
789 1812 984 1878 virtus,
1011 1809 1225 1866 scilicet
1251 1809 1609 1883 oppositionis
1638 1811 1779 1867 entis
1808 1818 1865 1868 et
1892 1829 1995 1870 non
2027 1818 2187 1875 entis.
2226 1819 2353 1876 Ideo

334 1903 488 1959 enim
527 1917 700 1958 unum
737 1899 974 1973 pluriu'm
1014 1899 1294 1957 diversum
1339 1900 1543 1955 dicitur
1584 1899 1744 1957 alteri
1788 1911 2353 1982 comparatum,.quia

335 2006 448 2048 non
475 1995 565 2048 est
598 1989 757 2046 illud.
797 1989 868 2045 Et
896 1988 1231 2062 quiaxcausa
1259 1988 1499 2044 secunda
1540 2005 1650 2046 non
1680 1991 1931 2063 producit
1958 1996 2212 2054 effectum
2250 1999 2353 2056 nisi

335 2097 440 2156 per
459 2081 726 2139 virtutem
753 2093 936 2136 causae
959 2076 1170 2150 primas,
1198 2076 1322 2133 ideo
1346 2076 1633 2150 pluralitas
1669 2079 2059 2153 principiorum
2086 2100 2193 2141 non
2223 2085 2355 2142 facit

335 2169 669 2226 divisionem
693 2174 744 2223 et
767 2165 1139 2240 pluralitatem
1163 2165 1216 2221 in
1240 2165 1495 2222 secundis
1517 2167 1854 2239 compositis,
1884 2170 1987 2226 nisi
2009 2171 2063 2227 in
2088 2181 2356 2246 quantum

336 2265 528 2316 manet
568 2257 715 2313 inter
754 2271 821 2312 ea
847 2254 1024 2313 virtus
1053 2253 1413 2326 oppositionis
1450 2254 1659 2326 primae,
1704 2271 1829 2328 quae
1868 2263 1954 2314 est
1981 2260 2124 2317 inter
2164 2279 2260 2320 ens
2301 2271 2358 2321 et

335 2363 448 2406 non
476 2361 594 2411 enS‚
623 2361 692 2400 ex
716 2360 823 2416 qua
852 2337 1017 2400 habet
1051 2341 1320 2399 rationem
1343 2342 1701 2410 diversitatis,
1734 2352 1789 2400 et
1814 2346 1895 2401 sic
1918 2348 2211 2408 diversitas
2239 2353 2358 2425 pri-

339 2451 558 2493 morum
593 2433 730 2491 facit
765 2431 1143 2489 diversitatem
1173 2431 1558 2487 secundorum.
1601 2432 1669 2487 Et
1705 2434 2005 2490 secundum
2037 2437 2138 2495 hoc
2167 2456 2355 2497 verum

340 2533 426 2583 est
453 2523 605 2598 quod
633 2521 855 2578 Boetius
885 2520 1038 2587 dicit,
1071 2519 1217 2593 quod
1251 2519 1501 2576 alteritas
1530 2525 1614 2574 est
1642 2520 1967 2592 principium
2001 2524 2352 2594 pluralitatis·

337 2615 421 2671 Ex
457 2614 566 2669 hoc
608 2611 755 2668 enim
800 2609 1047 2667 alteritas
1087 2609 1143 2664 in
1185 2605 1460 2681 aliquibus
1504 2607 1990 2682 invenitur‚-quod
2031 2613 2111 2668 eis
2138 2615 2355 2676 diversa

339 2703 549 2760 insunt.
583 2699 851 2772 Quamvis
879 2709 1064 2756 autem
1091 2697 1290 2755 divisio
1333 2696 1609 2770 praecedat
1634 2697 2003 2770 pluralitatem
2031 2705 2349 2776 primorum,

339 2807 450 2849 non
487 2800 677 2849 tamen
704 2789 1015 2856 diversitas,
1044 2786 1174 2860 quia
1202 2786 1399 2844 divisio
1430 2802 1536 2843 non
1577 2788 1809 2862 requirit
1842 2796 2134 2866 utrumque
2160 2797 2358 2852 condi-

339 2882 585 2939 visorum
614 2894 755 2944 esse,
797 2893 922 2934 cum
959 2876 1156 2934 divisio
1194 2875 1266 2930 sit
1293 2891 1391 2948 per
1420 2875 1839 2935 affirmationem
1866 2884 1921 2935 et
1950 2883 2296 2953 negationem
2335 2881 2351 2945 ὲ

337 2971 438 3028 sed
465 2968 766 3026 diversitas
791 2965 1022 3039 requirit
1051 2971 1342 3036 utrumque
1365 2979 1485 3020 esse
1522 2981 1637 3033 ens,
1668 2968 1808 3022 unde
1837 2973 2206 3044 praesupponit
2233 2975 2362 3047 plu-

339 3061 649 3118 ralitatem.
683 3055 839 3112 Unde
865 3053 1012 3110 nullo
1039 3053 1202 3110 modo
1237 3061 1418 3124 potest
1446 3069 1585 3120 esse,
1622 3055 1765 3127 quod
1794 3055 2127 3129 pluralitatis
2149 3062 2362 3133 primo-

341 3163 469 3204 rum
503 3159 676 3202 causa
723 3143 796 3197 sit
836 3140 1146 3207 diversitaS,
1193 3139 1296 3194 nisi
1327 3139 1619 3196 diversitas
1658 3157 1757 3213 pro
1786 3141 2051 3200 divisione
2086 3158 2359 3209 sumatur.

339 3235 619 3308 Loquitur
660 3247 790 3304 ergo
830 3229 1051 3286 Boetius
1093 3227 1504 3302 depluralitate
1533 3230 1975 3301 compositorum,
2021 3236 2169 3307 quod
2209 3245 2359 3310 patet

340 3343 416 3384 ex
454 3323 580 3390 hoc,
627 3320 773 3394 quod
803 3318 1014 3376 inducit
1049 3315 1427 3389 probationem
1455 3316 1523 3373 de
1568 3315 1653 3373 his
1694 3333 1819 3390 quae
1864 3325 1990 3376 sunt
2018 3322 2233 3383 diversa
2275 3330 2360 3385 vel

339 3427 570 3489 genere,
597 3409 686 3467 vel
714 3408 915 3482 specie,
955 3405 1041 3463 vel
1069 3421 1314 3473 numero,
1347 3405 1494 3478 quod
1532 3421 1637 3462 non
1663 3415 1747 3463 est
1774 3409 1879 3464 nisi
1914 3415 2358 3485 compositorum.

343 3505 529 3562 Omne
553 3500 700 3556 enim
725 3497 871 3571 quod
892 3495 1053 3552 estin
1072 3510 1290 3567 genere,
1318 3500 1534 3567 oport-et
1552 3511 1671 3552 esse
1696 3498 2057 3569 compositum
2083 3519 2149 3558 ex
2168 3522 2367 3576 genere

344 3595 410 3646 et
433 3585 769 3644 differentia.
795 3585 905 3639 Eos
929 3589 1112 3641 autem
1143 3582 1236 3656 qui
1277 3590 1485 3655 ponunt
1509 3585 1725 3641 Patrem
1767 3593 1823 3642 et
1849 3587 2044 3645 Filium
2070 3592 2368 3664 inaequales

345 3679 520 3744 θεοῦ,
550 3673 800 3747 sequitur
823 3671 1148 3744 compositio
1177 3670 1371 3728 saltem
1396 3671 1628 3740 ratione,
1660 3674 1714 3729 in
1744 3682 2009 3748 quantum
2041 3689 2245 3750 ponunt
2274 3697 2368 3738 eos

345 3764 651 3823 convenire
689 3763 748 3819 in
784 3761 908 3830 hoc,
943 3760 1092 3834 quod
1129 3765 1260 3816 sunt
1285 3760 1453 3829 DouS,
1491 3766 1548 3818 et
1587 3762 1805 3818 differre
1834 3765 1890 3820 in
1919 3764 2021 3821 hoc
2058 3767 2201 3838 quod
2242 3777 2370 3827 suut

347 3851 681 3926 inaequaleS.
2320 3881 2327 3894 ·

429 3940 519 4003 Ad
545 3938 980 4016 primumigitur
1009 3937 1322 4010 dicendum,
1361 3939 1507 4013 quod
1545 3954 1803 3998 numerus
1830 3939 1887 3998 in
1923 3941 2105 4003 verbis
2141 3944 2249 4006 illis
2276 3964 2373 4007 os·
