2800 4492
504 290 621 352 110
771 321 775 324 -
975 307 1031 354 s.
1075 307 1308 369 monas
1347 305 1676 358 Aomm‘ns
1716 301 2025 352 ornacum

504 439 671 496 quam
695 422 962 480 naturalis
987 426 1045 480 et
1069 411 1392 496 theologica,
1423 428 1479 478 et
1507 421 1680 479 multo
1720 421 1843 495 plus
1879 437 2046 495 quam
2092 419 2218 480 aliae
2258 421 2509 480 scientia!

503 512 819 584 operativae,
835 518 890 568 et
907 510 1028 567 ideo
1051 511 1168 584 ipsa
1187 512 1435 567 maxime
1454 511 1660 567 dicitur·
1684 510 2157 584 disciplinabiliter
2185 511 2505 583 procedere,

504 606 560 656 et
587 599 690 655 boc
717 600 972 674 estquod
1011 599 1148 656 dicit
1185 599 1513 657 Ptolemaeus
1553 599 1609 654 in
1644 599 1915 672 principio
1941 597 2244 670 Almagesti
2274 616 2286 654 :
2323 619 2349 651 α
2382 599 2508 656 Alia

504 688 612 744 duo
639 703 840 760 genera
873 688 1101 745 theorici
1133 689 1315 760 potius
1357 689 1485 760 quis
1525 687 1854 760 opinionem,
1886 703 2053 762 quam
2088 687 2508 760 conceptionem

505 776 791 833 scientiam
821 776 968 832 dicat
995 794 1010 832 z
1041 776 1369 848 theologum,
1406 775 1630 849 quidem
1658 780 1881 848 propter
1919 776 2247 850 inapparens
2288 777 2409 848 ejus
2448 783 2509 832 et

505 864 1048 937 incomprehensibile
1078 883 1094 920 ε
1123 866 1413 938 physicum
1454 879 1585 920 vero
1622 871 1843 936 propter
1876 865 2125 921 materiae
2155 864 2413 920 instabile
2446 871 2509 921 et

508 953 950 1010 immanifestum.
981 953 1140 1010 Solus
1184 957 1368 1009 autem
1410 950 1830 1009 mathematicus
1868 952 2241 1025 inquisitionis
2290 953 2509 1009 firmam
2576 961 2585 967 '

419 1055 425 1060 ’
505 1041 865 1117 stabilemque
905 1042 1068 1099 fidem
1106 1040 1517 1110 intendentibus
1540 1039 1713 1108 dabit,
1736 1040 1885 1097 velut
1929 1041 2119 1114 utique
2154 1042 2509 1098 demonstra-

413 1170 419 1175 ·
510 1129 686 1186 tiones
704 1147 803 1204 per
829 1131 1216 1188 indubitabiles
1239 1130 1481 1186 rationes
1498 1129 1874 1186 manifestam.
1912 1149 1939 1182 n

575 1219 920 1292 Ad·primum
949 1235 1078 1292 ergo
1101 1219 1413 1287 dicendum,
1446 1219 1592 1292 quod
1622 1218 1873 1292 quamvis
1908 1219 1965 1274 in
1988 1217 2235 1292 qualibet
2274 1219 2508 1276 scientia

507 1308 794 1381 disciplina
814 1309 1133 1382 accipiatur,
1153 1317 1336 1366 tamen
1357 1307 1846 1365 inmathematicis
1872 1306 2089 1364 facilius
2113 1315 2169 1364 et
2192 1308 2416 1377 certine,
2446 1315 2509 1365 ut

507 1397 716 1454 dictum
743 1403 846 1454 est.
1584 1439 1589 1444 .

577 1486 662 1544 Ad
685 1485 984 1544 secundum
1009 1485 1318 1551 dicendum,
1348 1485 1495 1558 quod
1521 1485 1773 1558 quamvis
1802 1483 2071 1541 naturalia
2098 1485 2282 1542 sensui
2314 1485 2503 1559 subja·

507 1581 685 1644 ceant,
734 1593 842 1632 non
884 1583 1104 1648 propter
1153 1575 1238 1632 sui
1284 1573 1688 1630 fluxibilitatem
1727 1573 1931 1630 habent
1972 1589 2227 1645 magnam
2270 1577 2511 1631 certitu-

507 1665 709 1731 dinem,
735 1680 861 1720 cum
895 1669 1050 1718 extra
1083 1677 1304 1717 sensum
1331 1663 1487 1727 fiunt,
1518 1663 1662 1719 sicut
1699 1661 1900 1719 habent
1940 1663 2347 1734 mathematica,
2380 1679 2509 1736 quaa

507 1759 636 1807 sunt
663 1757 817 1808 extra
846 1757 1053 1807 motum
1083 1751 1136 1806 in
1175 1751 1402 1807 materia
1430 1751 1673 1806 sensibili
1707 1751 2005 1808 secundum
2029 1767 2175 1820 esse,
2200 1758 2257 1808 et
2292 1753 2375 1808 sic
2403 1755 2510 1809 sub

509 1853 670 1894 sensu
695 1845 750 1893 et
773 1837 1162 1908 imaginatione
1188 1836 1385 1892 cadere
1411 1845 1656 1910 possunt.

577 1925 662 1982 Ad
709 1925 930 1980 tertium
966 1923 1275 1992 dicendum,
1321 1927 1467 1998 quod
1509 1926 1565 1981 in
1614 1925 1945 1982 addiscendo
1984 1926 2273 2000 incipimus
2317 1928 2387 1984 ab
2440 1943 2507 1985 eo

510 2015 656 2087 quod
701 2014 876 2086 magis
917 2013 1096 2081 facile,
1138 2015 1242 2069 nisi
1281 2015 1582 2070 necessitas
1624 2013 1771 2070 aliud
1824 2015 2069 2087 requirat
2120 2031 2133 2070 z
2176 2016 2509 2089 quandoque

503 2102 654 2160 ‘enim
679 2120 899 2160 necesse
927 2109 1012 2159 est
1037 2103 1089 2158 in
1120 2103 1452 2160 addiscendo
1482 2119 1586 2159 non
1624 2103 1862 2176 incipere
1892 2103 1962 2160 ab
1982 2119 2047 2160 eo
2071 2105 2217 2176 quod
2251 2114 2337 2162 est
2366 2106 2509 2162 saci-

508 2192 634 2262 liuS‚
659 2193 756 2248 sed
780 2193 850 2248 ab
891 2206 954 2248 eo
997 2194 1150 2264 cujus
1187 2193 1498 2262 cognitione
1539 2192 1777 2263 cognitio
1807 2193 2152 2264 sequentium
2184 2193 2458 2265 dependet
2490 2213 2507 2251 z

509 2289 564 2338 et
587 2282 688 2338 hac
713 2282 979 2354 positione
1004 2287 1223 2354 >oportet
1243 2282 1297 2336 in
1329 2281 1659 2336 addiscendo
1690 2277 1721 2337 a
1746 2281 1921 2352 logica
1952 2282 2209 2354 incipere,
2240 2300 2343 2338 non
2373 2285 2509 2356 quia

511 2369 628 2440 ipsa
651 2369 722 2424 sit
760 2368 970 2426 facilior
1009 2369 1252 2426 scientiis
1280 2367 1513 2434 caeteris,
1545 2367 1709 2423 habet
1750 2370 1895 2423 enim
1936 2370 2231 2426 maximam
2268 2371 2509 2426 difficul-

512 2463 700 2526 tatem,
733 2473 858 2515 cum
885 2459 958 2514 sit
981 2458 1048 2514 de
1075 2458 1315 2514 secundo
1345 2457 1637 2512 intellectis
1666 2473 1678 2510 ε
1706 2457 1801 2512 sed
1831 2457 1960 2529 quia
1999 2457 2122 2515 aliae
2159 2460 2408 2516 scientiae
2438 2461 2509 2517 ab

509 2547 626 2618 ipsa
649 2547 975 2620 dependent,
1001 2547 1058 2601 in
1083 2547 1491 2619 quantum-ipsa
1519 2545 1681 2602 docet
1705 2546 1924 2601 modum
1948 2548 2272 2618 procedendi
2298 2549 2353 2604 in
2384 2563 2509 2604 om-

507 2635 667 2690 nibus
695 2636 958 2694 scientiiS.
991 2635 1220 2706 Oportet
1247 2635 1392 2689 enim
1429 2635 1602 2705 primo
1630 2635 1773 2691 scire
1810 2635 2031 2691 modum
2069 2637 2315 2694 scientiae
2339 2655 2507 2712 quam

505 2723 791 2779 scientiam
819 2723 1011 2794 ipsam,
1039 2728 1101 2776 ut
1124 2722 1326 2776 dicitur
1355 2737 1398 2778 11
1422 2723 1583 2779 Meta.

577 2811 662 2868 Ad
685 2819 940 2882 quartum
968 2803 1276 2877 dicendum,
1310 2811 1453 2884 quod
1482 2827 1513 2869 a
1544 2811 1800 2884 potentiis
1830 2813 2025 2870 ani'mae
2044 2815 2281 2871 sumitur
2310 2817 2508 2874 modus

508 2898 860 2955 scientiarum
905 2903 1127 2970 propter
1173 2899 1396 2955 modum
1448 2915 1609 2972 quem
1641 2900 1856 2957 habent
1903 2904 2163 2973 potentiae
2210 2905 2507 2962 animaevin

508 2987 762 3059 agendo-2
796 2987 938 3044 unde
963 2988 1107 3044 modi
1131 2989 1484 3045 scientiarum
1512 3004 1619 3045 non
1644 2989 1970 3061 respondent
1998 2991 2254 3062 potentiis
2283 2993 2501 3060 animae,

507 3077 602 3132 sed
641 3077 818 3134 modis
859 3077 1057 3149 quibus
1091 3077 1350 3149 potentiae
1395 3075 1593 3134 animae
1640 3079 1933 3149 procedere
1972 3086 2218 3152 possunt,
2249 3081 2342 3154 qui
2396 3097 2506 3138 non

507 3165 682 3222 solum
705 3167 1142 3224 diversificantur
1174 3183 1340 3240 penes
1380 3167 1683 3244 potentiam
1724 3175 1957 3235 tantum,
1991 3168 2086 3224 sed
2132 3169 2299 3225 etiam
2336 3185 2508 3242 penes

507 3253 829 3324 objecta‚-et
853 3255 932 3310 sic
961 3270 1064 3310 non
1095 3261 1310 3327 oportet
1327 3255 1473 3328 quod
1498 3255 1691 3311 modus
1720 3255 2009 3328 cujuslibet
2042 3256 2290 3314 scientiae
2327 3257 2509 3314 deno-

506 3341 744 3397 minetur
771 3341 841 3398 ab
864 3343 1048 3415 aliqua
1074 3345 1320 3415 potentia
1349 3344 1567 3402 animae.
1602 3345 1786 3402 Potest
1814 3353 1997 3402 tamen
2022 3345 2152 3413 dici,
2184 3347 2332 3419 quod
2356 3347 2506 3405 sicut

508 3429 703 3486 modus
738 3430 982 3504 physicae
1015 3431 1396 3489 denominatur
1439 3449 1471 3489 a
1508 3434 1735 3500 ratione,
1764 3434 2065 3490 secundum
2090 3435 2239 3508 quod
2268 3451 2300 3492 a
2336 3451 2506 3493 sensu

507 3519 953 3593 accipit‚·modus
990 3527 1177 3577 autem
1219 3521 1465 3579 scientiae
1510 3522 1712 3580 divinae
1757 3523 1826 3578 ab
1868 3522 2168 3592 intellectu,
2202 3525 2507 3581 secundum

507 3607 653 3682 quod
682 3609 736 3664 in
759 3609 876 3665 Deo
909 3608 1112 3682 aliquid
1149 3611 1462 3667 considerat
1494 3629 1507 3667 ε
1537 3612 1614 3669 ita
1642 3613 1810 3668 etiam
1854 3611 2051 3670 modus
2094 3613 2509 3671 matbematicae

505 3697 807 3756 attenditur
835 3699 1133 3764 secundum
1159 3700 1304 3772 quod
1325 3700 1525 3774 accipit
1549 3701 1617 3757 ab
1642 3697 2050 3774 imaginatione.

575 3789 659 3844 Ad
705 3788 927 3845 tertiam
969 3789 1327 3862 quaestionem
1377 3789 1686 3857 dicendum,
1724 3791 1870 3863 quod
1910 3793 2053 3848 sicut
2099 3789 2507 3848 >rationabiliter

506 3876 798 3948 procedere
825 3875 1144 3936 attribuitur
1179 3878 1413 3936 naturali
1448 3877 1819 3952 philosophiae,
1847 3882 1977 3954 quia
1996 3881 2059 3937 in
2090 3881 2208 3954 ipsa
2234 3880 2509 3938 observa-
