2800 4492
563 272 686 338 546
1039 292 1094 339 ε.
1138 292 1373 340 mona
1412 291 1740 346 nummus
1780 290 2096 341 ornacum

567 406 671 463 sibi
705 424 719 463 ε
751 413 807 466 et
835 413 968 466 tunc
994 424 1103 467 non
1128 408 1264 467 dicit
1289 409 1569 478 Ecclesiae,
1600 411 1731 485 quia
1758 425 1863 467 non
1893 409 2029 467 dicit
2066 408 2116 465 ei
2144 406 2288 465 sicut
2316 407 2545 483 praelato,

567 496 664 553 sed
695 496 839 554 sicut
870 512 1116 571 personae
1145 498 1452 571 proficienti
1481 499 1548 555 ad
1579 499 1977 556 correctionem
2020 497 2251 571 proximi
2282 502 2335 554 et
2372 513 2549 554 emen-

567 584 716 643 dam.
737 586 840 643 Sed
868 588 1016 662 quia,
1041 593 1262 659 propter
1285 586 1627 645 conditiones
1649 585 1895 645 diversas
1918 586 2270 661 praelatorum
2293 596 2347 643 et
2373 586 2549 642 subdi-

569 682 764 741 torum,
800 692 902 733 non
928 682 1109 749 potest
1139 678 1191 731 in
1215 676 1318 732 hoc
1341 676 1461 733 dari
1496 676 1749 749 generale
1770 676 2041 749 judicium
2073 693 2086 731 ε
2115 676 2245 750 quia
2274 674 2549 748 aliquando

569 764 826 836 praelatus
855 764 939 819 vel
977 770 1228 821 movetur
1261 766 1331 821 ad
1361 765 1547 822 odium
1577 764 1839 823 adversus
1866 764 2168 831 subditum,
2198 765 2281 821 vel
2319 764 2550 820 subditus

571 867 675 909 non
699 852 836 909 bene
864 851 1030 911 ferret
1054 853 1220 911 verba
1251 854 1463 927 praelati
1488 872 1501 909 :
1529 853 1651 911 ideo
1678 854 1970 911 tenendum
1994 862 2081 910 est
2105 854 2210 909 hoc
2234 870 2330 926 pro
2359 852 2544 923 regula,

571 940 716 1015 quod
745 942 800 997 in
829 941 1080 999 omnibus
1107 943 1231 999 istis
1265 958 1482 1015 semper
1514 942 1784 999 servanda
1812 949 1897 1001 est
1924 943 2150 1012 caritaS,
2184 949 2239 997 et
2268 942 2403 1015 quod
2439 956 2547 995 me-

571 1029 679 1087 lius
703 1036 762 1087 et
789 1032 964 1103 magis
981 1032 1238 1105 expedire
1261 1030 1479 1088 videtur
1510 1048 1525 1087 t
1556 1040 1611 1088 et
1639 1032 1685 1089 si
1712 1032 1816 1089 hoc
1842 1032 2111 1097 intendat,
2140 1030 2547 1086 scilicetemcn-

571 1119 699 1175 dam
746 1121 996 1193 proximi,
1028 1127 1084 1176 et
1128 1128 1309 1177 servet
1350 1129 1617 1193 quantum
1660 1128 1841 1193 potest
1883 1119 2085 1176 bonum
2126 1118 2389 1184 caritatiS,
2431 1124 2545 1173 tunc

571 1207 946 1265 denuntiando
974 1223 1080 1264 non
1123 1216 1313 1281 peccat
1339 1226 1353 1277 ;
1379 1209 1427 1265 si
1472 1225 1603 1266 vero
1642 1210 1927 1266 denuntiet
1968 1208 2295 1281 cuicumque
2328 1222 2543 1281 personae

571 1296 677 1352 hoc
710 1307 778 1352 ex
805 1295 1035 1364 malitia,
1057 1303 1113 1353 et
1149 1303 1209 1353 ut
1237 1298 1517 1370 proximus
1543 1297 1909 1371 confundatur
1936 1296 2019 1353 vel
2051 1296 2403 1369 deprimatur,
2432 1304 2543 1351 tunc

573 1384 901 1441 denuntians
923 1387 1042 1441 sive
1062 1401 1328 1442 accusans
1351 1393 1543 1459 peccat
1572 1386 1900 1444 mortaliter.

646 1472 727 1530 Ad
754 1474 987 1547 primum
1013 1490 1140 1545 ergo
1169 1473 1481 1541 dicendum,
1514 1476 1659 1548 quod
1688 1474 1736 1531 si
1764 1475 1951 1531 statim
1973 1473 2173 1547 aliquis
2200 1473 2391 1530 referat
2418 1488 2545 1547 prae-

575 1560 687 1617 lato
715 1560 977 1617 adhibens
1004 1561 1217 1617 debitas
1244 1562 1704 1629 circumstantiae,
1738 1568 1793 1616 et
1819 1561 2174 1617 considerans
2204 1562 2375 1632 magis
2398 1577 2545 1631 expo-

461 1722 478 1741 .
576 1646 714 1715 dire,
747 1664 855 1707 non
883 1649 1014 1705 facit
1051 1658 1242 1705 contra
1272 1657 1607 1723 praeceptum
1648 1649 1949 1721 Evangelii,
1977 1649 2106 1722 quia
2157 1664 2265 1705 non
2292 1650 2418 1705 dicit
2456 1648 2545 1703 hoc

577 1734 854 1803 Ecclesiae,
887 1738 982 1791 sed
1027 1751 1271 1807 personae
1306 1738 1633 1811 proficienti,
1675 1742 1737 1792 ut
1784 1738 1991 1791 dictum
2036 1744 2158 1804 est3
2204 1736 2411 1793 ot'ideo
2456 1752 2540 1790 non

576 1831 768 1895 peccat
797 1824 1118 1880 mortaliter.

647 1911 728 1966 Ad
771 1912 1069 1966 secundum
1112 1911 1424 1977 dicendum,
1467 1914 1613 1985 quod
1660 1913 1824 1969 etiam
1870 1912 2097 1986 perfecti
2140 1912 2243 1968 viri
2288 1917 2541 1985 peccarent

580 1999 902 2066 mortaliter,
930 2000 975 2055 si
997 2000 1366 2056 denuntiando
1397 2000 1623 2073 praelato
1654 2002 1736 2056 vol
1769 2000 1927 2058 alicui
1954 2016 2202 2073 personae
2232 2001 2542 2057 intenderent

580 2086 783 2161 aliquid
814 2088 958 2160 quod
985 2097 1067 2144 est
1097 2098 1288 2144 contra
1320 2089 1673 2144 intentionem
1703 2089 1983 2162 praecepti.

650 2177 733 2233 Ad
765 2178 988 2233 tertium
1028 2178 1337 2243 dicendum,
1363 2174 1517 2251 ‘quod
1557 2178 1602 2233 si
1634 2176 1832 2251 aliquis
1877 2178 2079 2233 reserat
2108 2178 2335 2251 praelato
2354 2177 2538 2249 culpam

579 2266 808 2339 proximi
840 2266 1124 2322 intendens
1153 2266 1235 2321 vel
1263 2266 1533 2323 cautelam
1560 2267 1610 2321 in
1636 2266 1897 2332 futurum,
1919 2266 2004 2322 vel
2036 2267 2243 2339 aliquid
2271 2263 2535 2339 hujusmodi

580 2355 725 2430 quod
751 2355 819 2411 ad
845 2356 1127 2411 emendam
1150 2355 1378 2428 proximi
1408 2356 1621 2411 videret
1644 2355 1917 2429 expedire,
1947 2371 2051 2411 non
2077 2364 2288 2428 peccat.
2311 2358 2359 2413 Si
2385 2360 2534 2410 autem

582 2445 684 2501 hoc
713 2444 828 2499 sive
869 2443 1094 2515 praelato
1140 2446 1255 2499 sive
1285 2444 1445 2499 alicui
1491 2445 1667 2500 amico
1708 2459 1806 2498 suo
1848 2460 1915 2499 ex
1946 2443 2155 2499 malitia
2200 2444 2407 2509 referat,
2432 2449 2536 2495 tunc

583 2537 773 2603 peccat
813 2531 1134 2587 mortaliter.
1171 2530 1325 2601 Quod
1369 2533 1413 2586 si
1463 2548 1529 2586 ex
1579 2530 1849 2587 incautela
1898 2530 2058 2587 alicui
2108 2532 2307 2587 dixerit
2344 2532 2447 2593 hoc,
2475 2528 2531 2581 ita

582 2630 762 2676 tamen
793 2621 935 2693 quod
965 2635 1071 2675 non
1110 2620 1393 2692 proveniat
1424 2619 1549 2675 inde
1578 2620 1725 2675 aliud
1756 2618 1837 2675 vel
1878 2619 2099 2675 infamia
2133 2619 2215 2675 vel
2248 2616 2531 2692 vituperium

579 2709 824 2792 proximo
870 2707 1226 2782 delinquenti,
1271 2714 1402 2765 tunc
1444 2722 1549 2766 non
1596 2714 1788 2781 peccat
1838 2706 2143 2765 mortaliter
2190 2708 2317 2765 licet
2354 2708 2531 2763 incaute

581 2804 730 2867 ngat.
1820 2817 1826 2822 ·
