2800 4492
608 329 729 390 442
1080 345 1137 392 e.
1180 345 1414 390 'monas
1455 344 1780 396 sotum-ris
1819 343 2129 414 croscum

606 460 952 534 temporalis;
980 466 1036 517 et
1078 460 1160 518 sic
1185 460 1445 534 suffragia
1469 459 1718 517 vivorum
1750 464 1978 533 possunt
2015 457 2278 532 prodesse
2309 453 2610 513 defunctis.

604 549 924 621 Hujusmodi
952 556 1135 606 autem
1164 548 1587 622 communicatio
1610 563 1836 621 operum
1864 547 2128 618 contingit
2152 545 2480 618 dupliciter.
2503 544 2614 599 Uno

604 637 766 694 modo
794 655 863 694 ex
891 639 1089 693 unione
1136 639 1404 705 caritati8‚
1451 653 1558 710 qua
1603 653 1793 693 omnes
1833 636 2050 714 Christi·
2082 635 2274 691 fideles
2301 633 2615 690 efficiuntur

604 739 770 781 unum
796 739 1025 799 corpus;
1058 725 1216 783 etsie
1249 731 1408 783 actus
1439 727 1599 783 unius
1628 723 2032 798 quodammodo
2061 723 2338 781 redundat
2369 725 2431 778 in
2455 717 2616 795 juv'a-

604 822 849 870 mentum
898 813 1143 882 alterius,
1194 816 1337 871 sicut
1374 815 1543 871 eti-am
1585 813 1644 870 in
1685 812 1942 870 membris
1987 813 2193 870 nostris
2235 810 2616 885 corporalibus

603 903 853 959 videmus
883 920 897 958 ε
928 911 983 960 et
1028 905 1109 960 sic
1148 905 1376 976 juvatur
1416 903 1616 976 aliquis
1661 919 1728 960 ex
1771 912 1900 960 actu
1939 902 2188 968 alterius,
2233 902 2296 960 in
2341 909 2614 975 quantum

570 1033 585 1042 .
606 991 839 1064 quilibet
866 993 1107 1048 existens
1148 992 1202 1048 in
1237 993 1491 1060 caritate,
1511 993 1720 1064 gaudet
1748 992 1817 1048 de
1858 991 2103 1065 quolibet
2146 990 2293 1046 bono
2331 1006 2542 1062 opere3
2567 995 2615 1044 et

608 1088 814 1151 quanto
848 1088 932 1138 est
980 1080 1516 1154 majoris-caritatis,
1563 1087 1716 1137 tanto
1757 1079 1992 1152 amplius
2030 1080 2258 1150 gaudet,
2285 1078 2410 1135 sive
2455 1080 2530 1135 sit
2567 1079 2618 1132 in

606 1171 942 1240 purgatorio,
969 1171 1085 1231 sive
1112 1171 1169 1226 in
1200 1169 1474 1244 paradise,
1493 1170 1613 1228 sive
1639 1169 1810 1226 etiam
1833 1170 1888 1224 in
1913 1169 2137 1226 mundo.
2157 1153 2528 1241 Etiluantum
2553 1167 2614 1222 ad

605 1254 708 1311 hoc
732 1264 819 1312 est
854 1273 985 1316 vera
1026 1258 1205 1331 prima
1249 1259 1454 1332 opini0.
1495 1259 1617 1316 Alio
1641 1257 1804 1315 modo
1832 1266 1990 1314 actus
2027 1258 2192 1313 unius
2211 1257 2278 1314 fit
2302 1256 2616 1313 communis

609 1343 767 1402 alteri
793 1362 889 1418 per
915 1348 1273 1407 intentionem
1302 1348 1571 1415 facientis,
1605 1348 1737 1419 quia
1761 1346 1895 1402 facit
1923 1361 2020 1419 pro
2049 1344 2142 1402 illo
2165 1344 2252 1401 vel
2285 1346 2416 1402 vice
2440 1345 2616 1412 illius;

608 1433 756 1507 quod
780 1434 927 1496 valet
948 1437 1223 1509 praecipue
1246 1438 1301 1492 in
1320 1436 1522 1493 debitis
1545 1435 1822 1493 solvendis
1839 1452 1854 1505 ς
1874 1442 1932 1490 et
1959 1435 2040 1490 sic
2061 1434 2328 1506 suffragia
2358 1433 2619 1491 Ecclesiae

609 1522 796 1580 'valent
818 1523 1110 1593 defunctis,
1135 1526 1189 1580 ia
1209 1533 1475 1598 quantum
1499 1525 1656 1584 vivus
1675 1522 1838 1581 solvit
1857 1525 1970 1580 Deo
1999 1522 2446 1580 satisfactionem
2461 1538 2619 1596 quam

572 1657 579 1661 .
610 1617 855 1668 mortuus
887 1613 1099 1670 solvere
1137 1613 1460 1683 tenebatur;
1489 1621 1546 1669 et
1569 1613 1650 1668 sic
1678 1611 1830 1668 valor
1869 1609 2114 1683 suffragii
2143 1613 2407 1684 sequitur
2442 1613 2620 1666 inten-

612 1701 813 1758 tionem
846 1701 1113 1759 facientis.
1140 1703 1207 1758 Et
1231 1711 1498 1774 quantum
1527 1702 1598 1759 ad
1621 1701 1725 1759 hoc
1747 1701 1987 1758 secunda
2011 1700 2196 1772 opinio
2219 1717 2358 1756 vera
2387 1709 2498 1757 est.

685 1789 767 1843 Ad
792 1789 1025 1860 primum
1051 1806 1181 1860 ergo
1206 1791 1519 1860 dicendum,
1546 1790 1690 1862 quod
1716 1791 1974 1845 meritum
1993 1789 2126 1845 illud
2150 1789 2220 1844 de
2246 1805 2360 1862 quo
2377 1789 2616 1863 loquitur

612 1876 951 1945 Augustinus
991 1884 1075 1932 est
1122 1879 1377 1933 meritum
1422 1878 1854 1936 conditionatum
1899 1894 1916 1932 ι
1959 1877 2184 1934 meritur
2222 1879 2378 1933 enim
2425 1878 2618 1951 aliquis

611 1963 803 2024 vivens
827 1969 890 2017 ut
912 1963 1017 2019 sibi
1040 1965 1298 2036 suffragia
1324 1973 1450 2037 post
1474 1973 1706 2022 mortem
1732 1966 1968 2033 valeant,
1983 1967 2030 2022 si
2061 1982 2160 2040 pro
2188 1981 2256 2022 eo
2285 1967 2429 2022 fiant
2459 1984 2474 2021 ε
2499 1983 2618 2040 quae

612 2049 833 2122 quidem
857 2052 1097 2107 conditio
1126 2058 1280 2108 extat
1308 2053 1363 2108 in
1407 2068 1535 2122 uno,
1565 2062 1622 2118 et
1646 2070 1754 2112 non
1781 2061 1934 2111 extat
1962 2055 2016 2110 in
2061 2055 2206 2124 alio;
2241 2051 2301 2112 et
2347 2056 2480 2113 ideo
2517 2072 2618 2114 non

610 2139 899 2212 aequaliter
921 2147 1150 2214 prosunt
1180 2141 1418 2214 utrique.

678 2227 764 2284 Ad
791 2231 1093 2284 secundum
1120 2229 1436 2301 dicendum,
1466 2231 1614 2302 quod
1654 2230 1837 2304 passio
1861 2230 2064 2288 Christi
2095 2231 2202 2287 fuit
2226 2230 2483 2289 exhibita
2525 2249 2616 2306 pro

612 2315 884 2385 omnibus,
910 2317 1239 2374 sacrificium
1262 2317 1452 2378 ‘autem
1485 2319 1663 2376 Missae
1690 2319 2000 2394 specialiter
2022 2335 2119 2393 pro
2144 2317 2432 2394 aliquibus
2454 2321 2618 2380 offer-

614 2413 704 2462 tur
732 2423 747 2460 :
773 2410 829 2462 et
852 2405 974 2462 ideo
1003 2423 1109 2462 non
1138 2416 1221 2463 est
1246 2407 1442 2464 simile.
1601 2435 1618 2476 ρ

682 2494 806 2554 Alia
826 2494 935 2553 duo
962 2496 1331 2554 concedimus.

1310 2677 1764 2738 ARTICULUS
1825 2675 1908 2738 X.

625 2801 842 2869 Utrum
889 2809 1093 2868 votum
1134 2805 1389 2886 simplem
1436 2808 1809 2872 continentia
1861 2807 2116 2871 dirimat
2161 2807 2622 2873 matrimonium

696 2897 1087 2957 contractum.
1120 2930 1200 2940 —
1228 2895 1396 2976 (Art.
1425 2897 1565 2975 205,
1597 2916 1759 2980 corp.
1765 2922 1793 2970 ;
1819 2904 1876 2961 et
1902 2902 1963 2976 4,
1989 2897 2134 2960 dist.
2162 2899 2264 2974 30,
2305 2905 2526 2979 quast.
2557 2901 2618 2971 2,

691 2986 814 3047 art.
848 2981 906 3060 1,
936 2987 1145 3064 quest.
1178 2985 1239 3058 2,
1265 2983 1348 3046 ad
1375 2985 1460 3065 1).

678 3113 764 3170 Ad
788 3115 1013 3170 tertium
1038 3115 1120 3170 sic
1144 3114 1482 3189 proceditur.
1508 3115 1738 3174 Videtur
1766 3117 1912 3190 quod
1939 3122 2128 3174 votum
2165 3116 2406 3191 simplex
2433 3119 2624 3176 conti-

610 3201 812 3256 nentiae
855 3201 1080 3258 dirimat
1121 3204 1526 3261 matrimonium
1570 3212 1938 3262 contractum.
1980 3207 2038 3263 Si
2075 3207 2224 3262 enim
2269 3207 2480 3280 aliquis
2527 3208 2624 3262 det

609 3285 771 3343 alicui
800 3287 948 3359 quod
966 3291 1116 3360 prius
1138 3291 1298 3347 alteri
1338 3293 1586 3358 dederat,
1630 3295 1872 3350 secunda
1895 3295 2038 3351 ratio
2062 3294 2212 3352 nulla
2239 3302 2346 3351 est.
2377 3295 2490 3352 Sed
2531 3296 2624 3352 ille

609 3375 705 3448 qui
744 3375 950 3432 emittit
990 3378 1219 3450 simplex
1256 3385 1444 3436 votum
1485 3382 1858 3450 continentias,
1883 3383 1982 3439 dat
2031 3397 2236 3456 corpus
2263 3399 2438 3440 suum
2473 3386 2620 3440 Deo.

607 3463 769 3536 Ergo,
800 3479 929 3520 cum
972 3473 1163 3537 postea
1206 3469 1578 3526 contrahendo
1615 3469 2023 3528 matrimonium
2065 3472 2163 3528 det
2209 3487 2418 3545 corpus
2455 3490 2624 3530 suum

612 3553 788 3621 uxori,
815 3561 1129 3610 contractus
1154 3555 1259 3630 iste
1283 3558 1613 3614 matrimonii
1638 3558 1771 3614 nihil
1794 3559 1978 3616 valere
1997 3561 2216 3616 videtur
2234 3567 2346 3618 etc.

678 3641 787 3699 Sed
814 3648 1006 3699 contra
1035 3649 1119 3699 est
1146 3644 1292 3716 quod
1310 3645 1623 3702 'Decretalis
1648 3647 1802 3715 dicit,
1827 3649 1974 3721 quod
2003 3655 2192 3705 votum
2227 3649 2470 3723 simplex
2492 3667 2627 3708 ma-

608 3732 921 3788 trimonium
960 3731 1190 3806 impedit
1234 3732 1683 3803 contrahendum,
1715 3737 1810 3792 sed
1851 3753 1962 3794 non
1989 3737 2201 3793 dirimit
2233 3747 2626 3796 contractum.

674 3819 996 3890 Respondeo
1018 3820 1329 3889 dicendum,
1358 3825 1506 3896 quod
1546 3831 1735 3880 votum
1771 3825 2005 3899 simplex
2036 3843 2144 3883 non
2167 3825 2382 3886 dirimit
2409 3831 2630 3886 matti-

606 3902 844 3958 monium
885 3915 1246 3979 contractum,
1282 3911 1379 3968 sed
1417 3910 1592 3968 solum
1635 3913 1880 3970 solemne
1909 3917 2122 3986 :·cujus
2161 3917 2304 3972 ratio
2349 3923 2542 3990 patet,
2579 3920 2630 3975 si
