2800 4492
415 405 421 411 .
517 355 634 420 166
990 371 1042 435 s.
1088 369 1320 444 rnoMAE
1360 367 1691 422 mutuans
1729 367 2039 415 oeuscumt

585 495 639 546 2.
667 487 773 544 Sed
819 485 1057 554 dicebat,
1085 485 1227 559 quod
1272 486 1613 559 suppositum
1652 485 1707 540 in
1748 483 1955 556 Angelo
1998 481 2182 538 differt
2224 496 2255 538 a
2304 484 2561 551 natura„

481 644 485 647 ,
517 576 573 636 in
621 583 887 648 quantum
915 575 1256 650 suppositum
1286 574 1612 648 intelligitur
1636 581 1717 630 ιιι
1758 572 1965 632 habens
2005 586 2145 636 esse,
2186 585 2297 626 non
2340 574 2531 627 autem

514 671 733 724 natura.
765 693 830 706 -
853 663 956 720 Sed
991 669 1202 730 contra,
1230 665 1374 720 sicut
1398 677 1520 720 esse
1564 677 1670 718 non
1704 661 1925 735 ponitur
1969 660 2025 716 in
2060 657 2378 718 definitione
2410 672 2530 730 ‚na-

517 761 677 818 turae,
711 753 789 809 ita
813 767 918 811 non
944 759 1237 824 poneretur
1277 753 1328 808 in
1359 751 1674 808 delinitione
1717 749 1982 823 suppositi
2010 747 2097 804 vel
2140 745 2449 818 singularis,
2482 745 2529 804 si

518 841 861 914 suppositum
901 840 984 897 vel
1026 827 1300 912 singulare
1342 840 1683 896 definiretur.
1712 837 2237 910 Ergosuppositum
2261 850 2373 916 'per
2408 849 2531 895 esse

521 945 553 990 a
579 938 771 988 natura
818 944 924 1004 non
975 917 1154 988 diffe'rt
1194 947 1208 985 z
1261 924 1579 1000 nullo‘ergo
1618 927 1779 984 modo
1808 926 2065 982 differunt
2101 921 2443 998 suppositum
2474 930 2529 983 et

521 1026 736 1077 natura.
1323 1055 1328 1060 -

591 1107 694 1164 Sed
721 1112 908 1186 contra
939 1106 992 1162 in
1023 1104 1274 1164 omnibus
1301 1103 1592 1179 creaturis?
1610 1091 1807 1161 natura
1848 1100 2135 1158 constituit
2164 1100 2527 1174 suppositum.

521 1195 625 1254 Sed
662 1183 1094 1252 nihil'constituit
1118 1209 1176 1252 se
1201 1193 1400 1274 ipsum.
1422 1193 1560 1266 Ergo
1587 1192 1639 1250 in
1666 1191 1812 1252 nulla
1842 1196 2094 1248 creatura
2120 1196 2205 1250 est
2228 1189 2371 1246 idem
2397 1201 2531 1262 sup-

527 1284 764 1358 positum
790 1293 844 1340 et
873 1291 1090 1342 natura.

594 1373 915 1445 Respondeo
945 1372 1254 1443 dicendum,
1281 1372 1426 1446 quod
1460 1371 1527 1428 ad
1571 1369 1732 1443 hujus
1761 1366 2081 1442 quaestionis
2113 1366 2531 1438 intelligentiam

526 1467 742 1532 oportet
780 1461 1126 1518 considerare
1161 1462 1290 1534 quid
1338 1462 1412 1517 sit
1445 1460 1785 1533 suppositum
1815 1465 1871 1514 et
1904 1456 2033 1529 quid
2075 1463 2289 1512 natura.
2323 1456 2531 1512 Natura

527 1555 738 1616 autem,
770 1550 1026 1624 quamvis
1065 1549 1439 1621 multiplieiter
1474 1533 1709 1615 dicatur,
1742 1554 1925 1602 tamen
1973 1559 2079 1600 uno
2121 1544 2283 1600 modo
2330 1543 2533 1598 dicitur

528 1647 722 1696 natura
751 1627 864 1710 ipsa
907 1639 1214 1696 substantia
1239 1639 1340 1706 rei,
1368 1647 1431 1694 ut
1474 1637 1673 1693 dicitur
1699 1637 1751 1691 in
1780 1652 1814 1691 v
1838 1634 2073 1706 Metaph.
2100 1635 2251 1704 (text.
2286 1648 2432 1688 com.
2459 1634 2529 1702 4),

455 1761 458 1766 -
528 1726 825 1784 secundum
866 1727 1011 1800 quod
1048 1726 1354 1784 substantia
1396 1725 1668 1796 significat
1707 1723 2001 1781 essentiam
2037 1721 2121 1777 vel
2166 1720 2533 1795 quidditatem

531 1815 629 1879 rei,
659 1814 744 1869 vel
771 1815 900 1885 quid
931 1821 1035 1870 est.
1065 1815 1202 1870 Illud
1232 1829 1362 1886 ergo
1391 1815 1728 1886 significatur
1752 1813 1970 1868 nomine
1999 1817 2229 1876 naturae,
2258 1819 2423 1882 prout
2448 1809 2534 1863 hio

531 1899 803 1972 loquimur
831 1899 898 1954 de
926 1905 1142 1967 natura,
1169 1901 1316 1974 quod
1355 1901 1628 1971 significat
1652 1900 1897 1955 definitio
1925 1897 2109 1964 :unde
2146 1897 2367 1953 Boetius
2402 1895 2535 1951 dicit

531 1989 588 2044 in
621 1987 756 2043 libro
790 1988 857 2043 de
891 1987 1100 2045 duabus
1133 1986 1541 2061 naturiS‚'quod
1574 1995 1779 2046 natura
1821 1994 1897 2043 est
1920 1985 2326 2057 unumquodque
2351 1984 2537 2056 infor-

531 2092 681 2132 mans
706 2076 946 2148 specifica
973 2075 1280 2146 differentia
1309 2092 1327 2134 .·
1354 2076 1662 2136 differentia
1709 2075 1853 2132 onim
1890 2073 2144 2145 specifica
2168 2080 2253 2130 est
2288 2073 2537 2146 comple-

534 2165 646 2220 tiva
671 2164 1020 2222 definitionis
1047 2166 1396 2238 suppositum
1428 2172 1611 2222 autem
1644 2170 1727 2220 est
1766 2164 2041 2235 singulare
2078 2163 2131 2217 in
2170 2177 2372 2232 genere
2400 2151 2537 2218 sub·-

531 2254 768 2319 stantiae‚
801 2255 945 2326 quod
989 2255 1190 2311 dicitur
1227 2255 1541 2330 hypostasis
1584 2253 1665 2310 vel
1703 2253 2011 2309 substantia
2054 2251 2225 2322 prima
2258 2269 2270 2305 :
2302 2257 2363 2308 et
2406 2253 2537 2325 quia

531 2341 854 2400 substantiae
880 2343 1164 2402 sensibiles
1191 2345 1510 2416 compositae
1555 2359 1621 2398 ex
1650 2341 1883 2398 materia
1910 2349 1965 2397 et
1995 2340 2167 2396 forma
2204 2348 2333 2395 sunt
2363 2341 2538 2415 magis

533 2430 688 2486 nobis
713 2439 876 2498 notae,
895 2432 1016 2488 ideo
1041 2433 1094 2488 in
1115 2433 1194 2489 eis
1219 2431 1392 2504 primo
1419 2433 1699 2488 videamus
1726 2429 1997 2503 quomodo
2027 2444 2085 2486 se
2112 2428 2274 2486 habet
2296 2428 2537 2488 essentia

532 2520 618 2576 vel
642 2519 836 2578 natura
867 2521 933 2578 ad
961 2523 1322 2595 suppositum.

545 2607 556 2612 “
606 2610 802 2666 Dicunt
833 2617 1015 2666 autem
1048 2610 1291 2682 quidam,
1325 2609 1468 2682 quod
1497 2607 1667 2665 forma
1696 2609 1870 2680 partis
1894 2613 1977 2664 est
2019 2607 2163 2663 idem
2192 2622 2316 2663 cum
2360 2606 2539 2670 forma

534 2698 722 2762 totiuS,
750 2713 874 2768 quae
912 2697 1110 2754 dieitur
1151 2698 1388 2752 essentia
1432 2697 1515 2752 vel
1554 2703 1768 2763 natura,
1802 2696 2101 2752 secundum
2138 2711 2272 2762 rem,
2300 2697 2397 2751 sed
2425 2695 2541 2753 dif-

436 2804 443 2809 ·
533 2785 634 2841 fert
663 2783 777 2839 sola
808 2785 1017 2842 ratione
1047 2803 1060 2840 :
1092 2785 1419 2845 nam,f0rma
1449 2786 1617 2858 partis
1660 2784 1859 2841 dicitur
1884 2785 1937 2841 in
1967 2775 2388 2858 quantum'saeit
2412 2801 2542 2844 ma-

539 2873 730 2927 teriam
761 2887 879 2927 esse
909 2873 962 2930 in
1001 2881 1158 2941 actu3
1187 2873 1360 2930 forma
1403 2881 1587 2930 autem
1626 2875 1811 2941 totius,
1842 2875 1895 2929 in
1937 2880 2201 2946 quantum
2246 2875 2542 2935 constituit

538 2960 801 3035 speciem
828 2962 971 3018 sicut
1006 2962 1185 3019 anima
1211 2963 1413 3018 dieitur
1440 2962 1611 3020 forma
1643 2963 1833 3036 partie,
1862 2963 1915 3018 in
1946 2971 2211 3035 quantum
2244 2961 2378 3018 facit
2408 2979 2545 3020 cor-

539 3065 640 3123 pus
664 3065 780 3106 esse
809 3051 862 3106 in
891 3057 1046 3120 actu3
1075 3057 1130 3106 et
1155 3051 1407 3108 similiter
1432 3053 1632 3108 dicitur
1661 3053 1839 3108 anima
1870 3051 2043 3108 forma
2074 3053 2243 3108 totius
2268 3053 2321 3107 in
2353 3069 2546 3126 quan-

541 3146 656 3194 tum
683 3141 968 3197 constituit
1010 3141 1251 3214 speciem
1288 3141 1599 3202 humanam,
1632 3149 1688 3196 et
1736 3141 1815 3197 sic
1855 3141 2056 3196 dicitur
2094 3141 2449 3198 humanitas:
2486 3152 2543 3200 et

536 3229 831 3289 secundum
859 3228 980 3297 hoe,
1013 3231 1068 3284 in
1094 3229 1254 3286 rebus
1291 3230 1609 3301 compositis
1640 3245 1708 3284 ex
1750 3231 1980 3285 materia
2022 3238 2077 3286 et
2114 3228 2305 3296 forma,
2336 3240 2546 3292 natura

535 3320 619 3372 est
648 3330 772 3387 pars
799 3318 1062 3388 suppositi
1103 3335 1116 3372 :
1147 3333 1274 3374 nam
1323 3318 1666 3390 suppositum
1694 3325 1777 3374 est
1806 3317 2146 3374 individuum
2170 3320 2549 3392 compositum

537 3419 602 3458 ex
627 3404 858 3458 materia
887 3410 942 3458 et
965 3404 1158 3469 forma,
1191 3412 1252 3459 ut
1277 3405 1487 3462 dictum
1516 3413 1617 3462 est.
1644 3407 1748 3463 Sed
1780 3405 2043 3478 praedicta
2072 3406 2270 3479 positio
2312 3423 2422 3462 non
2454 3407 2551 3464 vi-

535 3493 694 3547 detur
720 3507 838 3546 esse
866 3507 996 3548 vera
1023 3509 1036 3546 :
1065 3493 1213 3565 quia,
1243 3499 1302 3548 ut
1327 3493 1535 3549 dictum
1577 3503 1680 3562 est,
1708 3499 1903 3550 natura
1932 3494 2018 3551 vel
2056 3495 2293 3551 essentia
2334 3495 2553 3553 dieitur

537 3580 591 3634 id
617 3579 758 3652 quod
785 3579 1055 3651 significat
1091 3579 1356 3635 definitio.
1389 3580 1641 3638 Definitio
1683 3587 1866 3638 autem
1900 3581 1957 3636 in
1996 3582 2159 3638 rebus
2195 3583 2555 3644 naturalibus

537 3684 643 3723 non
671 3667 844 3724 solum
883 3667 1154 3739 significat
1182 3666 1434 3737 formam,
1460 3669 1556 3737 sed
1586 3672 1752 3727 etiam
1793 3671 2101 3739 materiam,
2134 3679 2195 3726 ut
2242 3671 2449 3727 dicitur
2496 3675 2558 3734 in

537 3771 598 3812 vr
621 3756 922 3830 Metapllys.
955 3757 1109 3828 (text.
1136 3772 1276 3813 com.
1309 3759 1382 3828 2).
1411 3759 1524 3817 Nec
1549 3759 1849 3832 potestdici
1873 3758 2018 3832 quod
2047 3760 2279 3815 materia
2303 3770 2559 3833 ponatur

540 3845 598 3900 in
624 3845 937 3901 delinitione
973 3846 1052 3902 rei
1091 3845 1356 3904 naturalis
1395 3846 1539 3906 sicut
1582 3863 1688 3906 non
1725 3849 1963 3906 existens
1990 3847 2059 3906 de
2098 3849 2335 3904 essentia
2372 3851 2505 3923 ejus
2537 3869 2555 3908 t

545 3931 647 3994 hoo
673 3934 818 3995 euim
839 3941 924 3998 est
961 3935 1239 4012 proprium
1279 3935 1580 4000 accidentis
1616 3944 1679 4000 ut
1706 3937 1995 4001 definiatur
2031 3953 2127 4018 per
2150 3936 2366 4013 'aliquid
2392 3942 2557 4020 quod
