2800 4492
511 329 642 408 390⁸
839 377 848 386 ·
989 332 1042 408 8⁰.
1087 359 1320 406 THOMAE
1360 336 1691 411 Aoumjtus
1731 317 2047 402 bruscum*

515 481 643 537 insit
673 478 865 535 relatio
892 477 961 534 ad
1001 493 1159 534 suum
1200 478 1536 536 Creatorem.
1567 475 1710 548 Ergo
1750 472 1923 532 multo
1960 469 2140 529 miuus
2179 475 2363 547 potest
2417 466 2573 524 fieri

515 567 660 642 quod
685 565 922 639 qualitas
945 566 1018 623 sit
1047 567 1254 639 absque
1281 566 1429 622 omni
1458 564 1725 642 subjecto.

585 659 638 711 5.
669 657 774 712 Sed
799 664 1011 724 contra,
1038 662 1261 728 propter
1287 654 1391 714 hoc
1424 661 1605 727 potest
1635 651 1750 708 fieri
1781 649 1927 725 quod
1974 650 2032 706 in
2058 655 2409 708 sacramento
2462 643 2570 702 al-

519 747 652 801 taris
681 745 963 818 quantitas
990 745 1062 800 sit
1089 746 1207 800 sine
1234 743 1561 810 substantia,
1594 742 1726 816 quia
1764 740 2045 813 quantitas
2082 753 2189 810 per
2216 737 2567 794 essentiam

519 852 548 888 a
573 833 878 890 substantia
902 833 1107 890 differt.
1136 833 1243 891 Sed
1271 831 1525 889 similiter
1552 830 1791 905 qualitas
1818 828 2003 885 differt
2028 842 2126 899 per
2170 825 2485 882 essentiam
2521 838 2563 879 a

519 923 849 995 quantitate.
879 921 1020 996 Ergo
1046 920 1238 978 eadem
1265 921 1479 978 ratione
1511 919 1628 982 fieri
1658 924 1842 994 posset
1864 925 1927 974 ut
1954 914 2193 992 qualitas
2221 919 2363 972 esset
2408 913 2563 970 sine

521 1011 850 1086 quantitate.

590 1101 910 1174 Respondeo
930 1099 1240 1164 dicendum,
1268 1097 1418 1172 quod
1453 1090 1654 1155 divin‘ae
1698 1095 1979 1171 potentiae,
2010 1094 2219 1153 ratione
2250 1107 2363 1148 suae
2419 1093 2557 1148 im·

525 1189 849 1253 mensurnis,
895 1188 1304 1245 attribuendum
1342 1194 1426 1243 est
1466 1186 1733 1258 quidquid
1776 1185 1833 1240 ln
1869 1183 2143 1241 derectum
2181 1197 2285 1237 non
2328 1189 2549 1245 sonat;

526 1287 706 1331 tamen
728 1276 910 1350 aliqua
939 1285 1066 1335 sunt
1091 1291 1216 1350 quae
1243 1283 1445 1332 natura
1469 1281 1654 1331 creata
1678 1288 1783 1328 non
1814 1273 2023 1348 patitur
2048 1277 2107 1327 ut
2130 1271 2281 1332 fiant,
2304 1278 2552 1342 propter

525 1364 764 1435 aliquam
817 1365 1230 1437 repugnantiam
1253 1378 1434 1436 quam
1474 1361 1772 1434 important
1822 1359 2035 1416 ratione
2079 1358 2549 1414 contradictionis

528 1453 852 1525 implicitae:
885 1459 941 1510 et
967 1452 1036 1509 de
1071 1451 1271 1508 talibus
1311 1450 1597 1507 consuevit
1626 1465 1657 1506 a
1686 1448 2015 1522 quibusdam
2051 1447 2161 1540 dici
2204 1446 2346 1520 quod
2382 1447 2547 1502 Deus

529 1547 708 1613 potest
737 1540 934 1608 facere,
963 1527 1216 1616 quamvis
1245 1538 1359 1595 fleri
1385 1553 1495 1597 uon
1522 1537 1751 1611 possint.

597 1629 670 1684 Ut
693 1645 823 1700 ergo
847 1629 1130 1685 videamus
1153 1636 1334 1684 utrum
1362 1626 1477 1682 fieri
1509 1627 1682 1700 possit
1711 1641 1743 1682 a
1766 1626 1881 1681 Deo
1907 1624 2053 1698 quod
2079 1621 2272 1682 albedo
2308 1623 2383 1680 sit
2409 1622 2543 1678 sine

529 1716 858 1787 quantitate,
885 1715 1166 1772 sciendum
1205 1721 1308 1780 est,
1337 1714 1526 1787 quod
1513 1731 1569 1770 in
1599 1713 1847 1770 albedine
1875 1719 1931 1768 et
1957 1712 2201 1785 qualibet
2236 1711 2343 1768 alia
2385 1727 2545 1784 qua-

532 1805 684 1859 litate
707 1803 974 1876 corporali
1000 1808 1083 1859 est
1112 1802 1220 1858 duo
1248 1803 1597 1858 considerare
1629 1802 1874 1864 :scilicet
1897 1802 2071 1875 ipsam
2099 1808 2349 1858 naturam
2375 1801 2539 1856 albe-

531 1891 694 1958 diniS,
727 1907 822 1962 per
850 1907 1012 1963 quam
1041 1891 1278 1962 speciem
1302 1891 1532 1947 sortitur
1550 1891 2135 1960 3etindividuationem
2164 1891 2302 1962 ejus,
2331 1905 2538 1945 secun-

531 1980 662 2034 dum
705 1980 848 2052 quod
891 1986 975 2036 est
1021 1979 1138 2036 haec
1178 1979 1371 2037 albedo
1412 1979 1686 2036 sensibilis
1728 1979 1799 2036 ab
1839 1979 1947 2037 alia
1994 1979 2244 2035 albedine
2289 1979 2537 2034 sensibili

533 2067 810 2124 distincta.
841 2069 1028 2125 Posset
1057 2083 1186 2139 ergo
1222 2068 1337 2124 fieri
1377 2068 1643 2125 miraculo
1678 2075 1740 2124 ut
1784 2076 1981 2126 natura
2019 2067 2285 2123 albedinis
2318 2067 2540 2123 subsis-

535 2163 675 2211 teret
703 2157 908 2231 absque
937 2157 1079 2213 omni
1107 2157 1449 2232 quantitate;
1477 2163 1658 2214 tamen
1698 2155 1791 2212 illa
1817 2156 2010 2214 albedo
2050 2172 2158 2212 non
2207 2163 2353 2212 esset
2389 2157 2540 2211 sicut

535 2245 650 2300 haec
676 2245 886 2305 albedo
908 2244 1199 2314 sensibilia,
1227 2245 1324 2301 sed
1369 2255 1514 2303 esset
1555 2247 1809 2319 quaedam
1846 2246 2019 2302 forma
2054 2245 2421 2316 intelligibilis
2465 2246 2537 2301 ad

535 2333 753 2391 modum
778 2333 1074 2391 formarum
1096 2342 1492 2407 separatarum,
1524 2350 1664 2407 quas
1694 2335 1845 2390 Plato
1871 2334 2074 2407 posuit.
2104 2334 2210 2390 Sed
2240 2335 2385 2407 quod
2416 2333 2541 2390 haec

535 2422 728 2479 albedo
751 2423 1022 2479 sensibilis
1045 2423 1382 2479 individuata
1414 2429 1559 2479 esset
1587 2422 1703 2478 sine
1728 2423 2057 2495 quantitate,
2088 2423 2205 2478 fieri
2248 2437 2356 2478 non
2402 2437 2545 2494 pos-

535 2520 637 2575 set,
673 2513 924 2584 quamvis
951 2511 1069 2568 fieri
1095 2512 1268 2585 possit
1296 2512 1445 2584 quod
1468 2512 1750 2585 quantitas
1780 2510 2118 2568 individuata
2151 2510 2223 2566 sit
2256 2511 2373 2566 sine
2400 2509 2544 2564 snb-

534 2601 762 2670 stantia;
791 2602 922 2674 quia
948 2600 1229 2672 quantitas
1253 2616 1360 2660 non
1388 2600 1763 2657 individuatur
1790 2599 1964 2657 solum
2000 2616 2067 2655 ex
2096 2599 2360 2672 subjecto,
2395 2599 2544 2654 sicut

535 2689 640 2744 alia
660 2690 983 2753 accidentia,
1015 2690 1112 2744 sed
1143 2689 1309 2746 etiam
1333 2706 1399 2746 ex
1424 2689 1555 2758 situ,
1576 2690 1679 2764 qui
1705 2696 1789 2746 est
1812 2689 2123 2758 deratione
2156 2689 2329 2762 ipsius
2358 2704 2547 2762 quan-

535 2777 712 2836 titatis
739 2777 1076 2843 dimensivae,
1107 2793 1231 2849 quae
1271 2784 1357 2834 est
1385 2780 1666 2850 quantitas
1698 2778 2024 2851 positionem
2064 2777 2289 2834 habens.
2323 2777 2392 2836 Et
2417 2778 2547 2834 ideo

535 2865 788 2937 possibile
814 2873 900 2921 est
924 2865 1207 2936 imaginari
1236 2866 1372 2922 duas
1395 2865 1567 2924 lineas
1603 2874 1888 2942 separatas
1916 2867 2161 2940 ejusdem
2190 2868 2395 2939 speciei
2431 2883 2548 2922 nu·

538 2969 686 3010 mero
710 2955 957 3011 diversas
987 2955 1285 3010 seeundum
1330 2954 1609 3012 diversum
1646 2958 1848 3025 situm3
1879 2955 2016 3013 alias
2060 2955 2199 3012 linea
2244 2971 2352 3012 non
2395 2962 2550 3012 esset

534 3043 820 3099 divisibilis
845 3058 912 3099 ex
935 3043 1053 3115 ipsa
1089 3043 1302 3100 ratione
1353 3045 1437 3100 sui
1485 3046 1729 3118 generis:
1756 3060 1863 3100 non
1908 3045 2054 3100 enim
2100 3043 2367 3099 dividitur
2398 3043 2549 3100 linea

539 3132 639 3187 nisi
669 3133 722 3187 in
751 3132 941 3189 lineas.
973 3130 1157 3188 Plures
1185 3140 1370 3189 autem
1399 3131 1678 3189 albedines
1719 3132 1967 3205 ejusdem
1996 3131 2196 3206 speciei
2240 3131 2361 3187 sine
2396 3131 2549 3186 'sub-

473 3243 481 3251 -
528 3222 676 3288 jecto
701 3217 1019 3290 imaginari,
1049 3229 1134 3275 est
1180 3219 1544 3291 impossibile;
1576 3228 1632 3276 et
1674 3220 1753 3275 sie
1794 3226 1947 3292 patet
1994 3219 2139 3293 quod
2188 3217 2387 3274 albedo
2434 3233 2551 3275 non

535 3306 904 3364 individuatur
932 3307 1036 3363 nisi
1076 3323 1143 3362 ex
1178 3308 1427 3379 subjecto
1456 3325 1469 3363 ε
1498 3314 1555 3364 et
1578 3314 1801 3384 propter
1833 3308 1937 3364 hoc
1958 3323 2066 3364 non
2091 3312 2278 3379 posset
2302 3323 2424 3362 esse
2451 3309 2548 3362 in·-

532 3394 774 3460 dividua,
812 3394 914 3450 nisi
948 3400 1093 3450 esset
1135 3394 1189 3450 in
1229 3396 1415 3470 aliquo
1455 3396 1721 3469 subjecto,
1756 3395 1827 3452 ad
1870 3397 2048 3452 minus
2094 3396 2149 3451 in
2182 3395 2544 3470 quantitates

533 3484 628 3541 sed
654 3485 933 3559 quantitas
955 3483 1120 3540 habet
1148 3487 1293 3541 uude
1323 3486 1694 3541 individuetur
1720 3487 1888 3543 etiam
1928 3485 2135 3560 absque
2172 3485 2454 3558 subjecto;
2490 3493 2551 3540 et

535 3572 656 3629 ideo
683 3580 860 3645 potest
893 3588 991 3646 per
1033 3573 1356 3630 miraculum
1403 3589 1523 3628 esse
1574 3573 1689 3630 boee
1730 3575 2012 3646 quantitas
2051 3573 2329 3630 sensibilis
2374 3574 2549 3628 etiam

533 3661 739 3735 absque
763 3660 1030 3733 subjecto,
1059 3663 1204 3717 sieut
1233 3667 1382 3734 patet
1413 3662 1468 3716 in
1494 3677 1723 3735 corpore
1752 3662 1975 3719 Christi.

603 3749 688 3805 Ad
715 3751 949 3822 primum
979 3766 1111 3821 ergo
1137 3749 1452 3817 dicendum,
1481 3751 1626 3824 quod
1655 3751 1699 3806 si
1728 3751 1920 3808 albedo
1954 3752 2071 3806 sine
2108 3752 2423 3824 quantitate
2449 3767 2553 3808 es-

533 3845 635 3901 set,
658 3839 776 3908 jam
799 3851 906 3895 non
935 3833 1081 3898 esset
1109 3839 1409 3916 corporalis
1434 3840 1690 3916 qualitas,
1720 3841 1816 3898 sed
1845 3835 2167 3916 spiritualis,
2201 3850 2261 3896 ut
2290 3855 2357 3895 ex
2380 3838 2552 3898 dietis

534 3931 706 3998 patet.

1776 4130 1845 4153 aff*
