2800 4492
589 341 712 404 372
1070 356 1122 402 s.
1167 355 1400 404 worm
1439 354 1768 408 sommus
1810 355 2120 407 opuscumt

662 474 749 534 Ad
775 474 1010 548 primum
1024 477 1164 546 ‘ergo
1189 472 1499 540 dicendum,
1534 474 1680 547 quod
1710 472 1918 549 aliquid
1947 473 2149 532 dicitur
2174 474 2571 537 determinatum

591 555 916 638 dupliciter-3
947 563 1124 635 primo
1151 561 1364 620 ratione
1393 562 1769 632 limitationis;
1802 563 1910 621 elio
1938 564 2101 621 modo
2125 565 2337 624 ratione
2364 566 2573 627 distinc-

593 653 781 710 tionis.
809 651 1060 708 Essentia
1100 657 1285 708 autem
1309 651 1493 708 divina
1520 667 1626 709 non
1669 659 1754 710 est
1795 651 1928 726 quid
1970 653 2393 713 determinatum
2421 659 2574 731 primo

591 741 774 808 modo,
801 739 898 798 sed
924 740 1166 797 secundo
1194 739 1389 808 modo;
1416 741 1545 814 quia
1587 741 1763 797 forma
1790 756 1901 798 non
1943 741 2210 800 limitatur
2240 745 2346 802 nisi
2387 762 2451 803 ex
2486 747 2574 805 hoc

593 830 741 905 quod
769 831 826 888 in
862 829 970 888 alio
1013 829 1296 903 recipitur,
1325 829 1415 885 cui
1458 830 1690 888 materia
1736 840 2230 889 commensuratur.
2258 834 2321 890 ln
2358 838 2576 894 essentia

591 925 777 978 autem
799 919 986 977 divina
1014 934 1121 975 non
1154 927 1240 976 est
1263 916 1473 992 aliquid
1515 919 1571 974 in
1600 918 1708 976 alio
1746 924 2048 992 receptum,
2070 937 2138 978 eo
2158 922 2308 996 quod
2332 937 2449 980 esse
2474 927 2575 998 ejus

589 1017 676 1068 est
704 1010 822 1082 ipsa
850 1009 1036 1069 divina
1067 1015 1263 1065 natura
1291 1006 1623 1073 subsistens;
1642 1007 1788 1081 qnod
1815 1008 1869 1064 in
1900 1009 2047 1067 nulla
2077 1011 2264 1069 realia
2294 1015 2575 1086 contingit;

589 1113 715 1155 nam
753 1097 1013 1172 quoelibet
1051 1111 1140 1153 res
1177 1094 1284 1154 alia
1327 1095 1493 1152 babet
1520 1111 1640 1152 esse
1666 1104 1966 1169 receptum,
1992 1106 2049 1154 et
2072 1099 2153 1156 sic
2182 1099 2503 1170 limitatum;
2530 1111 2576 1160 et

585 1185 718 1242 inde
758 1194 842 1244 est
876 1183 1021 1260 quod
1063 1184 1303 1242 essentia
1338 1185 1525 1241 divina
1571 1184 1642 1241 ab
1677 1183 1929 1242 omnibus
1969 1186 2327 1260 distinguitur
2359 1207 2454 1264 per
2486 1192 2578 1250 hoc

587 1274 735 1350 quod
763 1281 848 1331 est
878 1275 932 1330 in
957 1273 1064 1330 alio
1098 1288 1204 1330 non
1233 1273 1404 1346 recipi
1433 1290 1447 1328 x
1474 1272 1617 1330 sicut
1644 1272 1691 1329 si
1728 1279 1875 1329 esset
1904 1273 2087 1348 aliqua
2117 1275 2311 1336 albedo
2352 1281 2580 1338 existens

588 1380 696 1421 non
725 1365 780 1422 in
804 1362 1069 1436 subjecto,
1101 1379 1169 1420 ex
1198 1361 1302 1419 hoc
1330 1362 1449 1435 ipso
1474 1361 1901 1434 distingueretur
1925 1378 1958 1421 a
1986 1364 2229 1438 qualibet
2257 1367 2505 1426 albedine
2532 1372 2581 1427 in

587 1452 835 1526 subjecto
877 1451 1176 1520 existente3
1203 1451 1457 1524 quamvis
1498 1451 1551 1506 in
1591 1451 1804 1508 ratione
1837 1451 2105 1509 albedinis
2149 1468 2259 1512 non
2306 1465 2454 1514 esset
2498 1476 2584 1516 re-

588 1547 770 1614 cepta,
798 1545 854 1598 et
895 1539 975 1596 sic
1002 1554 1105 1595 nec
1149 1537 1404 1595 limitata.
1448 1539 1604 1595 Patet
1650 1553 1801 1610 ergo,
1828 1538 1976 1612 quod
2002 1541 2239 1598 essentia
2268 1542 2455 1602 divina
2483 1563 2583 1603 non

585 1635 671 1688 est
693 1629 828 1702 quid
855 1626 1109 1700 generale
1135 1624 1194 1684 in
1221 1626 1471 1694 essendo,
1498 1641 1623 1683 cum
1658 1627 1733 1682 sit
1770 1627 1841 1683 ab
1862 1627 2115 1686 omnibus
2150 1629 2273 1687 aliis
2307 1633 2582 1705 distincta,

585 1717 682 1774 sed
712 1717 892 1774 solum
917 1717 974 1772 in
998 1716 1306 1781 causando;
1337 1715 1468 1790 qnia
1496 1715 1551 1770 id
1582 1715 1729 1787 quod
1755 1722 1839 1772 est
1866 1732 1963 1788 per
1988 1733 2069 1786 se,
2099 1725 2185 1775 est
2206 1734 2376 1778 causa
2404 1737 2587 1781 eorum

582 1822 707 1880 quae
735 1822 830 1878 per
853 1820 913 1861 se
937 1802 1215 1861 non'sunt.
1245 1804 1546 1860 Unde-esse
1568 1819 1667 1876 per
1689 1819 1749 1861 se
1773 1804 2078 1862 subsistens
2106 1815 2190 1864 est
2217 1824 2388 1867 causa
2412 1815 2587 1870 omnis

583 1910 704 1952 esse
728 1894 782 1950 in
812 1893 920 1950 alio
953 1893 1194 1966 recepti3
1220 1897 1278 1948 et
1319 1892 1400 1949 ita
1432 1893 1669 1950 essentia
1711 1892 1898 1950 divina
1938 1901 2024 1952 est
2063 1895 2408 1970 intelligibile
2444 1904 2591 1973 quod

581 1989 765 2059 potest
788 1981 1154 2040 determinare
1182 1980 1539 2038 intellectum.

654 2072 738 2131 Ad
763 2063 1064 2130 secundum
1091 2069 1402 2138 dicendum,
1426 2069 1575 2144 quod
1612 2066 1922 2128 intellectus
1944 2080 2162 2131 oreatus
2191 2075 2252 2134 fit
2282 2075 2337 2132 in
2363 2083 2495 2135 actu
2522 2080 2593 2136 nd

580 2160 880 2218 videndum
903 2159 1146 2220 divinam
1175 2159 1472 2218 essentiam
1502 2174 1600 2234 per
1624 2158 1806 2218 lumen
1828 2162 2048 2234 gloriae3
2077 2170 2133 2220 et
2157 2163 2261 2221 hoc
2280 2165 2507 2236 sufficit,
2531 2175 2594 2225 ut

583 2249 792 2308 dictum
819 2253 926 2306 est.
1528 2275 1532 2279 ·
1758 2269 1763 2276 ·

615 2355 624 2361 ·
651 2341 737 2398 Ad
761 2337 985 2398 tertium
1009 2337 1320 2404 dicendum,
1343 2337 1493 2413 quod
1528 2337 1662 2395 illud
1706 2337 1891 2397 lumen
1928 2341 2117 2414 gloriae
2154 2345 2410 2416 quamvis
2436 2353 2497 2402 'et
2525 2346 2598 2403 ab

583 2428 820 2486 essentia
856 2428 1042 2484 divina
1083 2431 1140 2483 et
1175 2425 1246 2484 ab
1277 2426 1561 2484 intellectu
1595 2426 1670 2483 sit
1710 2427 1965 2486 differens
1995 2445 2091 2503 per
2130 2434 2453 2503 essentiam,
2487 2451 2599 2492 non

581 2525 768 2576 tamen
791 2516 923 2574 facit
946 2515 1244 2574 mediatem
1272 2516 1559 2586 visionem,
1588 2521 1648 2572 ut
1676 2531 1744 2573 ex
1763 2517 1926 2574 dictis
1948 2524 2125 2593 patet.

650 2605 735 2664 Ad
763 2612 1022 2680 quartum
1050 2603 1361 2671 dicendum,
1394 2605 1542 2679 quod
1566 2603 1803 2662 visibilia
1831 2621 1939 2663 non
1979 2615 2109 2666 sunt
2140 2609 2235 2666 lux
2262 2616 2513 2682 tantum3
2542 2623 2601 2671 et

580 2696 704 2753 ideo
746 2699 982 2766 oportet,
1013 2692 1082 2748 ad
1115 2683 1220 2749 hoc
1256 2694 1401 2767 quod
1440 2694 1592 2750 visus
1631 2694 2025 2753 determinetur
2064 2699 2136 2755 ad
2176 2715 2261 2768 ea,
2284 2703 2439 2774 quod
2488 2719 2605 2760 non

582 2783 760 2840 solum
785 2782 858 2838 sit
887 2780 962 2840 ibi
989 2781 1193 2846 lumen,
1223 2783 1316 2838 sed
1356 2783 1525 2840 etiam
1564 2784 1774 2855 species
1810 2786 1891 2842 rei
1931 2786 2085 2844 visae.
2111 2787 2363 2847 Essentia
2390 2787 2608 2848 'autem

580 2867 879 2929 divins'est
914 2885 1050 2944 pure
1089 2869 1215 2939 lux;
1247 2877 1303 2927 et
1330 2870 1454 2928 ideo
1500 2887 1607 2928 non
1635 2873 1866 2946 requirit
1894 2873 2135 2950 aliquam
2158 2877 2324 2936 aliam
2347 2880 2612 2954 speciem

582 2975 748 3038 quam
772 2960 951 3037 ipsum
979 2963 1042 3016 ut
1068 2957 1340 3028 videatur,
1367 2961 1511 3017 sicut
1532 2975 1600 3017 ex
1623 2960 1786 3018 dictis
1812 2969 1985 3036 patet.

1117 3223 1122 3231 ·
1211 3206 1216 3211 ·
1263 3163 1737 3251 ‘Ammonos
1797 3189 1878 3253 11.

591 3339 812 3408 Utrum
848 3307 1192 3403 intellectus
1218 3305 1457 3403 oreatus
1474 3339 1674 3420 possit
1697 3340 1887 3404 simul
1896 3342 2090 3421 plura
2116 3344 2491 3428 intelliyerae.
2530 3385 2627 3399 —

611 3475 614 3479 .
660 3429 721 3511 (1
763 3434 964 3509 part„
1013 3433 1226 3509 quoest.
1282 3427 1380 3506 12,
1428 3432 1549 3491 art.
1604 3428 1702 3504 10,
1756 3435 1813 3494 et
1851 3436 2066 3524 quoest.
2112 3434 2214 3512 58,
2260 3441 2388 3500 art.
2448 3440 2522 3517 3,
2566 3445 2631 3504 et

605 3575 610 3581 .
657 3522 869 3610 quast,
900 3517 1003 3595 85,
1029 3520 1153 3581 art.
1184 3514 1272 3598 4).

601 3663 614 3670 “
647 3668 732 3727 Ad
760 3668 1060 3728 secundum
1088 3667 1168 3725 sic
1200 3667 1532 3741 proceditur.
1562 3669 1616 3724 ⁴.
1654 3668 1886 3726 Videtur
1912 3666 2058 3744 quod
2086 3671 2409 3734 intellectus
2438 3694 2645 3739 crea-

573 3765 668 3829 tus
713 3758 884 3829 possit
926 3756 1088 3813 simul
1127 3755 1280 3830 plura
1324 3756 1646 3828 intelligere.
1679 3757 1927 3815 Potentia
1960 3757 2105 3816 enim
2146 3764 2447 3834 sensitiva,
2480 3785 2648 3828 cum

579 3843 652 3898 sit
677 3836 994 3911 materialis,
1029 3851 1110 3901 est
1146 3842 1370 3900 inferior
1412 3849 1468 3899 et
1498 3843 1673 3915 magis
1700 3841 1983 3903 contracta
2023 3853 2191 3921 quam
2223 3851 2645 3922 intellectiva.

578 3929 686 3986 Sed
721 3945 910 3988 sensus
951 3937 1134 4003 potest
1173 3929 1334 3988 simul
1377 3928 1537 4002 plura
1581 3932 1819 4005 sentire;
1853 3934 1997 3993 sicut
2033 3951 2227 3997 sensus
2277 3948 2653 4005 communis
