2800 4492
2485 18 2585 30 -----

467 281 620 343 332·
950 292 1019 344 8.·
1049 291 1300 340 mou&
1322 289 1651 344 nouimus
1692 290 2001 342 orusoumt

472 419 726 470 verenter
753 427 812 469 se
840 409 1006 467 habet
1025 409 1188 468 homo
1214 409 1284 466 ad
1307 425 1396 466 res
1418 425 1623 479 sacrm,
1650 409 1707 469 in
1730 425 1840 484 quo
1864 409 2087 484 attingit
2104 415 2333 522 peccata
2356 429 2501 488 quae

469 510 598 560 suut
625 508 818 560 contra
844 509 1119 575 praecepta
1148 500 1340 574 primae
1369 499 1591 558 tabulae.

1192 645 1587 725 QUAESTIO
1634 645 1755 713 XI.

541 768 751 828 Deinde
773 771 1070 844 quaesitum
1091 773 1178 825 est
1207 768 1274 824 de
1302 768 1388 826 his
1414 783 1540 842 quae
1566 767 1843 840 pertinent
1870 769 2181 842 specialiter
2206 771 2276 830 ad
2304 789 2492 847 quos-

469 861 596 918 dam
621 859 901 918 hominum
927 865 1126 916 status.
1143 857 1212 913 Et
1239 856 1415 930 primo
1445 857 1513 912 de
1538 856 1623 912 his
1646 872 1771 929 quae
1794 859 2067 930 pertinent
2092 859 2162 918 ad
2191 862 2487 934 praelatos.

467 950 717 1007 Secundo
742 949 810 1014 de
833 948 920 1004 his
937 963 1073 1021 ‚quae
1103 947 1374 1020 pertinent
1397 945 1469 1001 ad
1494 945 1765 1002 doctores.
1787 945 1972 1003 Tertio
1990 947 2059 1004 de
2086 947 2171 1006 his
2196 967 2319 1023 quae
2345 969 2483 1024 per-

469 1038 644 1093 tinent
687 1036 756 1092 ad
790 1034 1094 1107 religiosos.
1136 1034 1342 1103 Quarto
1385 1031 1453 1088 de
1496 1031 1895 1106 pertinentibus
1938 1034 2008 1089 ad
2042 1034 2287 1094 clericos.
2314 1041 2484 1098 Circa

466 1127 703 1199 primum
742 1125 975 1199 quaesita
1027 1128 1154 1181 sunt
1199 1121 1346 1178 tria:
1376 1123 1439 1176 ⁴0
1486 1127 1668 1176 utrum
1710 1122 1772 1176 Β.
1803 1121 2093 1180 Matthaeus
2134 1133 2359 1183 vocatus
2400 1128 2479 1186 sit

455 1216 656 1272 -statim
684 1229 716 1271 a
743 1213 956 1270 teloneo
985 1213 1054 1270 ad
1078 1217 1283 1268 statum
1313 1209 1663 1283 Apostolatus
1697 1216 1751 1265 et
1782 1210 2161 1282 perfectionis;
2189 1219 2251 1272 20
2288 1224 2480 1273 utrum

463 1305 555 1362 ille
583 1303 678 1377 qui
698 1303 917 1376 eligitur
940 1301 1202 1359 canonice
1223 1301 1276 1357 in
1295 1300 1643 1372 Episcopum,
1666 1298 1861 1356 melius
1890 1301 2058 1358 saciat
2084 1306 2480 1362 consentiendo

465 1391 718 1449 electioni
746 1391 813 1446 de
841 1407 899 1448 se
928 1390 1108 1458 factae,
1139 1388 1223 1444 vol
1252 1404 1373 1444 eam
1403 1388 1740 1456 recusando;
1774 1391 1834 1442 3⁰
1869 1394 2052 1445 utrum
2094 1391 2351 1463 praelatus
2374 1395 2477 1467 qui

463 1481 560 1538 dat
599 1480 923 1537 beneficium
958 1478 1391 1536 ecclesiasticum
1435 1475 1598 1534 alicui
1644 1492 1743 1533 suo
1790 1479 2211 1550 consanguinem
2245 1497 2477 1554 sperans

370 1609 377 1616 -
451 1587 561 1644 per
583 1569 687 1627 hoc
711 1585 871 1626 suum
891 1583 1063 1641 genus
1080 1566 1314 1625 ,exaltari
1344 1571 1399 1622 et
1428 1564 1613 1633 ditari,
1646 1567 1956 1622 committat
1983 1568 2291 1628 simoniam.

1126 1702 1581 1764 ARTIGULUS
1632 1701 1803 1763 XXI.

540 1810 653 1875 ΠΜ·
657 1827 756 1873 um
782 1810 863 1870 B.
898 1807 1226 1870 Matthaeus
1250 1809 1447 1884 fecerit
1468 1813 1714 1870 vocatus
1740 1808 1951 1870 statim
1974 1809 2043 1872 de
2072 1811 2291 1876 teloneo
2320 1815 2405 1878 ad
2495 1816 2503 1824 “

882 1901 1111 1960 statum
1137 1895 1537 1975 Apostolatus
1566 1901 1622 1958 et
1639 1899 2045 1976 perfectioni&

533 2013 614 2070 Ad
642 2012 876 2086 primurn
913 2009 994 2066 sic
1023 2009 1355 2082 proceditur.
1381 2009 1613 2068 Videtur
1638 2011 1783 2083 quod
1812 2013 1873 2066 B.
1904 2013 2195 2071 Matthaeus
2223 2032 2329 2073 non
2364 2017 2471 2074 suit

461 2107 692 2160 vocatus
713 2101 900 2157 statim
928 2100 997 2156 de
1024 2099 1234 2156 teloneo
1260 2099 1330 2155 ad
1361 2105 1569 2155 statum
1597 2075 1951 2172 Apostolatus
1998 2110 2055 2158 et
2092 2104 2468 2175 perfectioni&

461 2192 608 2248 Dicit
632 2189 774 2248 enim
797 2189 1097 2262 Gregorius
1116 2205 1278 2262 super
1296 2187 1636 2244 Ezechielem
1659 2187 1855 2248 :Nemo
1884 2198 2095 2263 repente
2120 2193 2184 2264 fit
2210 2211 2467 2254 summus.

455 2280 565 2337 Sed
587 2286 764 2338 status
793 2279 1083 2352 Apostolus
1119 2285 1176 2334 et
1197 2277 1549 2351 perfectionis
1574 2277 1871 2350 evangeliae
1898 2285 1983 2335 est
2008 2294 2255 2339 summus
2285 2292 2467 2343 status

463 2368 713 2425 humanae
737 2368 887 2426 vitae.
913 2369 1055 2439 Ergo
1085 2367 1374 2424 Matthaeus
1413 2381 1521 2424 non
1551 2365 1653 2423 fuit
1678 2367 1865 2423 statim
1893 2375 2118 2426 vocatus
2158 2372 2228 2428 ad
2256 2381 2465 2432 statum

460 2457 809 2531 perfectionis
831 2466 887 2515 et
915 2456 1285 2531 ApostolatuS.

393 2611 398 2618 ‚
437 2543 444 2550 “
531 2548 634 2605 Sed
659 2555 851 2603 contra
879 2552 964 2602 est
997 2546 1144 2618 quod
1169 2546 1536 2618 Hieronymus
1572 2543 1707 2600 dicit
1750 2561 1911 2619 super
1950 2547 2287 2619 Mattianum,
2318 2553 2463 2626 quod

447 2636 524 2692 -de
546 2635 826 2708 publicano
871 2641 1082 2706 repente
1120 2633 1188 2704 fit
1215 2637 1539 2706 Apostolum,-
1564 2639 1620 2688 et
1660 2634 1806 2690 Beda
1850 2634 1984 2692 dicit
2024 2653 2188 2709 super
2233 2641 2459 2710 Lucam,

462 2723 605 2796 quod
645 2722 706 2776 de
739 2721 1019 2795 publicano
1056 2719 1118 2775 in
1155 2721 1487 2792 Apostolum,
1524 2721 1587 2775 de
1632 2722 1920 2779 teloneario
1962 2725 2023 2780 in
2062 2725 2463 2801 Evanyelistam

460 2817 699 2866 mutatus
726 2817 831 2878 est‚·
857 2815 914 2866 et
956 2808 1214 2882 quaedam,
1235 2809 1434 2866 Glossa
1460 2809 1597 2864 dicit
1625 2811 1758 2872 Luc.
1780 2827 1837 2879 v,
1870 2811 2014 2885 quod
2056 2817 2259 2872 nullam
2290 2833 2461 2892 pror-

459 2915 548 2955 sus
577 2899 943 2971 cogitationem
969 2898 1048 2954 vel
1073 2903 1366 2968 respectum
1395 2896 1554 2968 hujus
1576 2898 1702 2956 vitoe
1722 2899 1825 2955 siti
1849 2903 2141 2962 reservavit
2154 2921 2175 2972 ,·
2200 2908 2350 2978 quod
2378 2917 2463 2970 est

461 2986 810 3059 perfectionis
833 2984 1183 3057 evangelicae.
1206 2985 1348 3056 Ergo
1376 2984 1565 3041 statim
1594 2995 1821 3044 vocatus
1844 2995 1930 3045 est
1954 2991 2025 3046 ad
2048 2999 2255 3050 statum
2282 2999 2463 3070 Apos-

461 3075 666 3134 tolatus
691 3081 747 3132 et
771 3073 1137 3149 perfectionis.

531 3166 852 3238 Respondeo
886 3165 1199 3231 dicendum,
1249 3162 1396 3236 quod
1437 3164 1671 3235 quaestio
1711 3163 1820 3222 ista
1860 3183 1929 3224 ex
1964 3169 2145 3226 verbis
2180 3172 2460 3248 Evangelii

461 3253 811 3309 determinari
837 3259 1036 3325 potest.
1063 3253 1120 3309 Si
1149 3253 1294 3308 enim
1324 3251 1610 3325 loquamur
1634 3252 1702 3310 de
1738 3256 2080 3328 Apostolatm
2111 3263 2462 3324 manifestum

462 3349 544 3399 est
574 3342 872 3398 secundum
899 3341 1268 3397 narrationem
1292 3341 1553 3408 Matthaei,
1586 3342 1769 3410 Marci,
1804 3352 1859 3401 et
1884 3347 2065 3414 Luem,
2099 3351 2244 3422 quod
2269 3353 2460 3412 Domi..

460 3436 564 3488 nus
589 3438 712 3504 post
735 3430 1075 3487 vocationem
1105 3429 1346 3486 Matthaei
1380 3429 1661 3503 aliquanto
1684 3433 1863 3505 spatio
1890 3438 2151 3508 temporis
2172 3439 2459 3515 interjecto

461 3537 528 3578 ex
549 3520 663 3577 suis
683 3518 967 3592 discipulis
994 3517 1281 3574 duodecim
1307 3518 1597 3592 Apostolos
1630 3520 1812 3592 elegit,
1849 3523 1993 3580 inter
2017 3542 2154 3598 quos
2191 3545 2333 3588 unus
2360 3531 2458 3588 fuit

459 3609 770 3666 Mattbaeus.
796 3607 864 3662 Et
903 3607 983 3664 sic
1021 3614 1174 3679 patet
1218 3608 1363 3681 quod
1408 3609 1595 3663 statim
1625 3624 1657 3664 a
1698 3609 1967 3683 principio
2008 3613 2111 3671 fuit
2139 3610 2367 3676 vocatus
2391 3625 2459 3678 ad

460 3698 847 3772 discipulatum
873 3695 1090 3762 Christi,
1121 3712 1225 3752 non
1270 3703 1457 3752 autem
1486 3697 1555 3752 ad
1596 3700 1995 3772 Apostolatum‚
2030 3705 2129 3760 nisi
2160 3709 2459 3768 secundum

461 3787 972 3859 praeordinationem
993 3785 1210 3851 Christi,
1232 3784 1324 3857 qui
1345 3799 1472 3839 eum
1496 3785 1553 3840 in
1576 3788 1894 3858 Apostolum
1920 3793 2243 3850 sumendum
2272 3797 2457 3871 dispo·

459 3875 672 3932 nebat:
702 3883 759 3936 et
792 3874 1091 3932 secundum
1137 3872 1240 3930 hoc
1281 3871 1633 3946 intelligenda
1672 3882 1801 3932 sunt
1846 3879 2012 3938 verba
2054 3881 2375 3959 Hieronymi
2403 3896 2456 3946 et
2520 3893 2525 3898 '
