2800 4492
445 317 563 381 294
925 335 978 380 a.
1025 333 1256 399 monam
1297 331 1627 384 Aounmrxs
1667 329 1977 376 opuscum
2066 307 2090 323 ”

447 450 700 524 tempori.
731 451 852 508 Non
881 455 967 506 est
995 457 1181 506 autem
1209 447 1539 506 conveniens
1566 461 1835 521 personas,
1862 444 2083 519 quando
2112 444 2289 502 minor
2310 457 2461 518 prae·

446 548 599 595 sente
640 540 848 610 majore
891 538 1192 606 benedicit3
1219 539 1369 611 quia,
1400 537 1545 593 sicut
1586 534 1788 592 dicitur
1832 535 1901 591 ad
1948 533 2210 591 Hebraeos
2250 548 2355 602 vu,
2395 533 2451 600 7,

447 628 562 682 sine
582 627 696 684 ‘ulla
719 626 1137 684 contradictione
1156 625 1291 699 quod
1313 625 1491 682 minua
1518 631 1615 690 est,
1639 641 1675 680 a
1696 623 2271 694 majorebenedicitur.

518 716 601 771 Ad
628 707 1164 788 decimumquartum
1192 713 1503 780 dicendum,
1532 713 1677 788 quod
1722 711 1814 768 ille
1838 713 1931 786 qui
1960 712 2175 768 accedit
2216 709 2286 768 ad
2324 725 2461 768 con-

448 803 588 870 silia,
622 819 728 859 non
754 805 951 878 quaerit
981 813 1268 860 ascensum
1297 819 1394 875 per
1422 801 1654 873 abrupta
1685 799 2006 874 postpositis
2046 799 2328 871 gradibus,
2362 798 2457 854 sed

449 893 626 964 magis
676 903 854 949 reseat
896 907 1021 966 quae
1059 897 1285 964 possunt
1331 890 1607 947 hominem
1658 887 1923 962 impedire
1968 888 2039 944 ab
2079 886 2461 944 observatione

451 988 871 1054 praeceptorum,
903 980 1047 1035 sicut
1067 979 1275 1036 dictum
1303 985 1409 1036 est.
1883 1051 1893 1059 ι

520 1071 602 1125 Ad
638 1068 1166 1139 decimumquintum
1207 1054 1529 1135 dicendum,
1553 1066 1721 1140 quod,
1754 1063 2051 1122 secundum
2095 1063 2303 1120 dictum
2346 1064 2462 1122 Da-

450 1159 712 1224 masceni,
742 1159 915 1229 magis
943 1162 1090 1212 esset
1113 1157 1450 1212 contrarium
1476 1155 1932 1212 concludendum.
1963 1155 2093 1208 ldeo
2130 1153 2277 1208 enim
2313 1154 2463 1210 Deus

449 1244 758 1302 hominibus
809 1247 974 1302 etiam
1033 1252 1158 1318 post
1209 1246 1676 1318 regenerationem
1730 1241 2307 1316 incorruptibilitatem
2352 1257 2463 1298 non

453 1335 641 1390 statim
667 1334 841 1400 addit,
870 1335 1000 1408 quia
1025 1334 1127 1390 hoc
1164 1349 1272 1390 non
1299 1342 1445 1389 esset
1474 1333 1555 1390 eis
1592 1332 1744 1399 utile,
1776 1331 1875 1388 sed
1918 1329 2269 1404 superbiendi
2294 1342 2471 1387 occa-·

451 1422 555 1479 sio.
586 1423 934 1480 Abundantia
972 1423 1116 1479 enim
1166 1421 1549 1495 temporalium
1594 1428 1651 1477 et
1687 1418 2053 1492 corporalium
2088 1418 2354 1474 bonorum
2378 1425 2463 1476 est

453 1511 684 1568 materia
701 1510 998 1584 superbiae3
1022 1517 1078 1585 et
1103 1510 1228 1567 ideo
1249 1511 1381 1566 utile
1399 1519 1484 1567 est
1504 1509 1708 1565 homini
1735 1509 1802 1566 ad
1820 1507 2132 1583 superbiam
2156 1507 2459 1574 vitandam,

453 1609 514 1656 ut
543 1601 612 1672 ad
640 1599 866 1657 consilia
890 1605 1150 1674 transeat,
1184 1597 1567 1672 temporalium
1597 1597 1863 1655 bonorum
1901 1595 2463 1670 superabundantiam

401 1725 406 1732 -
455 1688 856 1761 derelinquens·
1713 1725 1739 1741 .-

525 1777 609 1833 Ad
633 1777 1122 1832 decimumsextum
1155 1775 1469 1840 dicendum,
1501 1773 1646 1848 quod
1684 1774 1967 1846 amplexus
2004 1773 2257 1831 Rachelis
2290 1772 2464 1846 signi-

456 1865 585 1920 ficat
610 1865 851 1936 quietem
893 1862 1389 1935 contemplationis,
1422 1863 1492 1920 ad
1517 1879 1683 1936 quam
1724 1864 1890 1919 etiam
1915 1863 2141 1920 consilia
2171 1868 2465 1935 sequentes

457 1969 563 2008 non
593 1953 782 2008 statim
810 1967 842 2008 a
871 1951 1140 2024 principio
1167 1952 1453 2024 pervenire
1481 1957 1727 2024 possunt,
1760 1951 1855 2008 sed
1893 1961 2015 2024 post
2058 1950 2277 2024 longum
2302 1965 2465 2006 exer-

455 2041 648 2096 citium
685 2039 950 2097 bonorum
995 2039 1501 2112 operumzfacilius
1546 2045 1729 2095 tamen
1770 2040 1839 2095 ad
1872 2041 2191 2114 praedictam
2220 2039 2464 2111 quietem

439 2127 772 2202 pervenitur
811 2145 910 2203 per
950 2127 1356 2184 observantiam
1394 2125 1745 2184 consiliorum
1791 2143 1957 2201 quam
2004 2145 2100 2202 per
2141 2127 2464 2184 exercitium

459 2218 841 2273 mandatorum
871 2217 926 2273 in
954 2218 1068 2274 vita
1093 2217 1366 2274 saeculari.
2208 2262 2211 2265 .

528 2305 612 2360 Ad
631 2305 1196 2378 decimumseptimum
1213 2306 1523 2380 dicendum,
1540 2305 1685 2379 quod
1702 2305 1750 2361 si
1766 2306 2045 2363 beneficiis
2070 2303 2464 2380 temporalibus

461 2393 628 2468 aliqui
658 2395 966 2451 alliciantur
990 2397 1057 2452 ad
1075 2395 1392 2466 religionem
1415 2410 1541 2450 cum
1566 2401 1744 2466 pacto,
1763 2394 1905 2452 sicut
1932 2401 2081 2467 patet
2109 2395 2161 2450 in
2186 2396 2462 2467 emptione

462 2492 518 2539 et
542 2484 870 2551 venditione,
903 2491 987 2540 est
1013 2483 1201 2540 illicita
1231 2483 1449 2540 solutio.
1468 2484 1522 2540 Si
1550 2492 1734 2540 autem
1764 2484 1962 2556 aliquis
1991 2482 2149 2538 alicui
2179 2481 2464 2555 provideat

461 2572 578 2628 sine
601 2581 780 2645 pact0,
807 2587 914 2629 non
938 2578 1022 2628 est
1045 2573 1236 2629 illicita
1261 2572 1493 2640 soluti03
1525 2571 1668 2628 unde
1714 2579 1836 2644 post
1884 2573 2161 2644 praemissa
2208 2570 2372 2627 verba
2406 2572 2463 2627 in

460 2659 652 2717 eodem
685 2661 866 2732 capite
894 2660 1238 2732 subjungitur
1265 2675 1280 2714 z
1310 2658 1438 2717 Nisi
1468 2661 1609 2732 forte
1648 2659 1712 2715 de
1742 2676 2037 2732 pauperum
2066 2660 2316 2716 alimento
2344 2658 2465 2732 quis

460 2745 520 2801 in
543 2746 784 2802 concione
808 2755 1072 2820 proponat
1082 2766 1102 2816 ,·
1127 2753 1183 2803 et
1211 2748 1411 2803 iterum
1448 2747 1633 2804 subdit
1665 2765 1679 2802 :
1708 2747 1849 2806 Dum
1884 2755 2060 2824 tamen
2096 2747 2235 2806 absit
2258 2747 2460 2820 pactio,

461 2841 512 2890 et
539 2835 707 2890 omnis
727 2843 882 2891 cesset
911 2835 1202 2892 conventio.

533 2922 614 2978 Ad
646 2923 1174 2982 decimumoctavum
1202 2924 1512 2992 dicendum,
1546 2926 1693 2999 quod
1738 2933 1915 2983 status
1953 2925 2248 3000 religioniS,
2281 2941 2467 2999 quan-

462 3016 579 3068 tum
611 3013 678 3069 ad
709 3028 801 3068 eos
829 3013 922 3087 qui
952 3013 1006 3080 in
1034 3030 1099 3072 eo
1129 3014 1477 3088 profecerint,
1508 3024 1594 3071 est
1616 3015 1917 3087 spiritualis
1941 3014 2167 3084 militia3
2194 3021 2463 3088 quantum

461 3116 593 3157 vero
637 3103 704 3158 ad
745 3118 838 3159 eos
877 3105 972 3177 qui
1019 3104 1088 3160 de
1129 3118 1278 3160 novo·
1308 3103 1535 3170 intrant,
1567 3112 1651 3161 est
1686 3104 1844 3178 quasi
1885 3102 2169 3176 cujusdam
2207 3101 2464 3176 tyrocinii

462 3179 786 3247 exercitium
814 3209 827 3246 ε
857 3192 980 3248 ideo
1009 3199 1223 3264 oportet
1249 3191 1316 3248 ad
1349 3194 1611 3265 majorem
1636 3193 1939 3265 profectum
1965 3193 2171 3265 quoda
2198 3192 2464 3264 principio

463 3281 663 3350 aliquis
687 3278 990 3350 hujusmodi
1023 3281 1344 3337 exercitium
1365 3281 1578 3346 subeat,
1611 3283 1755 3337 sicut
1781 3290 1836 3338 et
1864 3282 1933 3337 de
1961 3281 2223 3337 exercitio
2250 3279 2467 3338 militiae

462 3365 777 3437 temporalis
808 3366 1063 3438 vegetius
1091 3369 1251 3425 docet
1275 3369 1327 3424 in
1359 3368 1495 3425 libro
1524 3370 1593 3425 de
1623 3386 1680 3424 re
1712 3370 1953 3426 militari.
2224 3439 2227 3444 Ι

531 3454 613 3509 Ad
643 3452 1120 3518 decimumnonum
1149 3456 1459 3525 dicendum,
1482 3456 1628 3531 quod
1666 3458 1924 3530 obligatio
1954 3459 2241 3532 perficiens
2265 3457 2465 3514 matri-

464 3541 705 3596 monium
749 3542 1028 3614 corporale
1075 3559 1183 3599 non
1229 3551 1407 3616 potest
1454 3544 1569 3600 fieri
1592 3551 1735 3600 'ante
1779 3560 1949 3600 anuos
1995 3545 2328 3616 pubertatis;
2374 3544 2467 3600 cui

461 3628 778 3700 obligationi
827 3630 1020 3686 similis
1062 3641 1144 3688 est
1185 3631 1447 3705 professio
1476 3649 1600 3705 quae
1625 3635 1686 3691 fit
1714 3633 1767 3689 in
1810 3634 2071 3706 religione
2104 3633 2173 3690 ad
2204 3640 2469 3707 perpetuo

463 3719 854 3775 remanendum
881 3719 936 3775 in
963 3735 1028 3776 ea
1058 3738 1071 3776 z
1097 3721 1192 3777 sed
1229 3729 1355 3776 ante
1383 3735 1553 3778 annos
1580 3722 1885 3794 pubertatis
1928 3728 2109 3795 potest
2140 3721 2254 3777 fleri
2280 3719 2471 3793 aliqua

460 3807 679 3877 sponsio
709 3807 878 3864 futuri
907 3809 1260 3876 matrimonii,
1284 3806 1429 3863 sicut
1456 3819 1541 3866 est
1580 3809 1635 3867 iu
1669 3809 2041 3885 sponsalibus;
2070 3810 2163 3868 cui
2190 3809 2471 3870 assimila-

463 3897 554 3950 tur
575 3892 835 3969 obligatio
857 3911 984 3973 quae
1006 3896 1068 3957 fit
1095 3895 1165 3956 ad
1187 3894 1526 3971 religionem.
