2800 4492
533 263 615 326 58
1009 283 1065 332 s.
1106 284 1339 330 mona
1377 284 1707 335 Aounu'rrs
1747 285 2063 338 croscum

537 396 896 466 apostolicum
939 397 1118 455 locum
1165 398 1407 457 haeretici
1462 415 1569 456 non
1608 401 1991 472 intelligentes,
2040 401 2100 457 in
2144 401 2549 459 contumeliam

533 484 659 539 Filii
685 485 784 541 Dei
809 501 954 558 saepe
983 495 1338 560 prorumpunt
1365 488 1629 558 dicenteS,
1661 497 1717 546 et
1754 497 2063 546 astruentes
2090 490 2237 563 quod
2280 497 2551 547 creatura

491 607 506 622 .
535 572 626 638 sit,
678 573 855 628 minus
899 577 1306 632 considerantes
1359 576 1647 632 verborum
1704 577 1835 633 vim.
1884 577 2281 649 Primogenitus
2332 579 2550 652 quippe

535 659 716 716 dictus
736 670 836 728 est,
871 669 926 718 et
955 679 1058 719 non
1088 666 1294 736 primus
1317 673 1553 731 creatae,
1586 673 1647 722 ut
1674 672 1729 721 et
1752 666 1971 737 genitus
1996 683 2091 740 pro
2120 674 2315 722 natura
2348 667 2549 724 divina

537 764 702 819 quam
728 749 910 816 habet,
935 759 989 807 et
1010 753 1217 824 primus
1247 759 1466 825 propter
1508 755 1929 825 perpetuitatem
1969 755 2245 810 credatur.
2273 754 2549 822 Quamvis

537 843 722 892 autem
765 836 931 894 Filius
972 855 1077 894 non
1121 840 1193 894 sit
1232 839 1300 895 de
1345 856 1544 912 genere
1582 847 1975 908 creaturarum,
2006 847 2188 897 tamen
2234 843 2547 897 secundum

535 923 795 980 Basilium
821 925 983 981 habet
1002 926 1207 1000 aliquid
1229 942 1354 982 cum
1374 928 1641 984 creaturis
1659 944 1964 995 commune,
1995 929 2205 985 scilicet
2230 931 2480 1002 accipere
2506 946 2545 984 a

534 1011 698 1067 Patre
721 1013 845 1068 :sed
877 1013 977 1068 hoc
997 1014 1162 1070 habet
1188 1031 1302 1087 prae
1328 1017 1617 1080 creaturis,
1650 1019 1780 1090 quia
1809 1035 1903 1091 per
1930 1025 2183 1074 naturam
2206 1018 2371 1074 habet
2406 1033 2545 1090 quae

537 1113 571 1154 a
594 1101 752 1156 Patre
781 1103 1013 1174 accepit,
1044 1107 1100 1158 et
1139 1111 1360 1175 propter
1384 1103 1489 1158 hoc
1513 1093 1695 1177 potest
1722 1105 2027 1162 ordo-inter
2050 1105 2358 1177 genituram
2385 1105 2538 1173 Filii,

537 1192 594 1242 et
621 1196 996 1244 creaturarum
1021 1190 1433 1262 productionem
1462 1193 1661 1249 notari.
2357 1260 2360 1264 .

606 1275 692 1331 Ad
735 1291 936 1334 nonum
979 1279 1289 1346 dicendum,
1335 1279 1483 1352 quod
1533 1279 1667 1336 illud
1707 1280 1952 1349 verbum,
1995 1288 2051 1336 et
2095 1281 2274 1337 omnia
2324 1280 2535 1358 similia

537 1380 662 1436 quae
690 1365 758 1420 de
785 1366 1052 1438 sapientia
1077 1367 1175 1422 Dei
1201 1367 1472 1439 leguntur,
1504 1367 1590 1424 vel
1620 1374 1745 1424 sunt
1782 1367 2065 1426 referenda
2106 1371 2176 1425 ad
2204 1371 2539 1441 sapientiam

537 1462 798 1522 creatam,
839 1455 981 1520 sicut
1024 1461 1151 1511 sunt
1187 1456 1401 1528 Angeli,
1454 1456 1539 1513 vel
1584 1457 1652 1511 ad
1700 1457 1877 1528 ipsum
1916 1456 2189 1513 Christum
2230 1459 2539 1514 secundum
2583 1503 2593 1509 ,

535 1541 829 1600 humanam
871 1553 1144 1611 naturam,
1183 1553 1238 1600 et
1279 1546 1360 1600 sic
1397 1544 1597 1599 dicitur
1637 1544 1707 1600 ab
1740 1545 1914 1611 initi'o,
1955 1544 2040 1602 vel
2079 1546 2235 1602 initio
2276 1553 2522 1614 creatus»,

536 1633 692 1704 quasi
719 1632 789 1687 ab
816 1641 1021 1689 aeterno
1047 1632 1467 1702 praedestinatus
1498 1639 1805 1688 creaturam
1829 1649 2127 1690 assumere.

606 1718 692 1774 Ad
727 1719 1000 1775 decimum
1027 1720 1338 1786 dicendum,
1367 1720 1511 1791 quod
1544 1721 1685 1776 sicut
1710 1721 1845 1776 dicit
1873 1726 2051 1794 Augu.
2083 1737 2126 1778 11
2170 1722 2239 1778 de
2277 1723 2428 1778 Trin.
2458 1740 2534 1779 ex

536 1805 640 1863 hoc
660 1807 805 1878 quod
826 1809 985 1862 Pater
1004 1807 1268 1863 clarificat
1286 1806 1501 1874 Filium,
1516 1824 1623 1862 non
1650 1808 1954 1865 ostenditur
1972 1809 2139 1866 Filius
2154 1811 2330 1866 minor
2347 1813 2531 1876 Patre,

538 1894 674 1950 alias
693 1896 858 1950 etiam
885 1905 1029 1950 esset
1057 1895 1259 1966 Spiritu
1281 1897 1697 1961 sanctominor,
1727 1898 1853 1968 quia
1878 1897 2013 1953 dicit
2036 1897 2200 1953 Filius
2228 1898 2295 1953 de
2324 1900 2535 1970 Spiritu

537 1979 755 2050 Sancte,
805 1984 1026 2040 loannis
1067 1999 1169 2038 xvi
1203 2000 1217 2038 t
1254 1984 1351 2039 Ille
1392 2001 1473 2039 me
1513 1985 1849 2054 clarificabit.
1879 1985 1977 2040 Illa
2019 1987 2163 2041 enim
2210 1987 2534 2042 clarificatio

538 2088 644 2128 non
673 2071 912 2127 ostendit
941 2071 1146 2144 aliquid
1174 2071 1227 2127 in
1256 2087 1487 2144 persona
1516 2072 1635 2127 Filii
1666 2073 1805 2141 fieri,
1838 2073 1933 2130 sed
1959 2073 2043 2128 vel
2066 2073 2119 2128 in
2144 2075 2339 2130 notitia
2366 2074 2535 2142 homi-

536 2176 686 2228 nurn,
715 2161 1013 2216 secundum
1042 2160 1186 2231 quod
1215 2160 1517 2216 clarificare
1558 2167 1642 2215 est
1685 2161 1857 2232 ipsius
1902 2160 2153 2217 notitiam
2199 2163 2403 2218 claram
2443 2165 2535 2218 ia-

537 2263 688 2303 cere:
708 2247 790 2302 vel
820 2249 876 2303 in
899 2263 1125 2320 corpore
1149 2254 1449 2320 assumpto,
1465 2255 1625 2320 prout
1651 2248 1884 2304 refertur
1914 2249 1982 2305 ad
2011 2249 2317 2307 claritatem
2343 2266 2535 2306 resur-

534 2336 814 2392 rectionis.
1403 2399 1409 2404 ,
2242 2397 2245 2400 ,

601 2426 688 2481 Ad
719 2425 1066 2493 undecimum
1093 2422 1400 2492 dicendum,
1435 2425 1579 2497 quod
1617 2424 1784 2481 Filius
1812 2433 1868 2482 et
1903 2425 2137 2498 Spiritus
2179 2427 2411 2484 Sanctus
2440 2428 2531 2482 di-

535 2519 730 2570 cuntur
758 2514 907 2569 missi
939 2530 970 2570 a
1004 2514 1165 2568 Patre
1198 2529 1303 2568 non
1335 2513 1480 2586 quod
1522 2523 1703 2569 essent
1738 2512 1828 2568 ubi
1856 2513 2007 2587 prius
2032 2529 2137 2568 non
2168 2514 2401 2582 fuerant,
2431 2515 2532 2570 sed

533 2608 596 2656 ut
620 2602 800 2672 aliquo
826 2594 985 2656 modo
1006 2617 1113 2672 quo
1141 2603 1292 2673 prius
1316 2618 1420 2656 non
1446 2601 1679 2667 fuerunt,
1696 2603 1838 2673 quod
1866 2610 1947 2658 est
1975 2601 2272 2658 secundum
2290 2603 2532 2674 aliquem

533 2690 788 2744 effectum
812 2687 868 2742 in
892 2696 1164 2744 creatura.
1191 2689 1345 2744 Unde
1377 2704 1471 2758 per
1500 2686 1603 2743 hoc
1632 2689 1774 2760 quod
1800 2689 1966 2745 Filius
1995 2697 2049 2744 et
2088 2690 2330 2762 Spiritus·
2353 2691 2530 2746 Sanc-

520 2773 624 2840 ‘tus
652 2775 904 2830 dicuntur
934 2790 962 2830 a
987 2776 1148 2830 Patre
1178 2775 1348 2840 missi,
1380 2791 1485 2829 non
1517 2777 1817 2832 ostenditur
1843 2777 2123 2834 Trinitatis
2158 2777 2525 2849 inaequalitaS,

538 2861 634 2916 sed
662 2862 795 2917 ordo
829 2863 1070 2936 originiS,
1103 2879 1211 2936 quo
1239 2878 1346 2919 una
1372 2879 1603 2936 persona
1642 2869 1725 2920 est
1762 2865 1830 2920 ab
1876 2865 1982 2921 alia
2011 2882 2024 2920 ε
2058 2866 2197 2921 unde
2228 2867 2385 2921 Pater
2420 2882 2531 2921 non

538 2949 795 3020 mittitur,
827 2951 954 3022 quia
974 2967 1079 3006 non
1109 2957 1192 3008 est
1218 2952 1287 3008 ab
1315 2952 1421 3008 alio
1453 2960 1511 3007 ut
1537 2952 1882 3008 efficientiam
1920 2954 1989 3008 ab
2025 2953 2131 3009 alio
2164 2954 2367 3010 habens
2404 2969 2533 3010 res-

537 3046 696 3110 pectu
727 3039 870 3096 illius
893 3040 1136 3109 effectu3‚
1164 3042 1466 3098 secundum
1492 3033 1653 3112 q'uem
1681 3058 1911 3114 persona
1938 3042 2125 3099 divina
2146 3043 2404 3098 mittitur.

1236 3213 1631 3292 QUAESTIO
1672 3249 1675 3252 ⁴
1706 3215 1820 3283 IV.

675 3371 754 3414 DE
796 3372 894 3418 ms
937 3373 1080 3423 QUAE
1120 3374 1203 3417 AD
1245 3373 1492 3418 CAUSAM
1533 3375 1969 3420 PLURALITATIS
2008 3375 2375 3422 PERTINENT.

604 3484 810 3542 Deinde
835 3488 1097 3559 quaeritur
1128 3488 1197 3544 de
1223 3488 1309 3544 his
1335 3505 1463 3561 quae
1500 3489 1571 3546 ad
1612 3505 1832 3548 causam
1874 3491 2205 3564 pluralitatis
2228 3494 2528 3568 pertinent.

532 3574 596 3630 Et
623 3582 946 3648 quaeruntur
971 3575 1115 3632 circa
1143 3577 1245 3633 hoc
1268 3587 1523 3650 quatuor.
2169 3581 2173 3584 ’

603 3665 803 3719 Primo,
825 3665 1018 3720 Utrum
1047 3665 1292 3722 alteritas
1320 3668 1390 3722 sit
1420 3683 1584 3725 causa
1614 3669 1961 3742 pluralitatis.
2098 3724 2100 3726 ,

603 3752 869 3808 Secundo·
896 3752 1091 3809 Utrum
1139 3755 1376 3814 varietas
1416 3757 1779 3814 accidentium
1826 3756 1994 3816 faciat
2030 3757 2405 3816 diversitatem
2436 3773 2532 3816 so·-

533 3840 772 3898 cundum
797 3829 1104 3904 numerum.
