2800 4492
0 9 360 182 Γ*

731 344 843 392 xn.
875 361 954 377 -
982 343 1409 399 ammarum
1452 331 1781 394 sannuum‘
2127 327 2245 410 387

229 461 632 534 Ergo-oportet
659 449 806 534 qu'od
835 462 908 520 sit
937 480 1104 521 unum
1129 464 1368 536 instans;
1391 473 1447 522 et
1472 464 1555 520 sie
1585 464 1646 521 in·
1667 464 1859 529 eodem
1903 462 2129 522 instanti
2169 462 2243 520 ibi

227 557 323 607 est
347 551 508 624 panis
534 559 587 606 et
619 566 816 624 corpus
843 553 1064 610 Christi.
1111 578 1116 584 ·
1508 577 1513 584 ·
2216 589 2221 598 -

308 644 362 697 2.
394 641 449 696 Si
475 640 695 697 dicatur
722 640 870 713 quod
916 657 1025 698 non
1065 649 1152 700 est
1187 643 1321 700 dare
1359 643 1611 700 ultimum
1660 643 1870 699 instans
1914 641 1964 698 ln
2006 657 2117 715 qno
2161 651 2247 698 est

229 729 422 800 panis3
454 735 676 785 contra:
691 729 822 786 Esse
845 731 1004 803 panis
1030 737 1379 804 mensuratur
1406 731 1645 806 quodam
1676 731 1942 806 tempore.'
1955 727 2060 789 Sed
2088 747 2249 788 men-

230 833 363 874 sura
395 817 615 890 propria
645 827 900 891 aequatur
930 828 1263 877 mensurato.
1295 821 1438 893 Ergo
1469 821 1521 876 in
1547 820 1791 893 quolibet
1834 821 2061 878 instanti
2104 820 2249 876 illius

233 906 502 979 temporis
530 913 616 962 est
643 906 716 962 ibi
745 908 994 980 paniS‚et
1022 907 1103 965 sic
1131 909 1187 964 in
1215 908 1407 966 ultimo
1433 909 1680 966 instanti.
2264 953 2273 961 .

309 999 360 1050 3.
392 997 685 1062 Praeterea,
711 996 856 1052 sicut
895 1013 956 1053 se
996 996 1162 1054 habet
1191 1007 1404 1072 tempus
1442 998 1512 1055 ad
1556 1004 1765 1054 motum
1806 997 2145 1062 continuum,
2169 998 2248 1054 ita

231 1101 298 1142 se
325 1083 491 1139 habet
522 1085 730 1141 instans
754 1085 823 1141 ad
853 1086 1214 1143 mutationem
1245 1086 1669 1144 instantaneam.
1698 1087 1804 1151 Sed
1827 1095 2041 1161 tempus
2068 1086 2251 1143 inelu-

233 1174 320 1232 dit
345 1183 638 1246 utrumque
668 1174 1022 1232 terminorum
1049 1181 1228 1232 motus
1257 1177 1681 1249 continui.Ergo
1697 1185 1753 1233 et
1780 1177 2071 1232 terminum
2092 1184 2251 1232 tran·

235 1263 732 1328 substantiationis‚
765 1280 891 1337 quae
935 1273 1022 1321 est
1067 1266 1301 1322 mutatio
1347 1266 1716 1322 instantanea.
1747 1265 1879 1338 Ejus
1907 1272 2091 1322 autem
2132 1273 2252 1322 ter-

237 1351 372 1407 mini
411 1357 540 1408 sunt
579 1352 734 1424 panis
774 1362 830 1408 et
871 1369 1072 1426 corpus
1116 1353 1339 1410 Christi.
1377 1351 1519 1426 Ergo
1556 1355 1610 1409 in
1645 1353 1839 1410 eodem
1882 1353 2108 1410 instanti
2165 1356 2249 1408 est

237 1441 398 1513 panis
419 1448 476 1496 et
504 1456 704 1512 corpus
732 1441 954 1498 Christi.

309 1533 362 1585 b.
394 1531 684 1594 Praeterea,
710 1531 761 1585 in
789 1530 1034 1602 qualibet
1057 1529 1362 1588 mutatione
1387 1518 1735 1588 instantanea
1762 1529 1923 1587 simul
1949 1537 2034 1598 est
2056 1544 2248 1586 verum

237 1617 424 1674 dicere
449 1617 598 1691 quod
623 1619 686 1673 fit
711 1625 769 1674 et
814 1613 1017 1675 factum
1057 1625 1160 1688 est,
1190 1621 1319 1694 quia
1358 1618 1417 1675 in
1454 1613 1676 1676 instanti
1726 1635 1833 1676 non
1877 1618 2251 1696 estaecipero

235 1707 392 1780 prius
438 1713 498 1762 et
537 1707 824 1778 posterius
866 1708 1028 1779 Ergo,
1055 1722 1180 1763 oum
1218 1707 1731 1765 transubstantiatio
1772 1708 1847 1764 sit
1875 1707 2108 1765 mutatio
2134 1706 2253 1776 in37

241 1794 719 1862 tantanea3simul
750 1811 938 1870 verum
971 1801 1056 1851 est
1083 1795 1269 1851 dicere
1302 1795 1449 1868 quod
1498 1796 1571 1852 sit
1616 1795 1693 1851 ibi
1730 1810 1927 1866 corpus
1965 1793 2166 1872 Christi
2195 1799 2253 1847 et

238 1883 447 1938 sactum
491 1893 575 1941 est
619 1901 632 1938 :
679 1900 806 1956 ergo
848 1900 1047 1957 corpus
1097 1884 1298 1941 Christi
1344 1882 1505 1940 simul
1541 1893 1624 1941 est
1658 1883 1732 1940 ibi
1774 1891 1829 1940 et
1865 1900 1973 1939 non
2007 1889 2111 1942 est.
2143 1881 2253 1940 Sed

239 1972 463 2044 quando
492 1988 597 2030 non
627 1979 713 2029 est
749 1973 822 2028 ibi
852 1988 1049 2044 corpus
1072 1973 1293 2036 Christi,
1323 1980 1411 2028 est
1448 1974 1521 2029 ibi
1564 1973 1871 2029 substantia
1901 1972 2079 2047 panis.
2109 1971 2252 2041 Ergo

238 2059 446 2116 simul
435 2078 488 2116 in
513 2060 704 2117 eodem
736 2062 961 2118 instanti
987 2068 1072 2117 est
1099 2062 1168 2118 ibi
1196 2077 1394 2135 corpus
1424 2055 1641 2119 Christi
1649 2069 1705 2116 et
1730 2061 2043 2117 substantia
2073 2059 2250 2133 panis.

309 2149 417 2208 Sed
444 2157 655 2215 contra,
689 2151 812 2208 duae
837 2149 1026 2207 sormae
1050 2148 1441 2207 substantiales
1466 2151 1763 2222 disparatae
1802 2165 1909 2204 non
1940 2156 2166 2228 possunt
2198 2149 2254 2202 in

240 2240 438 2297 eodem
479 2237 704 2296 instanti
741 2239 928 2295 eidem
963 2240 1157 2296 inesse.
1182 2239 1286 2296 Sed
1337 2239 1510 2295 forma
1550 2240 1706 2310 panis
1742 2244 1798 2294 et
1828 2254 2026 2310 eorpus
2049 2236 2255 2293 Christi

242 2340 370 2386 sunt
400 2328 731 2402 hujusmodi.
750 2328 892 2400 Ergo
916 2345 1024 2385 non
1050 2337 1278 2401 possunt
1305 2328 1465 2384 simul
1486 2328 1662 2384 eidem
1691 2326 1870 2383 inesse
1896 2335 1953 2383 et
1978 2327 2033 2382 in
2058 2325 2253 2385 eodem

241 2416 493 2474 instanti.
2076 2437 2079 2442 ·

312 2502 638 2578 Respondeo
674 2506 984 2572 dicendum,
1013 2503 1162 2579 quod
1203 2501 1349 2562 nullo
1387 2505 1551 2562 modo
1589 2501 1644 2560 in
1678 2503 1871 2560 eodem
1910 2501 2139 2559 instanti
2169 2509 2255 2558 est

243 2597 317 2652 ibi
344 2612 436 2651 cor
442 2612 542 2669 pus
566 2579 765 2651 Christi
792 2604 847 2650 et
889 2594 1194 2652 substantia
1227 2595 1411 2665 panis;
1439 2610 1538 2650 neo
1566 2601 1651 2649 est
1683 2593 1963 2664 assignare
2001 2590 2254 2646 ultimum

241 2687 458 2742 instans
487 2687 543 2740 in
571 2699 679 2756 quo
708 2700 765 2741 es
743 2689 792 2739 t
821 2682 892 2739 ibi
920 2683 1095 2757 paniS,
1127 2683 1224 2740 sed
1249 2683 1499 2738 ultimum
1532 2688 1746 2754 tempus
1778 2681 1924 2754 quod
1961 2667 2257 2737 continua-

243 2784 333 2831 tur
358 2773 428 2832 ad
457 2772 668 2830 instans
694 2773 822 2829 illud
856 2772 908 2828 in
935 2789 1044 2846 quo
1070 2771 1245 2845 primo
1275 2782 1360 2828 est
1387 2772 1459 2828 ibi
1486 2787 1684 2844 corpus
1709 2770 1934 2828 Christi.

315 2865 398 2921 Ad
427 2863 586 2935 cujus
615 2862 946 2919 evidentiam
979 2861 1262 2918 sciendum
1291 2867 1395 2932 est,
1430 2862 1573 2935 quod
1616 2863 1671 2915 in
1714 2860 1877 2915 rebus
1912 2857 2255 2916 naturalibus

244 2951 581 3011 mutationes
597 2953 957 3008 instantaneae
974 2958 1100 3007 sunt
1117 2952 1331 3007 termini
1353 2959 1533 3032 motus
1548 2965 1792 3023 semper;
1817 2949 1973 3020 cujus
1989 2948 2129 3003 ratio
2146 2952 2253 3012 est,

245 3045 372 3118 quia
395 3041 705 3113 hujusmodi
731 3043 1063 3097 mutationes
1093 3039 1292 3096 habent
1319 3055 1417 3112 pro
1448 3038 1696 3094 terminis
1716 3036 1947 3091 formam
1986 3044 2042 3091 et
2068 3035 2257 3105 priva·-

245 3134 472 3198 tionem‚
509 3133 651 3188 sicut
682 3130 962 3202 generatio
997 3130 1136 3200 ignis
1169 3129 1350 3201 ignem
1381 3134 1437 3184 et
1468 3145 1573 3183 non
1610 3118 1811 3196 ignem.
1842 3125 1987 3179 Inter
2024 3123 2257 3178 sormam

246 3229 430 3278 autern
475 3227 532 3277 et
557 3221 915 3293 privationem
956 3235 1058 3275 non
1091 3227 1272 3291 potest
1309 3233 1429 3273 esse
1464 3215 1683 3288 aliquod
1722 3213 1962 3268 medium
2007 3213 2111 3267 nisi
2160 3225 2258 3285 per

246 3311 532 3378 accidens3
566 3310 618 3365 in
649 3317 914 3384 quantum
943 3308 1156 3364 scilieet
1175 3306 1304 3362 illud
1330 3305 1476 3378 qnod
1500 3307 1744 3376 privatur
1765 3303 1958 3367 forma,
1992 3302 2169 3372 magis
2199 3306 2258 3355 et

248 3399 428 3455 minus
454 3401 855 3471 appropinquat
884 3399 952 3454 ad
983 3398 1232 3458 formam,
1259 3396 1471 3451 ratione
1500 3394 1731 3465 alicujus
1769 3391 2146 3464 dispositionis
2186 3390 2257 3445 ad

246 3489 502 3550 formam
534 3505 659 3561 quae
683 3487 983 3543 intenditur
1007 3486 1092 3542 vel
1121 3483 1420 3541 remittitur
1451 3499 1544 3555 per
1568 3493 1777 3539 motum
1801 3482 2123 3538 continuum
2156 3495 2168 3532 ε
2201 3485 2259 3531 et

248 3579 370 3634 ideo
397 3586 618 3645 oportet
653 3577 1008 3649 praeexistere
1052 3581 1261 3630 motum
1304 3572 1664 3634 alterationis,
1692 3571 1786 3644 qni
1838 3569 2159 3624 terminetur
2186 3565 2256 3620 ad

247 3667 708 3739 generationem
738 3674 794 3722 et
836 3664 916 3720 sic
957 3664 1211 3721 alteratio
1254 3661 1419 3718 habit
1454 3661 1595 3718 duos
1634 3658 1927 3723 terminos;
1966 3670 2129 3713 urium
2172 3653 2259 3707 sui

248 3774 310 3828 g
318 3758 464 3811 neri:
469 3755 719 3819 ,scilieet
766 3738 1016 3810 ultimam
1059 3753 1244 3826 dispos
1248 3752 1491 3812 itionv,m
1531 3764 1657 3822 quae
1702 3756 1787 3801 est
1837 3762 1887 3801 n
1880 3741 2137 3799 cessitis
2186 3741 2260 3796 ad

248 3847 502 3906 l‘zoimitn
535 3845 665 3918 quia
705 3842 958 3899 alteratio
987 3854 1064 3898 est
1103 3853 1280 3898 motus
1317 3842 1369 3894 in
1411 3855 1533 3911 qum
1528 3837 1711 3898 'itate3
1742 3841 1797 3886 et
1834 3832 2001 3888 aliurn
2036 3828 2263 3890 altar-ins

245 3949 484 4007 geuene,
513 3933 728 3991 scilicet
763 3933 998 3991 sonutam
1034 3927 1473 3989 substantialem.
1506 3926 1574 3982 ht
1614 3924 1804 3982 eodem
1852 3918 2013 3980 inodo
2056 3915 2263 3978 illumi-
