2800 4492
528 270 606 339 40
975 309 984 347 ·.
1005 289 1056 331 s,
1104 288 1336 333 mount
1375 287 1704 337 neuma-ris
1747 286 2055 333 causeum

509 403 806 476 ‘praedictae
835 402 1062 459 rationis
1087 402 1543 469 convenientiam,
1578 402 1650 459 ibi
1698 420 1709 459 :
1754 422 1781 455 α
1814 401 2144 474 Principium
2173 401 2317 459 enim
2349 402 2543 477 plura·-

527 492 702 549 litatis
747 512 774 545 2>
824 492 1081 564 Proponit
1118 498 1302 549 autem
1331 491 1617 548 catholicas
1662 491 1787 547 fidei
1816 492 2147 547 sententiam
2191 508 2285 563 per
2317 492 2543 549 modum

527 579 814 652 cujusdam
851 581 1179 653 argumenti,
1211 596 1276 637 eo
1304 579 1450 653 quod
1482 580 1615 636 fides
1642 578 1845 635 dicitur
1876 585 2256 652 argumentum
2293 596 2403 637 non
2437 597 2545 653 ap·-

528 668 856 741 parentium,
891 669 1055 725 Hebr.
1086 685 1171 726 ιιι.
1201 670 1260 725 In
1291 685 1399 742 quo
1428 669 1651 742 quidem
1677 676 1998 741 argumento
2025 686 2093 725 ex
2129 669 2233 725 hoc
2264 670 2414 743 quod
2440 670 2545 723 Di-

532 756 730 812 vinitas
757 756 984 829 singulis
1003 758 1249 831 personis
1277 757 1629 815 conformiter
1655 757 1994 824 attribuitur,
2022 758 2369 815 conciuditur
2394 757 2540 830 quod

529 844 599 902 de
628 846 878 903 omnibus
900 862 1005 903 non
1029 845 1331 922 pluraliter,
1363 846 1460 903 sed
1489 846 1839 919 singulariter
1868 847 1970 905 hoc
2000 862 2194 904 nomen
2220 848 2368 905 Deus
2394 862 2541 919 prae-

521 934 767 1004 ,dicatum
1027 1009 1034 1017 ι
1261 949 1268 957 ·

601 1024 810 1085 Deinde
832 1024 995 1097 hujus
1021 1025 1312 1083 sententiae
1345 1024 1615 1082 rationem
1644 1025 1908 1096 assignat.
1938 1024 2007 1081 Et
2033 1025 2226 1098 primo,
2259 1026 2417 1099 ponit
2447 1042 2542 1083 ra-

527 1114 779 1171 tionem:
825 1114 1062 1170 secundo
1110 1130 1206 1186 per
1257 1114 1593 1171 contrarium
1638 1114 1894 1187 exponit,
1933 1113 2007 1169 ibi
2041 1130 2053 1169 :
2094 1134 2118 1165 α
2150 1114 2259 1169 Eos
2300 1114 2472 1176 enim,
2512 1132 2539 1167 ι

527 1204 677 1259 Dicit
705 1218 832 1275 ergo
859 1218 874 1264 :
906 1223 933 1257 α
965 1204 1134 1274 Cujus
1173 1202 1592 1275 conjunctionis,
1624 1202 1677 1257 id
1714 1207 1801 1257 est
1841 1203 2149 1273 conjunctae
2178 1211 2544 1275 argumenta-

525 1291 714 1359 tionis,
743 1292 884 1350 ratio
912 1298 996 1347 est
1025 1290 1409 1357 indifferentia,
1436 1309 1462 1341 ι)
1494 1290 1702 1347 scilicet
1722 1290 1955 1345 Deitatis
1984 1290 2041 1345 in
2064 1291 2240 1347 tribus
2270 1292 2538 1363 personis,

527 1397 697 1454 quam
735 1381 870 1437 fides
897 1379 1167 1437 catholica
1200 1380 1511 1435 confitetur.
1541 1379 1619 1434 Ex
1648 1378 1751 1435 hoc
1796 1380 1943 1436 enim
1983 1386 2067 1435 est
2096 1381 2239 1452 quod
2290 1374 2355 1437 e'x
2392 1396 2542 1454 prae-

525 1470 738 1526 misssis
768 1470 1030 1541 praedicta
1057 1468 1302 1525 conlusio
1327 1469 1597 1541 sequitur,
1627 1468 1757 1541 quia
1786 1468 2100 1525 indifferens
2142 1469 2333 1525 Deitas
2366 1469 2541 1524 tribus

529 1560 775 1631 personis
817 1558 1188 1615 indifferenter
1230 1555 1551 1613 attribuitur
1593 1574 1606 1611 :
1648 1572 1813 1629 quam
1854 1556 2078 1630 quidem
2104 1557 2403 1627 stationem
2449 1573 2542 1630 per

529 1648 866 1703 contrarium
903 1646 1125 1717 exponit
1171 1645 1360 1701 dicens
1390 1662 1404 1698 z
1440 1665 1466 1696 α
1499 1645 1605 1701 Eos
1644 1646 1791 1701 enim
1834 1647 2129 1701 comitatur
2168 1646 2483 1703 differentia
2514 1664 2538 1697 ι

529 1736 767 1790 Deitatis
795 1735 1027 1800 scilicet,
1057 1754 1081 1781 a
1119 1734 1214 1805 qui
1248 1733 1331 1789 vel
1363 1740 1583 1805 augent,
1616 1732 1703 1790 vel
1732 1734 2001 1801 minuunt,
2036 1754 2060 1787 n
2092 1734 2149 1791 id
2176 1743 2281 1801 est,
2310 1735 2410 1807 qui
2440 1750 2541 1808 po·-

527 1831 666 1881 nunt
695 1837 858 1879 unam
883 1837 1173 1895 personam
1218 1822 1479 1892 majorem
1506 1822 1631 1889 alia,
1666 1821 1750 1877 vel
1781 1823 2067 1890 minorem,
2102 1830 2162 1879 ut
2208 1823 2402 1879 Ariani
2440 1839 2541 1896 po-

525 1916 722 1967 nentes
751 1911 965 1965 Patrem
993 1910 1254 1980 majorem
1279 1907 1438 1965 Filio.
1471 1908 1621 1965 Unde
1650 1909 1833 1966 subdit
1854 1927 1866 1964 2
1887 1930 1912 1961 α
1942 1910 2069 1979 Qui,
2090 1910 2304 1966 scilicet
2328 1910 2535 1977 Ariani,

529 1998 810 2055 variantes
846 1997 1169 2052 Trinitatem
1216 1996 1475 2068 gradibus
1520 1998 1857 2063 meritorum,
1896 2017 1923 2051 η
1954 1999 2007 2054 id
2055 2006 2143 2054 est
2182 1998 2537 2069 dignitatum,
2560 1980 2577 1997 ⁹

530 2086 662 2143 dum
691 2086 836 2142 Patri
853 2085 1048 2141 Filium
1078 2084 1670 2157 subjiciunt,Spiritum
1698 2087 1959 2142 Sanctum
1989 2087 2230 2159 utrique.
2260 2107 2287 2138 α
2322 2088 2541 2143 Distra-

529 2173 686 2241 hunt,
739 2193 764 2225 i>
809 2174 862 2229 id
903 2179 1004 2239 est,
1035 2173 1089 2227 in
1137 2173 1354 2229 diversa
1404 2173 1644 2239 trahunt,
1682 2175 1955 2231 Deitatem
2000 2176 2057 2230 in
2094 2175 2175 2229 eis
2220 2174 2537 2241 dividendO,

533 2281 558 2313 α
587 2270 754 2333 atque
782 2260 836 2314 in
865 2258 1179 2332 pluritatem
1207 2259 1504 2331 deducunt.
1524 2279 1549 2311 i>
1576 2261 1655 2317 Ex
1682 2260 1952 2316 divisione
1970 2262 2115 2316 enim
2138 2262 2392 2334 sequitur
2418 2262 2541 2336 plu-

529 2348 741 2410 ralitaS.
769 2347 814 2403 E
842 2363 1104 2404 converso
1133 2362 1263 2404 vero
1304 2348 1561 2405 catholici
1599 2349 1973 2421 aequalitatem
2001 2366 2366 2422 personarum
2407 2366 2539 2406 con·

527 2437 748 2495 fitentes
777 2436 1196 2493 indifferentiam
1228 2436 1569 2508 profitentur,
1602 2445 1659 2509 et
1689 2453 1783 2509 per
1806 2452 2147 2510 consequens
2174 2439 2470 2495 unitatem.

599 2524 810 2582 Deinde
855 2523 1095 2580 ostendit
1133 2525 1473 2596 praemissam
1519 2525 1787 2579 rationem
1831 2540 1951 2581 esse
1994 2524 2416 2581 convenientem
2458 2524 2539 2581 di-

528 2630 659 2671 cens
699 2631 712 2668 ε
751 2626 778 2665 ἀ
817 2612 1151 2683 Principium
1201 2611 1364 2679 enim,
1406 2620 1514 2668 etc.
1554 2631 1579 2663 n
1608 2620 1663 2667 et
1698 2621 2081 2685 praemonstrat
2130 2615 2539 2685 praeassignatae

531 2701 762 2761 rationis
801 2699 1205 2755 necessitatem.
1250 2699 1519 2765 Secunde,
1548 2701 1808 2773 quiddam
1844 2702 1991 2775 quod
2028 2703 2081 2757 in
2126 2718 2249 2771 sua,
2283 2688 2541 2759 demons-

532 2790 773 2847 tratione
815 2787 1158 2859 suppositum
1204 2785 1383 2842 fuerat
1424 2786 1637 2861 probat,
1675 2789 1750 2845 ibi
1792 2806 1807 2844 z
1844 2810 1871 2842 t<
1923 2790 2182 2847 Omnium.
2224 2807 2485 2865 namque.
2514 2810 2537 2843 a

529 2879 688 2937 Circa
713 2876 948 2949 primum
977 2874 1084 2930 duo
1114 2873 1266 2931 facit.
1293 2875 1493 2942 Primo,
1518 2879 1755 2934 ostendit
1790 2879 1940 2952 ‘quod
1975 2878 2224 2935 alteritas
2265 2886 2354 2937 est
2393 2882 2542 2955 prin-

529 2967 733 3039 cipium
762 2963 1114 3038 pluralitatis,
1139 2963 1473 3020 alteritatem
1496 2965 1801 3037 intelligens
1830 2967 2197 3025 differentiam
2222 2985 2335 3042 qua
2364 2970 2541 3041 aliqua

529 3055 676 3113 inter
704 3070 761 3111 se
791 3052 965 3123 altera
991 3052 1420 3109 constituuntur.
1441 3053 1514 3116 Et
1546 3054 1750 3111 mavult
1779 3056 1960 3111 dicere
1990 3056 2355 3125 alteritatem,
2383 3073 2542 3131 quam

521 3142 813 3201 alietatem
846 3158 860 3197 ι
889 3141 1020 3214 quia
1049 3156 1157 3196 non
1179 3141 1355 3197 solum
1392 3141 1783 3198 substantiales
1812 3143 2135 3200 differentiae
2170 3144 2543 3217 pluralitatem

529 3230 889 3297 constituunt,
944 3244 1178 3302 quarum
1223 3236 1307 3286 est
1350 3229 1531 3287 facere
1582 3230 1749 3299 aliud,
1802 3231 1897 3287 sed
1946 3233 2113 3287 etiam
2153 3234 2539 3301 accidentaleS,

532 3336 765 3394 quarum
792 3326 876 3375 est
907 3317 1088 3374 facere
1119 3319 1382 3388 alterum;
1406 3318 1475 3376 ad
1506 3318 1785 3389 ali-etatem
1826 3335 1953 3375 vero
1990 3321 2245 3393 sequitur
2276 3322 2541 3393 alteritaS,

527 3425 639 3466 non
668 3425 698 3463 e
727 3422 1012 3463 converse.
1028 3407 1108 3461 Ex
1122 3404 1226 3462 hoc
1242 3413 1428 3461 autem
1451 3405 1685 3463 habetur
1713 3408 1855 3464 ratio
1878 3407 2152 3465 Arienicae
2176 3409 2542 3467 deductioniS.

523 3499 585 3559 Si
611 3497 757 3555 enim
779 3495 1025 3553 alteritas
1051 3483 1134 3551 est
1156 3496 1483 3567 principium
1512 3494 1862 3566 pluralitatiS,
1890 3501 1946 3551 et
1978 3497 2157 3568 posita
2185 3514 2363 3556 causa
2391 3497 2551 3573 poni-U

529 3598 622 3644 tur
645 3586 892 3653 effectus,
921 3600 1050 3656 ergo
1091 3583 1421 3657 ponentibus
1461 3584 1543 3637 eis
1583 3583 1915 3639 alteritatem
1952 3600 2049 3656 per
2087 3596 2453 3657 augmentum
2495 3594 2546 3643 et

528 3676 970 3741 diminutionem,
999 3675 1247 3747 sequitur
1295 3670 1581 3743 pluralitas
1616 3671 1952 3742 Divinitatis.
1986 3672 2261 3743 Secundo,
2296 3674 2547 3749 proponit

531 3763 866 3819 alteritatem
903 3778 1026 3819 esse
1066 3760 1350 3834 proprium
1400 3757 1729 3831 principium
1775 3759 2123 3832 pluralitatis,
2162 3764 2300 3835 quia
2352 3772 2549 3837 praeter

528 3866 652 3909 eam
679 3850 965 3924 pluralitas
985 3848 1229 3929 intelligi·
1248 3862 1354 3903 non
1384 3851 1587 3921 potest,
1612 3862 1679 3901 ex
1702 3847 2064 3921 quo-habetur
2085 3850 2231 3907 ratio
2260 3852 2546 3925 catholicae
