2800 4492
779 290 1001 336 111.·—
1030 290 1453 340 Quoomssswu
1496 292 1715 340 Νοιιυιι
1798 336 1808 363 ,Ι
2134 283 2253 344 465

230 406 471 464 vinitate
501 405 763 479 separari,
794 410 926 462 tunc
952 404 1264 461 humanitas
1294 420 1449 461 suum
1480 422 1583 461 esse
1602 406 1835 465 habebit
1863 409 2041 475 aliud
2053 410 2124 468 ab
2146 429 2250 468 esse

232 492 447 549 divino.
491 494 636 549 Νοιι
659 492 803 547 enim
819 491 1178 565 impediebat
1219 492 1352 565 quin
1401 488 1680 566 proprium
1726 492 1832 551 esse
1875 490 2099 554 haberet
2146 502 2247 555 nisi

233 582 340 638 hoc
378 582 524 655 quod
561 597 666 636 ιιοιι
697 587 815 637 erat
859 596 958 653 per
995 594 1055 635 se
1094 580 1427 649 subsistens3
1469 582 1612 637 sicut
1650 582 1695 637 si
1742 599 1871 641 arca
1896 594 2041 644 esset
2070 576 2265 671 quoti-⁵

233 672 365 726 dam
396 669 739 725 individuum
769 668 1049 739 naturaie3
1081 669 1199 744 ipsa
1229 672 1344 726 tota
1375 672 1479 745 n'on
1508 668 1733 725 haberet
1761 672 1865 727 nisi
1911 669 2080 730 unum
2108 692 2248 743 esse;

234 757 498 833 quaefibet
527 765 708 815 tamen
736 757 975 831 partium
1000 757 1118 828 ejus
1142 756 1212 813 ab
1241 770 1369 811 arca
1397 737 1653 831 separata
1681 760 1961 835 proprium
1996 778 2116 817 esse
2152 762 2250 817 ha-

235 847 441 904 babit:
517 853 519 856 '
551 854 559 863 ’

306 936 376 991 Et
404 936 488 991 sic
505 940 657 1008 patet
680 929 826 1005 quod
849 930 1148 988 secundum
1167 931 1479 1010 opinionem
1506 933 1802 990 secundam
1827 944 2045 1008 oportet
2068 911 2217 994 dicei
2222 956 2251 993 e
2278 950 2282 953 ·

235 1002 428 1099 quod
413 1040 471 1080 ιιι
499 1022 714 1079 Christo
744 1027 826 1076 est
859 1035 1028 1077 unum
1065 1026 1171 1075 esse
1201 1020 1331 1075 subs
1337 1020 1583 1085 tamisie,
1629 1022 1931 1079 secundum
1958 1024 2109 1096 qnod
2146 1022 2251 1081 e'sse

181 1106 190 1113 ”
235 1121 319 1169 est
343 1112 611 1185 suppositi
639 1110 872 1183 proprie,
902 1109 1153 1181 quamvis
1177 1109 1248 1163 sit
1277 1109 1332 1163 in
1357 1123 1423 1164 eo
1443 1108 1727 1183 multiplex
1756 1126 1861 1165 esse
1885 1112 2247 1168 accidentale.

306 1203 388 1257 Ad
429 1200 664 1273 primum
710 1212 840 1269 ergo
873 1196 1183 1261 dicendum,
1230 1195 1378 1269 quod
1416 1198 1603 1251 vivere
1644 1197 1779 1255 dicit
1821 1214 1928 1254 esse
1974 1197 2249 1274 quoddam

235 1289 612 1363 specificatum
648 1303 747 1360 per
787 1284 1023 1357 speciale
1061 1282 1273 1340 essendi
1305 1284 1666 1357 principium;
1706 1293 1763 1342 et
1804 1286 1928 1344 ideo
1958 1286 2249 1345 diversitas

233 1379 366 1435 vitae
411 1376 765 1447 consequitur
804 1372 1179 1428 diversitatem
1221 1372 1613 1446 principiorum
1657 1374 1896 1443 vivendi,
1940 1376 2035 1432 sed
2075 1378 2247 1449 magis

233 1465 461 1537 respicit
489 1464 560 1519 ad
588 1463 926 1537 suppositum
951 1460 1274 1516 subsistens.

305 1554 391 1611 Ad
433 1552 730 1619 secundum
773 1549 1083 1629 dicendum,
1125 1548 1271 1622 quod
1314 1548 1561 1622 operatio
1604 1550 1873 1623 suppositi
1916 1566 2022 1608 non
2067 1560 2148 1609 est
2181 1555 2247 1610 de

232 1642 552 1714 integritate
595 1639 820 1695 unitatis
866 1639 1003 1708 ejus,
1049 1637 1142 1692 sed
1191 1636 1547 1709 consequitur
1592 1638 1712 1708 ejus
1757 1640 2025 1695 unitatem
2043 1644 2065 1707 ς’
2106 1646 2275 1709 unde⁴

231 1732 398 1787 unius
425 1728 690 1807 suppositi
723 1726 1026 1781 invenimus
1059 1724 1263 1781 multas
1297 1725 1645 1796 operationes
1686 1728 1985 1783 secundum
2028 1729 2243 1787 dite-rsa

232 1818 614 1893 operationum
647 1814 933 1891 principia,
985 1828 1109 1887 quae
1155 1814 1439 1886 supposito
1466 1812 1687 1883 insunt;
1734 1822 1879 1871 sicut
1901 1818 2061 1873 homo
2096 1820 2243 1875 atiud

233 1914 494 1981 operatur
542 1904 722 1977 iingua
753 1909 807 1957 et
844 1917 1038 1970 manu3
1081 1900 1178 1957 sed
1207 1917 1310 1957 esse
1337 1909 1422 1957 est
1452 1900 1509 1958 id
1550 1901 1605 1957 in
1634 1918 1742 1975 quo
1772 1904 2030 1961 fundatur
2064 1908 2243 1964 unitas

231 1994 504 2070 suppositi
529 2010 543 2050 :
577 1992 720 2048 unde
749 2008 852 2047 esse
879 1989 1159 2069 muitipiex
1188 1989 1511 2063 praejudicat
1542 1991 1740 2047 unitati
1772 1994 2011 2051 essendi:

305 2086 389 2141 Ad
425 2082 648 2139 tertium
692 2079 1011 2146 dicendum,
1057 2078 1203 2150 quod
1237 2079 1518 2149 generatio
1554 2080 1874 2151 temporalis
1912 2083 2238 2141 terminatur

230 2190 340 2231 non
372 2172 442 2229 ad
467 2187 574 2226 esse
600 2168 866 2241 suppositi
893 2167 1104 2231 aeterni,
1134 2172 1195 2221 ut
1218 2164 1541 2236 simpliciter
1560 2182 1666 2236 per
1694 2182 1815 2222 eam
1840 2182 1959 2228 esse
1989 2169 2241 2243 incipiat;

231 2264 329 2320 sed
369 2261 517 2334 quod
571 2258 796 2331 incipiat
847 2271 968 2311 esse
1019 2254 1385 2327 suppositum,
1414 2252 1621 2329 habens
1660 2255 1795 2311 iilud
1829 2269 1934 2312 esse
1972 2262 2241 2333 suppositi

232 2352 492 2409 humanae
515 2354 748 2403 naturae.

305 2438 391 2496 Ad
419 2442 678 2511 quartum
709 2432 1025 2499 dicendum,
1047 2429 1195 2505 quod
1219 2428 1457 2502 objectio
1485 2429 1577 2485 iiia
1604 2429 1851 2502 procedit
1872 2430 1940 2487 de
1970 2448 2074 2489 esse
2098 2436 2241 2510 quod

231 2530 294 2587 in
329 2532 461 2583 actu
491 2524 689 2581 animae
735 2519 1022 2588 consistit3
1055 2518 1184 2591 quia
1214 2532 1282 2573 an
1323 2523 1427 2584 est,
1460 2516 1628 2573 etiam
1658 2516 1727 2573 de
1772 2519 2045 2604 caecitate·
2068 2516 2245 2595 quaeri

233 2620 439 2691 potest.
1143 2630 1146 2637 ·
1175 2627 1180 2632 ·

935 2747 1390 2843 ARTIGULU'S
1433 2781 1540 2843 lv.

489 2921 708 2987 Utrum
755 2918 825 2980 in
879 2915 1119 2979 Christo
1168 2915 1256 2979 sit
1304 2920 1542 2977 tantum
1589 2932 1717 2978 una
1757 2916 2011 2993 filiatio.

601 3006 771 3088 (Art.
797 3006 870 3080 23
897 3010 953 3067 et
979 3006 1020 3064 3
1041 3008 1240 3083 part„
1267 3008 1478 3083 quast.
1510 3005 1611 3077 54,
1644 3007 1769 3067 art.
1798 3004 1887 3083 5).

309 3144 395 3205 Ad
422 3140 647 3199 tertium
686 3138 766 3194 sic
795 3135 1128 3210 proceditur.
1161 3136 1215 3189 4.
1260 3134 1487 3189 Videtur
1513 3132 1658 3204 quod
1697 3132 1751 3187 in
1777 3130 1993 3192 Christo
2034 3138 2249 3199 nonsit

238 3241 457 3294 tautum
484 3245 592 3285 una
631 3226 844 3285 filiatio.
877 3222 1237 3299 multiplicata
1269 3221 1416 3276 enim
1455 3235 1643 3290 causa,
1677 3220 2074 3296 multiplicatur
2116 3228 2269 3285 effe-·

239 3332 386 3381 ctus.
416 3320 523 3377 Sed
550 3316 809 3374 nativitas
833 3319 916 3368 est.
945 3326 1112 3367 causa
1142 3309 1441 3365 filiationis.
1470 3308 1631 3381 Ergo,
1664 3325 1788 3366 cum
1814 3311 1871 3369 in
1894 3313 2111 3373 Christo
2136 3318 2245 3375 sint

239 3414 370 3469 duae
400 3407 740 3470 nativitates,
762 3409 922 3458 erunt
951 3400 1120 3455 ctiam
1145 3398 1270 3454 duae
1296 3394 1607 3453 filiationes,

313 3504 370 3557 2.
397 3499 693 3562 Praeterea,
721 3486 1057 3562 impossibiie
1073 3494 1157 3542 est
1179 3486 1323 3541 idem
1351 3486 1605 3542 similiter
1628 3504 1847 3546 manere
1874 3498 1933 3547 et
1954 3496 2253 3567 corrumpi.

243 3588 353 3647 Sed
397 3581 679 3657 supposito
723 3577 870 3652 quod
923 3577 1092 3631 Beata
1138 3571 1304 3647 Virgo
1351 3582 1480 3631 ante
1514 3576 1715 3632 Christi
1763 3588 1993 3634 mortem
2038 3589 2255 3638 mortua

241 3678 462 3736 fuisset,
489 3677 748 3741 corrupta
772 3670 918 3723 esset
945 3662 1134 3721 filiatio
1153 3678 1262 3736 qua
1287 3661 1433 3719 fliius
1455 3666 1645 3720 matris
1668 3663 1985 3735 dicebatur3
2014 3677 2258 3725 maneret

243 3775 436 3824 tamen
466 3758 658 3815 filiatio
679 3760 908 3819 aeterna,
938 3767 1050 3826 qua
1086 3736 1360 3807 diceretur
1389 3750 1535 3805 fitius
1580 3752 1778 3807 Patris.
1805 3752 1949 3823 Ergo
1976 3753 2085 3813 alia
2114 3756 2259 3816 fitia-

249 3855 408 3912 tione
431 3848 638 3906 dicitur
661 3844 912 3903 Christus
935 3840 1081 3897 fitius
1107 3839 1304 3905 Patris,
1335 3844 1390 3893 et
1420 3835 1527 3893 aiia
1558 3836 1703 3893 fitius
1727 3840 1941 3903 matris,

756 3956 808 4007 S.
837 3956 992 4006 Τιιοιι.
1029 3956 1112 4010 Ao.
1146 3953 1411 4003 ornacum
1437 3970 1487 3993 v--
1531 3950 1587 4003 tt.
1617 3973 1675 3991 -
1708 3948 1769 4007 30
