2800 4492
537 265 619 336 32
1015 290 1067 336 s.
1105 278 1346 334 &nomn
1385 277 1711 340 Aomm'rrs
1753 279 2063 334 bruscum

607 405 665 461 7.
689 405 848 472 Item,
879 403 1140 477 quaelibet
1175 403 1404 460 scientia
1442 400 1707 476 principia
1733 399 1897 456 habet
1922 399 2161 474 propria,
2188 399 2275 458 ita
2302 405 2359 458 et
2388 414 2562 458 sacra

539 493 812 559 doctrina,
842 491 1103 549 articulos
1140 490 1350 548 scilicet
1378 490 1543 546 fidei:
1575 490 1671 556 sed
1704 490 1760 544 in
1798 488 1921 546 aliis
1958 488 2206 546 scientiis
2248 506 2355 546 non
2394 497 2562 547 recte

538 582 870 655 proceditur,
887 580 934 637 si
964 588 1248 637 sumantur
1271 578 1496 636 alterius
1524 578 1771 635 scientiae
1798 575 2086 651 principia,
2112 579 2210 634 sed
2241 586 2461 651 oportet
2492 581 2557 634 in

541 686 868 744 unaquaque
913 685 980 726 ex
1030 665 1615 742 propriis'procedere,
1663 667 1961 724 secundum
2008 667 2317 723 doctrinam
2359 667 2557 724 Philo-

539 759 714 832 sophi,
736 775 756 816 1
778 753 1174 826 'Posteriorum3
1201 773 1330 830 ergo
1359 772 1460 813 nec
1488 756 1545 813 in
1572 771 1728 812 sacra
1753 755 2004 813 doctrina
2028 763 2179 812 recte
2205 756 2557 829 proceditur.

609 848 662 903 8.
692 849 845 914 Item,
872 848 920 904 si
951 845 1182 918 alicujus
1212 845 1467 903 doctrina
1493 847 1547 900 iu
1576 845 1764 916 aliquo
1788 843 2125 918 repudiatur,
2154 845 2275 916 ejus
2299 846 2557 902 auctori-

539 941 626 993 tas
651 936 890 992 invalida
909 936 1016 991 erit
1040 935 1106 992 ad
1125 934 1331 1008 aliquid
1354 933 1805 999 confirmandum,
1822 933 1964 990 unde
1983 933 2121 989 dicit
2140 937 2372 1005 August.
2398 936 2554 1008 quod

539 1024 584 1080 si
625 1027 678 1079 in
716 1038 872 1081 sacra
908 1022 1158 1080 doctrina
1204 1020 1637 1079 concesserimus
1676 1021 1881 1093 aliquid
1920 1035 2042 1078 esse
2080 1021 2359 1090 falsitatis,
2393 1015 2587 1094 peri--

537 1111 619 1167 bit
647 1114 766 1184 ejus
806 1112 1106 1168 auctoritas
1135 1109 1206 1166 ad
1245 1109 1369 1166 fidei
1414 1109 1881 1166 confirmationem
1915 1110 2053 1166 :sed
2096 1125 2252 1166 sacra
2294 1110 2556 1168 doctrina

538 1199 983 1273 Philosophorum
1029 1199 1338 1255 doctrinam
1389 1199 1446 1254 in
1506 1197 1693 1254 multis
1743 1199 2015 1270 repudiat,
2069 1198 2200 1272 quia
2254 1198 2310 1252 in
2357 1199 2557 1256 multis

541 1301 755 1342 errasse
784 1285 1163 1355 inveniuntur;
1189 1300 1317 1357 ergo
1342 1299 1529 1342 eorum
1555 1285 1854 1341 auctoritas
1876 1300 1981 1340 uon
2010 1291 2093 1340 est
2118 1283 2309 1340 efficax
2340 1286 2409 1341 ad
2440 1285 2557 1342 ali-

541 1374 673 1447 quid
705 1374 1156 1430 confirmandum.
1255 1399 1258 1408 ·

607 1463 714 1522 Sed
734 1471 945 1519 contra.
976 1461 1269 1534 Apostolus
1295 1453 1403 1518 Tit.
1435 1477 1455 1518 1
1486 1461 1662 1519 utitur
1692 1459 2029 1534 Epimenidis
2056 1469 2235 1534 poetae
2271 1461 2551 1520 versiculo

539 1550 726 1610 dicens
753 1567 770 1606 ε
798 1551 1072 1608 Cretenses
1093 1566 1298 1623 semper
1319 1550 1610 1615 utendam,
1639 1550 1792 1606 maloe
1810 1547 2007 1614 bestioe,
2026 1556 2134 1606 etc.
2152 1559 2217 1608 et
2246 1551 2269 1606 1
2293 1551 2419 1608 Cor.
2443 1565 2548 1618 xv,

538 1638 722 1694 verbis
772 1638 1093 1694 Menandri.
1141 1638 1511 1709 Corrumpunt
1540 1636 1695 1692 bonos
1746 1653 1919 1693 more-5
1971 1637 2222 1710 colloquia
2272 1639 2436 1704 vaula,
2492 1646 2552 1694 et

537 1729 663 1784 Act.
694 1741 840 1793 xvn,
866 1725 1050 1781 verbis
1081 1727 1282 1782 Arati:
1315 1725 1511 1797 Ipsius,
1530 1725 1743 1781 scilicet
1766 1726 1885 1792 Dei,
1914 1732 1967 1782 et
1992 1741 2155 1796 penus
2179 1743 2391 1794 sumum
2416 1741 2551 1799 ergo

540 1823 596 1870 et
643 1814 767 1872 aliis
817 1815 1018 1872 divinae
1061 1814 1360 1888 Scripturae
1410 1814 1743 1882 doctoribus,
1788 1814 1915 1871 licet
1960 1811 2203 1889 physicis
2251 1830 2553 1888 argumen-

545 1903 618 1960 tis
650 1902 751 1959 uti.

610 1992 768 2060 Item,
794 1989 1157 2066 Hieronymus
1183 1991 1240 2048 in
1267 1990 1501 2064 epistola
1538 1991 1607 2048 ad
1638 1991 1892 2064 magnum
1938 1991 2090 2048 urbis
2126 1993 2315 2052 Romae
2354 1999 2553 2051 orato-

539 2096 677 2146 rem,
721 2081 1055 2138 enumeratis
1095 2080 1340 2154 pluribus
1375 2081 1673 2154 Scripturae
1714 2079 2048 2148 doctoribus,
2074 2090 2133 2138 ut
2180 2083 2346 2138 Basil.
2373 2083 2555 2156 Greg.

538 2169 818 2244 subjungit
849 2187 862 2223 :
893 2189 919 2222 α
948 2169 1052 2239 Qui
1077 2185 1264 2226 omnes
1289 2170 1345 2226 in
1372 2178 1584 2228 tantum
1612 2168 2055 2243 Philosophorum
2084 2170 2349 2227 doctrinis
2378 2181 2553 2245 atque

538 2259 827 2314 sententiis
847 2273 978 2314 suos
1006 2261 1382 2332 resperserunt
1412 2257 1597 2322 libros,
1628 2265 1687 2313 ut
1711 2258 1926 2314 nescias
1952 2259 2083 2330 quid
2114 2259 2166 2313 in
2200 2260 2281 2314 eis
2307 2260 2553 2333 primum

539 2345 727 2402 mirari
749 2347 969 2414 debeas,
997 2354 1180 2403 utrum
1214 2347 1578 2403 eruditionem
1610 2345 1816 2411 saeculi,
1849 2345 1933 2401 vel
1966 2346 2255 2404 scientiam
2290 2348 2553 2422 Scriptu-

537 2449 745 2502 rarum,
781 2454 808 2488 n
839 2435 983 2508 quod
1012 2450 1122 2492 non
1149 2435 1424 2501 fecissent,
1452 2435 1499 2490 si
1528 2449 1635 2490 non
1678 2433 1939 2500 licuisset,
1974 2433 2059 2489 vel
2090 2433 2283 2491 inutile
2326 2435 2549 2495 suisset.

609 2523 769 2594 Item,
799 2525 1164 2598 Hieronymus
1207 2524 1262 2579 iu
1300 2522 1531 2597 epistola
1564 2521 1633 2578 ad
1674 2521 2079 2578 Pammachium
2116 2523 2185 2578 de
2213 2522 2552 2583 dormitione

538 2612 768 2669 Paulae:
796 2633 822 2666 α
849 2612 906 2669 Si
931 2611 1276 2668 adamaveris
1296 2610 1577 2667 mulierem
1612 2611 1907 2684 captivam,
1941 2609 2269 2684 sapientiam
2305 2613 2553 2673 saecula-

537 2717 673 2768 rem,
701 2708 758 2757 et
787 2700 1187 2773 pulchritudine
1228 2701 1348 2771 ejus
1383 2706 1577 2773 captus
1609 2699 1794 2767 fueris,
1824 2699 2050 2758 decalva
2090 2705 2231 2769 eam,
2264 2708 2321 2756 et
2354 2701 2553 2761 illece-

537 2789 666 2845 bras
689 2788 920 2845 crinium
947 2795 1114 2860 atque
1141 2795 1461 2844 ornamenta
1485 2786 1775 2844 verborum
1800 2802 1925 2844 cum
1966 2789 2249 2845 tenacibus
2274 2791 2553 2862 unguibus

538 2875 684 2945 seca,
715 2877 838 2934 lava
878 2893 1000 2934 eam
1038 2875 1341 2948 prophetali
1379 2875 1545 2942 nitro,
1571 2882 1629 2932 et
1662 2877 2013 2950 requiescens
2048 2893 2174 2933 cum
2199 2877 2292 2934 illa
2322 2881 2499 2938 dicito
2532 2898 2548 2937 τ

537 2967 770 3024 Sinistra
805 2968 924 3039 ejus
958 2965 1062 3024 sub
1092 2965 1274 3038 capite
1315 2981 1454 3034 meo,
1484 2971 1543 3020 et
1578 2965 1771 3021 dextra
1821 2965 1967 3020 illius
2006 2966 2409 3039 amplexabitur
2439 2985 2549 3038 me,
2592 3013 2595 3018 .

537 3061 594 3111 et
621 3054 820 3112 multos
845 3054 943 3111 tibi
969 3055 1189 3128 captiva
1217 3052 1382 3118 foetus
1408 3053 1580 3122 dabit,
1609 3068 1675 3109 ac
1702 3053 1770 3109 de
1799 3053 2093 3111 Moabitide
2138 3046 2409 3113 'efficietur
2448 3058 2551 3114 tibi

536 3143 842 3212 Israelites;
876 3161 904 3196 n
947 3157 1078 3214 ergo
1110 3142 1450 3198 fructuosum
1490 3149 1575 3198 est
1623 3147 1683 3196 ut
1724 3141 1924 3214 aliquis
1970 3142 2239 3216 sapientia
2290 3146 2553 3203 saeculari

539 3239 749 3288 utatur.
1821 3271 1827 3280 -

605 3321 762 3387 item,
795 3322 938 3391 Aug.
969 3334 1013 3375 n
1044 3319 1112 3374 de
1139 3319 1409 3376 Trinitate
1434 3319 1609 3377 dicit.
1640 3339 1665 3372 α
1692 3320 1811 3376 Non
1837 3334 1930 3376 ero
1954 3319 2136 3392 segnis
2159 3321 2227 3378 ad
2258 3323 2555 3397 inquiren·-

536 3408 665 3466 dam
685 3408 973 3463 scientiam
1002 3408 1100 3463 Dei
1129 3410 1245 3464 sive
1270 3424 1366 3480 per
1387 3408 1746 3480 scripturam,
1774 3409 1890 3464 sive
1917 3425 2014 3481 per
2038 3419 2372 3479 creaturam,
2397 3433 2423 3465 ι»
2448 3416 2552 3472 sed

536 3496 777 3569 cognitio
801 3495 900 3551 Dei
924 3512 1020 3568 per
1055 3503 1366 3553 creaturam
1414 3497 1469 3552 in
1508 3496 1845 3569 philosophia
1892 3499 2246 3570 proponitur;
2278 3515 2409 3573 ergo
2439 3519 2551 3560 non

537 3595 622 3642 est
648 3585 1038 3642 inconveniens
1059 3586 1204 3659 quod
1233 3585 1475 3659 aliquis
1462 3601 1518 3640 m
1551 3601 1708 3642 sacra
1740 3585 1991 3642 doctrina
2030 3589 2336 3647 rationibus
2364 3591 2555 3665 philo-

537 3675 778 3748 sophicis
808 3681 1014 3731 utatur.
1087 3715 1094 3722 -

605 3767 764 3831 item,
793 3768 972 3838 Augu.
1001 3763 1095 3820 lib.
1129 3764 1196 3831 11,
1228 3763 1297 3822 de
1325 3764 1586 3822 Doctrina
1608 3763 1949 3824 christiana.
1962 3786 1989 3820 α
2023 3765 2332 3842 Philosophi
2361 3777 2553 3830 autem

537 3851 586 3912 ei
615 3869 725 3930 qua
752 3852 894 3913 forte
930 3869 1082 3925 vera,
1117 3852 1242 3913 tidei
1278 3861 1483 3914 nostrae
1517 3855 1872 3915 accommoda
1908 3855 2185 3931 dixerunt,
2218 3873 2325 3917 non
2368 3861 2553 3922 solum
