2800 4492
522 331 647 396 214
1005 351 1063 399 s.
1097 347 1360 399 'mona‘
1376 343 1727 404 Aouma‘ms'
1746 344 2055 399 orusc‘mja

525 466 1149 536 intrare.'Omn.isjenim
1192 465 1393 527 Christi
1438 471 1602 537 actio,
1631 475 1817 528 nostra
1845 475 1929 526 est
1954 466 2238 529 intructio.
2270 463 2382 524 Sed
2421 462 2538 519 Πὸ·-
2590 529 2612 555 R

529 554 712 612 minus
733 557 1190 630 non-imponebat
1220 575 1409 617 eorum
1442 559 1629 617 liberae
1662 559 1965 626 volunlati3
1994 556 2137 613 unde
2166 554 2391 613 dicebat
2414 551 2541 608 cui}

530 645 677 714 dam,
711 653 771 702 ut
807 645 1040 702 habetur
1066 647 1258 704 Matlb.
1289 663 1416 715 xlx,
1450 650 1516 704 ⁴7
1550 665 1564 704 z
1596 646 1655 705 Si
1691 648 1771 703 vis
1806 647 1877 703 ud
1912 647 2083 704 vitam
2116 642 2354 718 inyredi,
2382 651 2541 698 serva

529 733 917 802 mundata‚·'et
964 735 1160 792 iterum
1193 743 1252 796 ῒ.
1286 738 1383 805 2⁴3
1428 737 1487 792 Si
1514 737 1594 793 vis
1630 736 1897 810 perfectus
1937 751 2061 802 esse,
2102 733 2252 799 vade,
2282 741 2335 790 et
2377 728 2540 787 vende

532 823 716 878 omnia
756 839 870 895 quoe
920 824 1094 891 habes,
1137 832 1189 882 et
1229 825 1299 881 da
1333 825 1664 898 pauperibus
1700 841 1719 882 .·
1755 832 1815 881 et
1860 824 2173 898 Apostolus,
2222 823 2247 878 1
2290 820 2361 877 ad
2411 821 2536 875 Cor.

533 927 636 977 vn,
670 913 736 969 25
771 929 784 966 :
816 913 895 968 De
917 913 1218 986 virginibus
1247 921 1424 970 autem
1442 906 1766 987 praeeeptum
1794 913 2009 970 Domini
2030 927 2138 968 non
2156 909 2334 975 habeo,
2356 906 2538 964 eonsi-

527 999 668 1058 lium
708 1006 884 1058 autem
912 1001 996 1058 do.
1037 1003 1179 1074 Ergo
1217 1003 1435 1059 videtur
1464 1004 1610 1076 quod
1646 1019 1752 1059 non
1786 1019 1853 1058 ex
1886 1002 2217 1059 necessitate
2247 1003 2540 1056 teneantur

534 1089 704 1162 aliqui
736 1090 1049 1163 religionem
1081 1093 1286 1149 intrare
1313 1099 1537 1166 propter
1558 1094 1930 1164 juramentum
1954 1091 2039 1148 vel
2066 1097 2275 1146 votum.
2517 1102 2524 1107 ·

505 1219 530 1239 ,.
601 1180 658 1232 ’2.
681 1177 978 1240 Praeterea,
1013 1178 1196 1234 nullus
1222 1186 1402 1251 potest
1424 1180 1739 1250 juramento
1781 1179 1867 1236 vel
1898 1182 2025 1233 voto
2050 1173 2278 1248 obligari
2318 1173 2391 1230 ad
2432 1171 2542 1230 ali·

531 1265 670 1338 ‘quid
699 1266 754 1321 in
777 1281 888 1339 quo
915 1267 1306 1325 detrimentum
1332 1269 1683 1342 perfectionis
1711 1266 1972 1341 patiatur.
2002 1265 2108 1323 Sed
2136 1281 2234 1338 per
2261 1264 2367 1320 hoc
2394 1261 2539 1336 quod

535 1353 709 1427 ,aliqui
759 1356 1076 1428 religionem
1120 1358 1348 1425 intrant,
1399 1358 1787 1414 detrimentum
1830 1352 2181 1428 perfectionis
2214 1353 2540 1427 patiuntur3

540 1444 910 1516 impediuntur
952 1447 1096 1504 enim
1137 1452 1358 1520 propter
1383 1443 1679 1518 'religionis
1718 1444 2121 1502 observantiam
2152 1460 2183 1499 a
2208 1441 2543 1498 -visitatione

541 1531 897 1602 infirmorum,
921 1543 976 1592 et
1007 1535 1325 1592 collectione
1352 1535 1738 1601 Ecclesiarum,
1770 1540 1825 1589 et
1864 1529 1995 1589 aliis'
2014 1531 2271 1606 operibus
2294 1529 2540 1604 pietatiS,

541 1621 594 1675 in
625 1638 732 1694 qua
757 1625 968 1679 summa
1008 1624 1320 1680 christianae
1358 1624 1635 1695 religionis
1672 1623 1940 1687 consistit,
1976 1628 2036 1678 ut
2066 1619 2385 1677 Ambrosius
2406 1616 2545 1673 dicit

529 1726 704 1782 super
734 1711 863 1766 illud
891 1714 914 1767 1
944 1712 1013 1768 ad
1042 1712 1183 1768 Tim.
1215 1729 1296 1768 v.
1327 1713 1511 1769 Pietas
1544 1713 1615 1768 ad
1648 1712 1824 1768 omnia
1848 1712 2003 1769 utilis
2030 1717 2125 1768 est.
2164 1711 2309 1782 Ergo
2338 1709 2416 1765 illi
2448 1706 2545 1782 qui

530 1797 860 1867 juraverunt
884 1798 968 1856 vel
991 1807 1260 1858 voverunt
1286 1800 1605 1872 religionem
1632 1803 1853 1867 intrare,
1882 1816 1990 1857 non
2017 1805 2292 1857 tenentur.

534 1939 542 1947 .
615 1889 670 1942 3.
716 1888 1007 1956 Praeterea,
1049 1890 1278 1962 Prosper
1309 1889 1451 1945 dicit
1488 1890 1543 1944 in
1582 1894 1613 1947 2
1657 1890 1727 1946 de
1772 1890 1896 1947 Vita
1939 1887 2419 1962 contemplativa:
2456 1886 2548 1943 Sic

543 1977 810 2033 abstinere
854 1979 933 2034 vel
965 1978 1219 2051 jeJunure
1259 1979 1515 2054 debemus,
1540 1987 1603 2037 ut
1639 1995 1746 2035 non
1787 1995 1882 2035 nos
1916 1977 2203 2055 jejunandi
2245 1975 2548 2033 necessitati

543 2065 842 2122 subdamus.
870 2067 974 2124 Sed
1005 2068 1081 2124 illi
1111 2068 1203 2140 qui
1233 2076 1362 2125 sunt
1389 2070 1444 2125 in
1473 2068 1753 2140 religione,
1786 2085 1853 2124 ex
1877 2069 2206 2129 necessitate
2234 2065 2405 2140 ipsius
2429 2065 2547 2121 voti

545 2153 630 2210 vel
655 2155 980 2213 obedientiae
1006 2156 1279 2214 abstinent
1306 2158 1388 2214 vel
1418 2159 1689 2230 jejunant.
1717 2158 1857 2229 Ergo
1882 2158 2063 2213 minus
2087 2164 2366 2213 merentur
2390 2172 2404 2224 3
2436 2167 2547 2209 non

543 2259 673 2315 orgo
694 2245 763 2302 ad
774 2246 1060 2316 religionis
1075 2253 1279 2303 statum
1299 2253 1480 2320 potest
1499 2245 1697 2318 aliquis
1709 2247 2020 2318 juramento
2042 2245 2125 2301 vel
2147 2251 2273 2302 voto
2292 2243 2545 2316 obligari.

531 2370 536 2376 ·
567 2387 572 2392 .
605 2336 667 2390 ,4.
695 2335 984 2403 Praeterea,
1022 2337 1196 2392 virtus
1225 2344 1309 2394 est
1336 2336 1485 2392 circa
1528 2335 1747 2391 difficile
1778 2340 1833 2392 et
1876 2335 2095 2391 bonum.
2134 2334 2240 2392 Sed
2270 2333 2549 2389 difficilius

543 2428 630 2478 est
656 2422 795 2480 bene
817 2424 1000 2480 vivere
1028 2424 1081 2479 in
1118 2425 1316 2481 saeculo
1359 2439 1524 2498 quam
1555 2424 1610 2479 in
1636 2423 1914 2494 religione.
1942 2423 2085 2493 Ergo
2110 2421 2283 2493 magis
2306 2428 2391 2476 est
2428 2420 2549 2476 vir-

533 2519 804 2582 .t=osum;
829 2529 934 2569 non
961 2529 1090 2585 ergo
1116 2513 1184 2570 ad
1210 2519 1417 2570 statum
1440 2511 1718 2585 religionis
1743 2512 1940 2584 aliquis
1957 2514 2271 2584 juramento
2294 2519 2392 2567 aut
2416 2516 2546 2569 voto

545 2600 773 2674 obligari
803 2611 1004 2674 potest.
2306 2625 2313 2630 ·

614 2693 668 2744 5.
696 2692 989 2758 Praeterea,
1035 2692 1338 2747 communis
1383 2691 1594 2747 utilitas
1640 2690 1977 2764 praeferenda
2008 2697 2091 2747 est
2136 2690 2279 2748 bono
2308 2691 2547 2764 privato.

540 2779 646 2836 Sed
691 2794 788 2850 per
813 2777 916 2834 hoc
957 2779 1098 2850 quod
1145 2779 1311 2852 aliqui
1339 2779 1656 2851 religionem
1685 2780 1911 2850 intrant,
1940 2781 2236 2852 derogatur
2270 2779 2547 2836 communi

551 2865 801 2933 utilitati;
835 2867 884 2920 si
908 2867 1052 2921 enim
1077 2882 1265 2924 omnes
1292 2867 1610 2940 religionem
1639 2871 1922 2938 intrarent,
1956 2884 2062 2924 non
2096 2877 2279 2925 essent
2308 2869 2403 2941 qui
2428 2869 2549 2942 ple-

533 2953 700 3009 -bium
725 2969 913 3011 curam
955 2963 1206 3026 agerent3
1231 2964 1288 3013 et
1326 2957 1404 3013 ita
1446 2957 1676 3030 populus
1711 2958 1829 3014 sine
1874 2958 2177 3014 rectoribus
2218 2959 2545 3013 remaneret.

550 3043 692 3115 Ergo
718 3044 908 3100 melius
935 3041 1142 3102 faciunt
1170 3045 1216 3101 si
1241 3063 1350 3102 non
1372 3047 1588 3103 'intrant
1618 3047 1952 3118 religionem,
1982 3062 2145 3119 quam
2180 3046 2227 3102 si
2258 3047 2547 3104 intrarent..

615 3133 721 3190 Sed
765 3141 964 3191 contra·
999 3143 1082 3191 est
1123 3137 1268 3208 quod
1313 3137 1516 3192 dicitur
1558 3137 1613 3191 in
1643 3136 1841 3192 Psalm.
1884 3152 2057 3203 cxxv,
2104 3138 2171 3193 ⁴2
2205 3152 2219 3190 z
2259 3135 2464 3201 Vovete,
2500 3141 2550 3191 et

547 3222 754 3277 reddite
783 3223 1008 3278 Domino
1041 3224 1145 3280 Deo
1174 3232 1385 3293 vestro;
1417 3225 1506 3281 ubi
1544 3224 1679 3280 dicit
1706 3224 1902 3281 Glossa
1938 3241 1951 3278 t
1982 3223 2119 3296 quod
2145 3241 2329 3280 vovere
2357 3225 2551 3280 volun·-

550 3311 656 3367 tati
685 3311 1022 3380 consulitur,·
1051 3312 1140 3367 sed
1155 3320 1274 3385 post
1307 3313 1416 3368 voti
1442 3312 1841 3386 promissionem
1869 3313 2081 3369 reddita
2104 3311 2398 3369 necessario
2429 3311 2553 3368 exi·

546 3399 720 3470 yitur.
756 3399 891 3454 Item
921 3399 1130 3457 Eccles.
1160 3418 1216 3468 v,
1243 3405 1293 3470 3,
1324 3403 1527 3459 dicitur
1565 3419 1577 3456 ε
1608 3401 1667 3458 Si
1695 3401 1821 3473 quid
1852 3401 2045 3458 vovisti
2082 3403 2207 3470 DeO,
2234 3419 2298 3458 ne
2324 3401 2553 3460 moreris

547 3487 768 3570 reddere
797 3503 818 3545 .·
848 3488 1090 3561 displicet
1113 3489 1251 3545 enim
1275 3490 1503 3562 infidelis
1530 3492 1774 3554 et,stulta
1795 3491 2102 3564 promissio.
2473 3513 2478 3517 ·

599 3579 906 3645 Praeterea,
934 3578 1270 3650 Augustinus
1295 3579 1429 3636 dicit
1459 3581 1514 3636 in
1542 3579 1773 3654 epistola
1801 3580 1870 3638 ad
1898 3581 2304 3638 Armentarium
2331 3587 2387 3637 et
2410 3583 2556 3639 Pau-

548 3667 717 3724 linam
747 3668 825 3739 (ut
863 3669 1005 3740 sup.)
1037 3684 1051 3723 τ
1082 3667 1220 3734 Quia
1252 3656 1368 3741 jain
1393 3668 1605 3734 vovisti,
1625 3669 1743 3741 jam
1782 3677 1833 3725 te
1859 3668 2231 3738 obstrinxisti,
2220 3686 2234 3701 ·
2267 3671 2418 3728 aliud
2456 3671 2559 3728 tibi

547 3756 726 3828 facere
749 3756 904 3825 licen
931 3758 1246 3830 priusquam
1275 3775 1404 3814 esses
1430 3759 1540 3814 voti
1569 3774 1711 3824 reus,
1745 3757 1970 3815 liberum
1997 3758 2108 3832 fuit
2136 3759 2272 3832 quod
2303 3777 2435 3816 esses
2460 3761 2561 3815 in·-

551 3844 761 3914 ferior:
783 3847 1021 3917 quamvis
1040 3864 1146 3902 non
1173 3847 1246 3902 sit
1272 3847 1601 3920 maculanda
1622 3847 1839 3906 libertas
1863 3865 1967 3922 qua
1992 3848 2057 3921 fit
2081 3854 2275 3906 utnon
2302 3847 2560 3908 debeatur
2625 3904 2632 3909 .

555 3932 692 4004 quod
713 3948 829 3989 cum
851 3935 1001 3992 luc-ro
1019 3934 1287 3992 redditur.
