2800 4492
503 407 624 470 440
982 420 1035 464 s.
1078 418 1312 465 monim
1348 381 1681 468 'nouimus
1722 413 2029 462 ornacum
2079 436 2083 439 -

578 545 631 598 2.
666 541 953 604 Praeterea,
981 542 1042 590 ut
1072 519 1272 590 dicitur
1297 534 1354 590 in
1383 533 1475 592 lib.
1509 533 1579 590 de
1608 532 1815 604 Spiritu
1840 540 1897 588 ει
1925 530 2141 595 Anime,
2170 531 2352 588 oratio
2384 530 2523 586 nihil

508 629 653 686 aliud
681 633 764 684 est
793 639 957 699 quam
983 624 1202 680 devotio
1229 621 1429 680 mentis
1455 622 1510 678 in
1535 623 1726 678 Deum.
1754 621 1860 678 Sed
1890 620 2063 691 magis
2088 619 2285 675 devote
2312 619 2523 692 atiquis

507 722 628 774 orat
653 731 750 789 pro
792 732 852 770 se
880 727 1044 786 quam
1087 727 1187 786 pro
1233 712 1361 768 aiio.
1406 711 1549 783 Ergo
1582 706 1705 784 pius
1742 709 1887 766 vaiet
1931 708 2109 765 oratio
2154 724 2251 781 pro
2281 707 2520 780 sefacta

507 821 674 878 quam
705 820 802 877 pro
831 802 960 860 aiio.
1223 821 1230 827 ·
1668 821 1675 827 ·

579 897 632 949 3.
682 893 784 950 Sed
829 897 1040 959 contra,
1091 889 1268 946 oratio
1313 895 1469 946 tanto
1513 885 1744 959 amplius
1780 886 1927 942 valet
1974 893 2181 958 quanto
2224 885 2520 957 magisest

2572 689 2599 706 ἱ

511 983 731 1038 devota.
770 981 873 1038 Sed
906 979 1235 1052 quandoque
1269 978 1393 1050 quis
1432 976 1687 1032 devotius
1708 983 1830 1031 orat
1860 973 1957 1046 p'ro
1980 974 2086 1030 aiio
2117 990 2283 1047 quam
2324 990 2422 1046 pro
2450 989 2516 1030 se

509 1070 651 1142 ipso.
681 1069 824 1142 Ergo
847 1067 969 1141 pius
991 1065 1140 1123 vaiet
1169 1065 1345 1120 oratio
1373 1079 1473 1135 pro
1497 1064 1604 1121 aiio
1630 1078 1795 1137 quam
1820 1078 1919 1134 pro
1943 1077 2003 1118 se
2028 1062 2169 1134 ipso.

577 1156 900 1230 Respondeo
942 1154 1255 1221 dicendum,
1294 1152 1443 1224 quod
1486 1151 1687 1222 duplex
1723 1159 1807 1207 est
1853 1150 2003 1206 valor
2046 1149 2329 1207 orationis.
2361 1151 2519 1206 Unus

510 1247 604 1319 qui
633 1255 716 1302 est
745 1244 1010 1301 orationis
1044 1242 1312 1315 proprius,
1346 1240 1644 1297 secundum
1673 1255 1836 1311 quem
1882 1239 2083 1294 dicitur
2122 1238 2305 1294 valere
2336 1239 2519 1294 oratio

509 1334 580 1391 ad
610 1333 1008 1407 impetrandum
1052 1330 1184 1386 iilud
1215 1328 1362 1401 quod
1406 1328 1647 1400 petitur;
1680 1327 1825 1383 sicut
1864 1326 2039 1382 orat-io
2069 1327 2214 1382 Petri
2244 1325 2417 1382 valuit
2443 1327 2518 1382 ad

511 1421 924 1479 suscitationem
944 1418 1210 1475 Thabitae.
1244 1417 1397 1473 Alius
1422 1416 1574 1472 valor
1602 1420 1687 1471 est
1714 1401 2019 1470 com‘munis
2048 1415 2285 1470 orationi
2308 1421 2363 1468 et
2394 1414 2521 1470 aliis

511 1509 768 1585 operibus
795 1510 1085 1575 virtutum
1117 1506 1416 1562 secundum
1455 1503 1598 1576 quod
1632 1503 1811 1558 oratio
1853 1501 2035 1559 valere
2070 1501 2273 1557 dicitur
2297 1501 2365 1556 ad
2399 1519 2522 1558 me·
2592 1499 2601 1510 “

510 1599 741 1656 rendum
788 1595 995 1669 aliquid
1051 1594 1156 1668 ipsi
1203 1593 1380 1650 oranti
1426 1605 1524 1664 pro
1572 1597 1633 1646 ut
1689 1591 1925 1647 caritate
1969 1589 2328 1659 informatur-3
2374 1591 2521 1647 sicut

511 1687 688 1743 oratio
710 1685 854 1742 Petri
886 1701 994 1757 qua
1023 1683 1439 1738 suscitationem
1459 1678 1711 1735 'Thabitae
1742 1677 2075 1751 impetravit,
2109 1677 2212 1734 fuit
2238 1679 2521 1735 meritoria

510 1775 675 1830 Petro
721 1773 852 1828 vitae
881 1779 1122 1838 aeternae,
1152 1769 1204 1825 in
1233 1776 1501 1841 quantum
1528 1776 1649 1824 erat
1691 1757 1845 1823 actus
1879 1767 2111 1822 caritate
2150 1766 2518 1823 imformatuS.

510 1860 806 1932 Loquendo
831 1874 960 1928 ergo
985 1859 1052 1912 de
1081 1858 1256 1929 primo
1284 1856 1489 1924 valore,
1518 1856 1717 1912 ceteris
1740 1855 1986 1928 paribus,
2019 1854 2142 1926 pius
2172 1854 2321 1910 vaiet
2342 1857 2521 1912 oratio

511 1949 658 2021 facta
685 1963 782 2019 pro
807 1961 866 2001 se
895 1960 1058 2018 quam
1085 1961 1181 2016 pro
1207 1944 1350 2011 aiio‚·
1375 1945 1507 2015 quia
1530 1943 1773 2000 efficacia
1797 1943 2061 2000 orationis
2090 1943 2144 1998 in
2176 1943 2522 2016 impetrando

511 2040 696 2108 potest
733 2033 987 2092 emittere
1028 2048 1188 2088 suum
1232 2025 1507 2102 effectum,
1540 2033 1759 2106 quando
1800 2048 1901 2104 pro
1947 2031 2054 2088 aiio
2100 2032 2181 2099 fit,
2224 2048 2293 2086 ex
2338 2027 2523 2105 aliquo

513 2121 904 2196 impedimento
929 2122 1074 2194 quod
1110 2121 1386 2177 invenitur
1416 2121 1469 2175 in
1501 2137 1565 2176 eo
1608 2137 1709 2193 pro
1736 2137 1846 2192 quo
1886 2126 2095 2176 oratur.
2128 2120 2285 2176 Unde
2317 2137 2423 2178 una
2452 2122 2521 2177 de

513 2211 918 2267 conditionibus
960 2211 1224 2266 orationis
1265 2225 1390 2282 quae
1416 2209 1625 2271 faciunt
1652 2225 1774 2264 eam
1800 2209 2075 2274 efficacem
2116 2209 2185 2263 ad
2216 2209 2523 2282 impetran-

514 2299 665 2363 dum,
699 2305 784 2354 est
810 2306 868 2353 ut
890 2298 1088 2372 aliquis
1115 2314 1210 2371 pro
1239 2313 1298 2352 se
1327 2305 1467 2353 oret.
1493 2295 1769 2365 Quantum
1802 2301 1982 2351 autem
2014 2295 2081 2350 ad
2108 2298 2414 2354 secundum
2438 2317 2524 2354 va·

513 2387 684 2444 iorem
709 2388 886 2462 oratio
915 2389 1092 2459 magis
1121 2387 1264 2442 valet
1289 2401 1415 2458 quae
1436 2403 1504 2441 ex
1534 2385 1725 2457 majori
1741 2385 1973 2440 caritate
2000 2384 2267 2455 procedit,
2288 2387 2406 2442 sive
2424 2406 2523 2461 pro

515 2491 596 2544 se,
623 2475 738 2532 sive
763 2493 860 2549 pro
890 2477 997 2532 aiio
1040 2477 1156 2531 fiat.
1187 2477 1242 2532 Si
1283 2483 1467 2532 autem
1492 2474 1561 2528 do
1590 2471 1836 2528 interiori
1863 2472 2095 2542 caritate
2124 2489 2221 2544 per
2249 2476 2525 2534 exteriora

514 2577 680 2635 opera
705 2563 906 2620 debeat
925 2563 1183 2636 judicari,
1217 2571 1348 2618 tunc
1377 2563 1485 2617 ista
1522 2560 1860 2633 comparatio
1886 2566 2067 2632 potest
2107 2559 2410 2634 >dupliciter
2436 2565 2527 2619 in·

517 2651 710 2722 telligi.
741 2653 859 2711 Uno
889 2652 1050 2708 modo
1085 2659 1144 2706 ut
1171 2651 1370 2723 aliquis
1401 2652 1477 2706 ita
1506 2657 1626 2704 oret
1655 2664 1752 2720 pro
1783 2647 1909 2714 alio,
1951 2647 2095 2720 quod
2138 2649 2307 2705 etiam
2340 2667 2437 2722 pro
2463 2668 2527 2709 se

516 2737 671 2810 ipso;
704 2747 760 2794 et
785 2745 916 2794 tunc
941 2739 1164 2810 majoris
1187 2737 1366 2793 meriti
1395 2746 1479 2792 est
1502 2753 1598 2808 pro
1624 2735 1730 2792 alio
1756 2752 1912 2791 orare
1937 2742 1993 2791 et
2013 2752 2109 2808 pro
2130 2753 2189 2792 se
2217 2738 2337 2811 ipso
2360 2755 2525 2813 quam

502 2839 618 2896 -pro
640 2840 700 2879 se
729 2831 974 2881 tantum:
998 2825 1219 2896 major-is
1249 2825 1394 2879 enim
1420 2824 1601 2880 meriti
1624 2831 1706 2880 est
1728 2823 2315 2882 amicum-benevolum
2344 2835 2401 2883 et
2424 2829 2527 2884 be-

519 2913 753 2968 neficum
777 2928 899 2968 esse
919 2912 1020 2968 sibi
1047 2919 1102 2967 et
1130 2912 1221 2968 aiii
1253 2929 1417 2986 quam
1446 2913 1550 2968 sibi
1575 2919 1811 2968 tantum.·
1830 2912 1950 2968 Alio
1974 2907 2137 2969 modo
2160 2921 2346 2987 potest
2376 2917 2531 2989 intei-

513 2999 637 3072 ligi,
661 3009 721 3057 ut
756 2993 954 3074 aliquis
981 3009 1100 3056 oret
1142 3017 1238 3072 pro
1275 3001 1400 3068 aiio,
1436 3006 1490 3056 et
1522 3016 1626 3056 non
1669 3017 1766 3073 pro
1793 3017 1887 3068 se;
1926 3009 1985 3056 et
2029 3002 2111 3058 sic
2142 3004 2528 3062 ostenderetur

521 3104 643 3145 esse
671 3089 829 3146 alteri
855 3089 1150 3146 benevolus
1174 3091 1348 3161 magis
1375 3106 1540 3161 quam
1576 3089 1715 3156 sibi3
1754 3095 1811 3144 ει
1848 3090 1925 3145 ita
1955 3099 2209 3162 peccaret
2240 3092 2293 3148 in
2335 3095 2529 3150 ordine

521 3178 772 3232 caritatis
808 3180 983 3249 magis
1011 3177 1178 3234 alium
1208 3192 1372 3250 quam
1393 3192 1453 3232 se
1476 3176 1707 3248 diligens
1737 3193 1751 3230 ε
1777 3184 1831 3233 ει
1852 3177 1955 3233 hoc
1975 3179 2135 3234 modo
2168 3179 2530 3254 intelligendo

521 3267 1005 3336 comparationem,
1039 3265 1233 3322 melius
1261 3273 1345 3320 est
1374 3281 1533 3320 orare
1563 3281 1659 3336 pro
1689 3281 1749 3320 se
1778 3281 1943 3337 quam
1976 3281 2071 3336 pro
2106 3265 2232 3323 alio.

593 3352 677 3408 Ad
703 3353 937 3425 primum
966 3370 1094 3424 ergo
1126 3352 1442 3420 dicendum,
1475 3353 1619 3426 quod
1652 3352 1926 3410 ratio-iila
1963 3370 2069 3408 non
2096 3361 2181 3412 est
2208 3357 2277 3412 ad
2322 3371 2533 3432 propo-

523 3439 688 3497 situm
710 3457 724 3508 ;
752 3441 882 3514 quia
910 3441 1164 3512 specialis
1186 3443 1362 3498 oratio
1387 3441 1589 3498 dicitur
1616 3442 1669 3496 in
1695 3442 1891 3500 Glossa
1920 3440 2030 3509 ina,
2055 3458 2153 3516 pro
2178 3461 2531 3520 quocumque

522 3528 835 3602 specialiter
864 3529 978 3595 fiat,
1002 3527 1118 3586 'sive
1142 3546 1237 3601 pro
1263 3546 1322 3586 se
1350 3530 1467 3584 sive
1493 3546 1587 3602 pro
1618 3530 1746 3586 alio.

594 3616 679 3674 Ad
703 3617 1002 3686 secundum
1031 3617 1342 3684 dicendum,
1365 3618 1514 3690 quod
1542 3617 1669 3673 licet
1696 3625 1757 3673 ut
1780 3617 1984 3690 pluries
2011 3614 2173 3675 homo
2200 3621 2299 3692 pro
2322 3637 2381 3678 se
2406 3622 2532 3694 ipso

521 3706 774 3762 devotius
800 3712 937 3773 oret,
970 3711 1155 3762 temen
1179 3705 1505 3778 quandoque
1539 3706 1790 3762 devotius
1819 3706 2051 3778 proelio
2076 3725 2090 3775 ;
2122 3715 2181 3766 ει
2216 3709 2294 3765 ita
2322 3726 2537 3766 secun-

523 3791 655 3848 dum
685 3795 788 3850 hoc
826 3807 945 3850 non·
968 3801 1149 3866 potest
1187 3793 1327 3849 sumi
1356 3793 1664 3851 universale
1692 3793 1981 3865 jndicium‚
2014 3810 2141 3868 quae
2178 3799 2358 3854 oratio
2396 3799 2536 3872 pius

524 3882 724 3936 valeat.

595 3967 856 4023 Similiter
883 3967 1176 4025 dicendum
1204 3969 1274 4025 ad
1305 3968 1529 4026 tertium
1556 3969 1613 4026 in
1636 3971 1991 4029 contrarium.
