2800 4492
535 317 615 381 60
1009 330 1066 382 a.
1107 329 1342 379 ‘mom
1382 330 1711 384 summme
1753 331 2064 379 causeum

541 449 851 509 differentia
879 448 1009 517 dici,
1037 448 1134 505 sed
1157 448 1392 518 diversa,
1419 456 1481 505 ut
1516 454 1667 521 patet
1694 462 1793 521 per
1818 448 2018 507 Philos.
2049 464 2088 507 x
2110 450 2353 524 Metaph.
2376 468 2393 523 3
2420 467 2559 525 ergo

540 555 647 596 non
671 541 846 599 omnis
874 537 1207 612 pluralitatis
1233 553 1400 597 causa
1429 545 1513 594 est
1543 536 1812 595 alteritas.

608 629 714 686 Sed
739 632 931 687 contra
959 633 1064 695 est,
1091 627 1236 700 quod
1261 627 1484 683 Damas.
1512 625 1668 694 dicit,
1701 625 1845 699 quod
1880 626 2080 685 divisio
2110 634 2196 685 est
2236 645 2404 687 causa
2444 646 2557 687 nu-

536 718 673 773 meri
701 734 714 771 t
746 716 842 774 sed
867 716 1064 773 divisio
1090 716 1145 771 in
1181 714 1524 782 diversitate,
1554 714 1640 771 vel
1672 713 1948 772 alteritate
1982 716 2271 789 consistit;
2300 735 2432 791 ergo
2462 721 2558 777 di-

533 805 787 875 versita3‚
819 805 901 863 vel
933 805 1182 863 alteritas
1205 804 1533 878 principium
1560 801 1893 877 pluralitatis
1916 812 2021 861 est.

605 896 761 962 Item,
809 894 942 951 Isid.
981 892 1117 951 dicit
1171 892 1317 967 quod
1359 908 1617 948 numerus
1658 892 1860 963 dicitur
1903 893 2061 966 quasi
2107 904 2270 953 nutus
2314 897 2552 967 numeri,

536 981 715 1050 idest,
742 982 1048 1050 divisioniS,
1077 988 1133 1037 et
1159 982 1238 1037 sic
1257 980 1404 1037 idem
1434 980 1577 1053 quod
1598 980 1770 1053 prius.

605 1072 762 1140 Item,
789 1071 1081 1145 pluralitas
1107 1085 1214 1127 non
1249 1069 1604 1126 constituitur
1630 1068 1735 1126 nisi
1760 1086 1858 1144 per
1881 1086 2159 1129 recessum
2193 1073 2263 1130 ab
2286 1075 2501 1133 unitate
2535 1094 2551 1133 :

535 1160 631 1215 sed
670 1159 740 1216 ab
765 1161 996 1217 entitate
1033 1173 1141 1214 non
1183 1156 1391 1214 recedit
1422 1156 1630 1231 aliquid
1660 1158 1762 1213 nisi
1804 1159 2269 1232 per-divisionem,
2316 1179 2444 1220 cum
2486 1182 2557 1221 ex

535 1248 639 1304 hoc
668 1248 876 1321 aliquid
898 1248 1114 1303 dicatur
1138 1261 1325 1313 unum,
1355 1245 1501 1318 quod
1527 1254 1611 1303 est
1634 1246 1949 1315 indivisum,
1973 1255 2035 1305 ut
2062 1257 2215 1323 patet
2243 1267 2286 1308 x
2312 1253 2552 1325 Metap.;

536 1352 666 1408 ergo
691 1336 888 1392 divisio
911 1331 1284 1409 pluralitatem
1313 1334 1618 1403 constituit,
1642 1342 1697 1392 et
1716 1336 1798 1393 sic
1825 1337 1969 1393 idem
2002 1338 2157 1411 quod‘
2178 1342 2351 1411 prius·

609 1426 929 1498 Respondeo
969 1420 1280 1492 dicendum,
1330 1425 1478 1497 quod
1519 1425 1663 1482 sicut
1702 1426 1839 1483 dicit
1876 1427 2051 1484 Philo.
2090 1444 2132 1484 x
2167 1429 2353 1499 Meta„
2394 1433 2555 1507 plura

537 1514 740 1572 dicitur
769 1514 976 1589 aliquid
997 1532 1064 1571 ex
1089 1514 1192 1571 boc
1219 1514 1366 1587 quod
1391 1521 1476 1571 est
1500 1513 1791 1583 divisibile,
1822 1516 1909 1573 vel
1932 1516 2189 1573 divisum.
2216 1520 2371 1578 Unde
2392 1538 2554 1581 omne

534 1604 673 1660 illud
714 1604 861 1678 quod
905 1609 989 1661 est
1032 1618 1201 1660 causa
1228 1602 1533 1671 divisioniS,
1582 1610 1798 1677 oportet
1826 1620 2029 1678 ponere
2055 1621 2279 1663 causam
2320 1610 2557 1682 plurali-

539 1693 692 1750 tatis·
719 1694 896 1749 Causa
921 1697 1104 1748 autem
1129 1691 1416 1747 divisionis
1440 1691 1601 1747 aliter
1626 1693 1943 1765 accipienda
1966 1695 2129 1751 estin
2158 1700 2557 1769 posterioribus

539 1787 597 1837 et
621 1781 958 1853 compositiS‚
978 1785 1033 1835 et
1057 1780 1112 1834 in
1137 1779 1330 1852 primis
1349 1786 1403 1835 et
1428 1779 1785 1852 simplicibus.
1811 1783 1871 1838 In
1899 1784 2295 1855 posterioribus
2313 1804 2556 1861 namque

539 1876 596 1927 et
625 1870 940 1941 compositis
969 1884 1134 1926 causa
1164 1869 1449 1925 divisionis
1482 1871 1640 1943 quasi
1668 1870 1931 1939 formaliS,
1958 1871 2015 1927 id
2044 1877 2127 1929 est
2155 1875 2368 1933 ratione
2398 1881 2557 1951 cujus

539 1959 602 2015 fit
629 1958 844 2025 divisi0‚
878 1964 962 2014 est
989 1958 1282 2015 diversitas
1310 1957 1639 2032 simplicium
1675 1965 1731 2015 et
1767 1960 2087 2033 primorum,
2124 1963 2273 2036 quod
2308 1974 2461 2037 patet
2498 1970 2557 2025 in

538 2046 808 2104 divisione
845 2046 1188 2120 quantitatis,
1217 2047 1491 2105 Dividitur
1522 2049 1669 2105 enim
1706 2066 1814 2105 una
1854 2066 1982 2121 pars
2010 2051 2171 2108 lineae
2198 2052 2268 2108 ab
2310 2054 2419 2112 alia
2458 2074 2560 2131 per

541 2136 644 2193 hoc
674 2137 820 2209 quod
849 2135 1128 2193 diversum
1159 2136 1360 2193 habent
1398 2136 1585 2204 situm,
1627 2137 1774 2208 quod
1802 2144 1887 2193 est
1917 2140 2074 2211 quasi
2112 2140 2356 2199 formalis
2390 2146 2559 2203 diffe-

542 2224 719 2281 rentia
757 2225 1082 2297 quantitatis
1120 2226 1393 2281 continuae
1436 2225 1761 2299 positionem
1790 2225 2059 2283 habentis·
2107 2230 2263 2287 Patet
2301 2234 2469 2291 etiam
2499 2236 2558 2293 in

541 2313 810 2371 divisione
851 2314 1302 2393 substantiarum.
1341 2314 1619 2372 Dividitur
1647 2315 1792 2371 enim
1836 2316 1998 2391 homo
2026 2317 2097 2374 ab
2132 2320 2285 2376 asino
2327 2340 2423 2395 per
2451 2326 2561 2385 hoc

542 2404 688 2477 quod
711 2402 874 2460 habet
896 2403 1144 2462 diversas
1167 2403 1502 2460 differentias
1530 2404 1916 2461 constitutivas
1946 2422 1961 2462 ε
2000 2406 2097 2463 sed
2123 2408 2416 2470 diversitas
2445 2434 2559 2489 qua

543 2491 862 2549 dividuntur
902 2492 1206 2566 posteriora
1235 2493 1537 2566 composita
1566 2493 1867 2549 secundum
1904 2494 2087 2566 priora
2114 2505 2169 2554 et
2198 2489 2555 2574 simpliciora,

542 2581 914 2656 praesupponit
957 2582 1330 2655 pluralitatem
1357 2582 1657 2654 primorum
1687 2588 1741 2638 et
1770 2581 2121 2655 simplicium.
2160 2586 2241 2643 Ex
2279 2588 2385 2648 hoc
2410 2594 2559 2650 enim

541 2670 703 2726 homo
741 2677 796 2725 et
832 2671 1017 2725 asinus
1056 2670 1260 2725 habent
1295 2668 1542 2725 diversas
1587 2668 1941 2737 differentiae,
1988 2674 2135 2744 quod
2180 2676 2468 2753 rationale,
2500 2690 2560 2740 et

542 2755 859 2813 irrationale
874 2770 981 2811 non
1003 2762 1130 2811 sunt
1157 2770 1283 2821 una,
1305 2754 1402 2809 sed
1424 2754 1609 2825 plures
1637 2755 1978 2813 differentiae.
2002 2759 2115 2814 Nec
2136 2772 2317 2831 potest
2342 2785 2559 2845 semper

542 2846 653 2902 dici
694 2844 839 2917 quod
886 2842 1033 2899 illius
1076 2840 1409 2914 pluralitatis
1450 2841 1523 2897 sit
1571 2840 1679 2898 alia
1724 2842 2016 2902 diversitas
2074 2846 2257 2922 aliqua
2304 2859 2457 2926 prior
2500 2866 2560 2916 et

543 2932 840 3005 simplicior
864 2945 1048 2997 causa,
1081 2929 1212 3002 quia
1249 2930 1330 2985 sic
1354 2936 1501 2986 esset
1529 2928 1681 2985 abire
1708 2929 1764 2986 in
1791 2931 2085 2991 infinitum.
2118 2937 2185 2992 Et
2213 2940 2337 2999 ideo
2367 2946 2558 3019 plum..

541 3021 718 3077 litatis
767 3024 824 3076 et
863 3018 1152 3077 ‚divisionis
1203 3018 1449 3091 priorum
1492 3024 1549 3075 et
1590 3018 1922 3092 simplicium
1968 3032 2183 3097 oportet
2241 3030 2349 3089 alio
2394 3038 2559 3095 modo

543 3124 768 3166 causam
795 3105 1096 3179 assignare.
1127 3106 1266 3165 Sunt
1304 3107 1451 3163 enim
1475 3108 1787 3180 hujusmodi
1814 3112 2113 3171 secundum
2150 3117 2331 3191 seipsa
2352 3122 2556 3183 divisa.

491 3261 495 3265 ,
543 3198 666 3254 Νοιι
693 3200 874 3270 potest
919 3202 1104 3253 autem
1133 3210 1271 3264 esse,
1304 3197 1451 3269 quod
1481 3210 1577 3253 ens
1607 3196 1884 3255 dividatur
1912 3199 1983 3257 ab
2026 3209 2151 3260 ente
2191 3204 2249 3262 in
2288 3220 2557 3281 quantum

546 3292 630 3342 est
673 3300 771 3341 ens
815 3300 830 3341 2
877 3284 1010 3340 nihil
1055 3290 1238 3341 autem
1280 3284 1546 3341 dividitur
1574 3286 1796 3343 ab‘ente
1832 3287 1936 3344 nisi
1984 3306 2092 3348 non
2132 3308 2247 3351 ens.
2292 3298 2559 3358 Similiter

547 3374 712 3431 etiarn
751 3372 823 3430 ab
861 3372 964 3429 hoc
1001 3381 1126 3430 ente
1168 3388 1272 3429 non
1304 3371 1571 3431 dividitur
1598 3374 1702 3431 boc
1730 3391 1845 3443 ens,
1878 3377 1982 3434 nisi
2023 3396 2121 3454 per
2165 3381 2270 3441 hoc
2310 3388 2455 3459 quod
2498 3390 2554 3445 in

547 3463 652 3520 boc
680 3467 806 3519 ente
847 3461 1146 3518 includitur
1180 3461 1399 3534 negatio
1440 3462 1589 3519 illius
1617 3464 1778 3521 entis.
1808 3465 1963 3523 Unde
1990 3467 2045 3524 in
2088 3471 2279 3542 primis
2307 3476 2557 3539 terminis

547 3548 946 3627 propositiones
989 3550 1262 3623 negativae
1287 3558 1417 3608 sunt
1458 3550 1793 3611 immediatas
1833 3556 1989 3627 quasi
2034 3560 2251 3631 negatio
2294 3564 2456 3622 unius
2483 3570 2558 3626 sit

545 3642 602 3699 in
626 3639 908 3698 intellectu
938 3638 1182 3697 alterius.
1214 3640 1456 3697 Primum
1492 3641 1661 3698 etiam
1685 3632 1974 3700 causatum
2002 3645 2056 3701 in
2085 3646 2189 3705 hoc
2211 3648 2341 3707 facit
2367 3653 2557 3726 plura-

545 3731 762 3788 litatem
799 3744 926 3787 cum
955 3743 1141 3799 causa,
1171 3729 1318 3801 quod
1357 3744 1468 3786 non
1497 3731 1717 3803 attingit
1743 3731 1809 3787 ad
1839 3747 1982 3790 eam.
2020 3734 2089 3790 Et
2127 3740 2427 3797 secundum
2453 3744 2558 3804 hoc

549 3820 774 3893 quidam
804 3823 1106 3893 posuerunt
1133 3818 1373 3889 quodam
1407 3819 1595 3876 ordine
1624 3818 1996 3891 pluralitatem
2035 3823 2105 3880 ab
2132 3823 2250 3899 ipso
2283 3845 2390 3886 uno
2419 3848 2558 3891 cau-

547 3909 684 3979 sari,
727 3914 788 3967 ut
827 3908 902 3967 ab
938 3921 1049 3966 uno
1075 3906 1339 3982 procedat
1372 3908 1551 3982 primo
1578 3922 1767 3979 unum,
1798 3910 1947 3983 quod
1973 3924 2098 3970 cum
2133 3926 2299 3975 causa
2325 3918 2558 3992 plurali-
