2800 4492
495 337 618 400 276
977 341 1029 387 e.
1074 335 1306 383 rnouAE
1346 319 1675 385 AdumA‘rIs
1717 285 2027 370 opuscumt

499 469 740 528 cundum
776 464 882 521 boc
908 443 1056 518 euim
1091 455 1140 512 si
1172 453 1281 510 sint
1312 450 1547 506 diversae
1573 459 1681 510 ree,
1722 444 1905 498 essent
1933 437 2150 495 diversa
2186 433 2547 499 nomina‚·et

501 575 609 616 non
636 558 781 613 idem
809 565 1025 609 nomen.
1054 543 1337 618 Dependet
1362 551 1491 610 ergo
1517 533 1702 591 unitas
1730 529 1815 588 vel
1841 527 2135 586 diversitas
2164 524 2315 580 vocis
2336 521 2546 594 signi-

505 647 760 712 ficativae,
792 642 908 700 sive
933 634 1252 709 complexae,
1277 630 1394 686 sive
1432 621 1807 696 incomplexae,
1836 634 1903 674 ex
1932 617 2141 672 unitate
2164 613 2251 670 vel
2277 611 2547 668 diversi-

506 743 621 793 tate
649 733 798 791 vocis
821 728 910 788 vel
936 724 1278 788 intellectus;
1311 729 1545 792 quorum
1574 725 1761 776 unum,
1789 706 2002 764 scilicet
2026 719 2151 769 vox,
2185 707 2269 756 est
2298 701 2546 771 signum

508 832 564 900 et
605 839 713 880 non
745 821 959 891 signum
1000 818 1252 877 tantum3
1294 803 1604 862 intellectus
1646 805 1828 856 autem
1872 795 2089 866 signum
2121 796 2178 846 et
2216 789 2540 860 signatum,

509 915 656 974 sicut
679 917 735 968 et
755 923 863 966 res·
891 907 1074 962 Potest
1100 913 1229 972 ergo
1249 907 1447 960 nomen
1472 890 1558 947 vel
1587 883 1921 946 enuntiabile
1946 897 2065 938 esse
2091 878 2239 936 aliud
2261 883 2315 933 et
2344 876 2540 942 aliud,

507 1002 598 1068 ,vel
625 1005 845 1074 propter
872 988 1249 1054 diversitatem
1275 982 1428 1040 vocis
1454 983 1690 1043 tantum,
1714 975 1859 1030 sicut
1896 975 1979 1026 est
2010 970 2065 1026 in
2094 965 2439 1040 synonyme,
2472 966 2540 1042 in

515 1091 714 1166 quibus
738 1093 821 1143 est
848 1084 1069 1140 diversa
1091 1092 1216 1142 vox,
1249 1070 1517 1133 sedidem
1556 1063 1929 1138 significatum
1954 1057 2175 1115 omnino
2202 1073 2215 1110 z
2242 1054 2329 1110 vel
2354 1053 2543 1110 etiam

516 1195 642 1236 cum
656 1173 975 1233 diversitate
993 1166 1145 1224 vocis
1166 1167 1485 1236 potestesse
1501 1153 1794 1212 diversitas
1813 1146 2141 1211 intellectus,
2162 1143 2279 1199 sive
2304 1148 2543 1214 propter

518 1266 897 1326 diversitatem
916 1258 993 1314 rei
1019 1251 1331 1313 intellectae,
1360 1248 1476 1302 sive
1501 1249 1723 1316 propter
1742 1234 2121 1294 diversitatem
2142 1231 2289 1288 modi
2318 1215 2541 1285 intelliss-

519 1355 714 1430 gendi3
739 1359 796 1408 et
823 1350 926 1406 hoc
944 1340 1210 1412 contingit
1237 1335 1695 1410 quandocumque
1715 1333 1799 1382 est
1822 1324 2115 1380 diversitas
2142 1319 2543 1390 consignificata

523 1446 721 1513 tionis;
762 1431 1275 1514 quaeconsequitur
1313 1426 1590 1482 diversum
1626 1416 1851 1476 modum
1888 1410 2223 1484 intelligendi
2268 1425 2435 1466 unam
2476 1417 2543 1465 ει

525 1546 582 1594 ει
610 1532 857 1592 eamdem
885 1541 1036 1592 rem3
1065 1517 1413 1592 et-praecipue
1431 1513 1535 1570 hoc
1554 1512 1784 1582 apparet
1808 1505 1863 1559 in
1893 1510 2156 1575 tempore,
2184 1499 2329 1573 quod
2356 1515 2454 1571 per
2474 1515 2542 1555 se

527 1623 973 1682 commisceretur
1005 1605 1310 1684 operationi
1345 1599 1655 1658 intellectus
1694 1592 1916 1650 humani
1950 1588 2329 1663 componentis
2358 1592 2415 1644 et
2444 1586 2542 1644 di-

527 1709 783 1774 videntiS,
818 1711 878 1762 ut
900 1702 1103 1759 dicitur
1127 1697 1180 1752 in
1212 1710 1286 1752 ιιι.
1307 1692 1376 1748 de
1399 1689 1616 1769 Anima.

599 1801 667 1856 Et
690 1795 813 1852 ideo
837 1786 1126 1866 dicendum
1165 1789 1267 1848 est,
1302 1779 1449 1853 quod
1479 1792 1586 1833 non
1615 1780 1700 1830 est
1731 1772 1878 1828 idem
1906 1767 2242 1828 enuntiabile
2264 1767 2541 1826 Socratem

532 1887 730 1950 sedere,
762 1889 812 1939 et
840 1881 1104 1936 Socratem
1131 1871 1338 1934 sedisse,
1365 1865 1450 1923 vel
1478 1878 1744 1920 sessurum
1772 1875 1877 1916 esse
1892 1876 1912 1927 ‚·
1942 1857 2039 1915 sed
2066 1855 2336 1912 Socra-tem
2361 1855 2546 1912 sedere

535 1983 620 2056 est
642 1975 788 2031 idem
815 1962 1166 2028 enuntiabile,
1199 1959 1329 2034 quia
1355 1961 1441 2012 est
1472 1953 1665 2012 eadem
1688 1965 1814 2019 vox,
1845 1953 1901 2004 ει
1930 1947 2077 2003 idem
2103 1944 2299 2001 modus
2328 1945 2548 2016 signifi-

536 2063 718 2121 candi.
741 2061 810 2116 Et
835 2057 958 2113 ideo
981 2055 1133 2128 patet
1160 2046 1307 2132 quod
1333 2044 1479 2101 idem
1503 2037 1837 2098 enuntiabile
1867 2041 2047 2112 potest
2070 2033 2401 2110 quandoque
2426 2049 2549 2090 esse

493 2219 500 2226 ,
539 2167 748 2216 verum,
781 2142 1109 2222 quandoque
1137 2137 1371 2217 falsum..

613 2239 767 2298 Unde
797 2237 903 2292 duo
927 2232 1104 2306 prima
1133 2210 1499 2302 concedimuS.
1898 2261 1905 2270 ,
2342 2249 2347 2252 .

612 2330 696 2387 Ad
741 2325 962 2384 tertium
1002 2317 1312 2382 dicendum,
1357 2309 1503 2385 quod
1534 2305 1824 2364 diversitas
1850 2301 2373 2376 consignificationis
2410 2301 2551 2359 tollit

545 2417 780 2498 nominis
807 2411 1172 2475 identitatem,
1214 2405 1515 2481 intantum
1543 2394 1688 2470 quod
1717 2392 1944 2466 obliqui,
1976 2392 2275 2446 secundum
2303 2389 2553 2447 Philoso-

547 2512 731 2586 phum,
755 2520 863 2572 non
886 2504 1014 2558 sunt
1035 2495 1257 2553 nomina
1277 2509 1290 2561 ;
1312 2494 1442 2548 eunt
1466 2492 1648 2544 tamen
1671 2497 1839 2539 unum
1862 2495 2060 2537 nomen
2079 2494 2187 2534 non
2206 2478 2551 2553 simpliciter,

547 2598 646 2662 sed
675 2598 731 2653 in
759 2595 1026 2669 quantum
1052 2580 1386 2642 conveniunt
1411 2578 1469 2634 in
1497 2590 1602 2632 uno
1626 2572 1817 2630 ordine
1844 2567 2251 2641 declinationis·

1184 2751 1641 2849 ARTIGULUS
1686 2747 1917 2812 XVIII.

567 2905 784 2970 Utrum
820 2890 1334 2960 determinationes
1364 2882 1702 2962 theoloyiooe
1725 2879 1968 2943 debeant
2001 2875 2140 2955 fieri
2170 2837 2561 2956 anctorttate,

636 2993 730 3056 vel
756 2987 1010 3052 ratione.
1033 3015 1112 3027 —-
1141 2977 1400 3059 (Contra
1430 2971 1715 3046 Gentiles,
1742 2968 1845 3031 lib.
1880 2969 1939 3044 1,
1972 2983 2103 3044 cap.
2136 2966 2199 3040 2,
2223 2966 2285 3042 8,
2309 2968 2479 3047 ει9).

555 3191 558 3194 ,
631 3127 785 3183 Circa
825 3120 1050 3178 tertium
1087 3115 1168 3198 sic
1195 3108 1529 3184 proceditur.
1566 3104 1796 3161 Videtur
1826 3098 1972 3175 quod
2003 3098 2263 3170 magister
2299 3099 2570 3156 determi-
2611 3101 2619 3110 ‘

561 3230 700 3272 nans
721 3210 1054 3286 quaestiones
1074 3199 1407 3271 theologicas
1431 3195 1607 3265 magis
1628 3191 1825 3248 debeat
1851 3189 1930 3245 uti
1954 3173 2377 3244 auctoritatibus
2400 3169 2572 3263 quam

563 3299 884 3360 rationibus„
916 3294 1055 3364 Quia
1084 3292 1139 3347 in
1181 3287 1425 3362 qualibet
1458 3281 1687 3340 scientia
1714 3279 2047 3353 quaestiones
2074 3277 2279 3349 optime
2301 3275 2575 3334 determi-

565 3396 764 3448 nantur
811 3400 906 3458 per
942 3382 1119 3457 prima
1161 3375 1426 3450 principia
1470 3372 1615 3427 illius
1654 3368 1919 3425 scientiae.
1950 3365 2053 3422 Sed
2084 3365 2261 3438 prima
2302 3365 2575 3439 principia

566 3475 814 3538 scientiae
840 3468 1160 3540 theologicae
1183 3469 1309 3522 sunt
1336 3460 1555 3533 articuli
1585 3458 1730 3525 fidei,
1762 3457 1857 3529 qui
1890 3453 2049 3511 nobis
2086 3469 2183 3525 per
2210 3455 2577 3512 auctoritates

568 3567 938 3626 innotescunt.
980 3558 1122 3629 Ergo
1158 3553 1392 3610 maxime
1429 3539 1760 3623 quaestiones
1788 3542 2109 3615 theologicae
2137 3548 2265 3600 sunt
2306 3541 2579 3602 determi-

569 3656 766 3716 nandae
792 3667 888 3727 per
916 3645 1292 3705 auctoritates,

640 3743 746 3802 Sed
775 3743 966 3798 contra
993 3731 1245 3808 estquod
1270 3729 1472 3786 dicitur
1496 3725 1566 3782 ad
1590 3724 1699 3780 Tit.
1731 3739 1771 3790 1,
1800 3725 1831 3778 9
1862 3738 1875 3776 z
1906 3720 1977 3778 Ut
1998 3719 2071 3777 sit
2088 3725 2273 3791 potens
2296 3697 2584 3776 exhortans·

573 3834 638 3888 in
676 3828 922 3887 doctrina
965 3839 1119 3889 sana,
1149 3828 1199 3878 et
1235 3815 1648 3875 contradicentes
1686 3811 1973 3866 revincere.
2002 3809 2107 3864 Sed
2138 3807 2584 3864 contradicentes

575 3918 770 3978 melius
795 3915 1148 3978 revincuntur
1192 3905 1497 3966 rationibus
1536 3916 1702 3974 quam
1741 3895 2181 3956 auctoritatibus.
2232 3895 2376 3966 Ergo
2407 3894 2586 3968 magis
