2800 4492
763 315 874 361 x11.
907 330 985 389 -5
1014 307 1441 368 odonmssmmu
1483 324 1697 371 NONUM
2115 319 2233 379 485

211 428 346 509 ticis
399 430 774 504 dogmatibus,
818 431 941 489 ideo
991 436 1290 519 approbato
1343 438 1490 511 quod
1540 420 1595 497 in
1634 430 1853 501 homine
1896 447 1968 504 sit
2021 453 2231 521 tantum

211 536 327 576 una
357 518 665 576 substantia
695 519 912 588 animae,
942 522 1098 595 cujus
1144 526 1407 597 potentiae
1452 536 1581 585 sunt
1628 533 2021 611 vegetativum,
2054 539 2237 603 sensi-

211 610 414 676 tivam,
471 615 528 685 et
577 600 1000 681 intelle'ctivum;
1053 612 1320 683 dicimuss
1357 616 1509 689 quod
1562 619 1743 679 anima
1796 621 2049 695 hominis,
2104 644 2231 701 quae

212 714 412 757 omnes
440 696 539 763 bas
567 699 1073 775 potentiasanimae
1095 704 1349 772 sustinet,
1383 720 1417 761 a
1442 706 1555 763 Deo
1585 716 2107 787 creatur,‚quamvig
2136 734 2231 789 pm·

212 788 594 861 operationem
633 788 900 845 naturalis
950 784 1161 861 agentis
1203 790 1298 853 fiat
1343 798 1404 850 ut
1448 810 1645 869 corpus
1692 802 2067 875 organizatum
2104 814 2231 867 actu

214 876 536 949 perficiatur
567 894 662 950 per
689 877 982 953 potentiam,
1011 868 1136 953 quae
1165 885 1294 935 sunt
1323 884 1685 957 corporalium
1714 890 1953 960 partium
1982 901 2156 953 actua.

284 966 371 1023 Ad
399 968 638 1041 primum
668 983 796 1039 ergo
841 968 1148 1037 dicendum,
1181 970 1326 1042 quod
1375 972 1557 1033 anima
1598 977 1919 1047 vegetabilis
1960 988 2015 1039 et
2049 986 2232 1046 sensi-

213 1056 346 1113 bilis,
370 1072 492 1112 non⁴
511 1064 636 1112 sunt
664 1055 988 1113 substantiae
1013 1058 1260 1115 viventes
1291 1060 1559 1121 sicut'nec
1583 1063 1963 1139 subsistentes»,
1983 1073 2078 1128 sed
2104 1085 2233 1135 sunt

214 1146 487 1219 principia
513 1145 728 1202 vivendi
757 1154 811 1201 et
839 1145 1083 1215 essendi3
1113 1154 1168 1207 et
1198 1147 1396 1213 iterum
1424 1165 1531 1210 non
1559 1160 1793 1226 oportet,
1813 1155 1859 1213 si
1890 1158 2023 1231 quid
2050 1164 2229 1231 minus

215 1228 397 1290 nobile
429 1236 558 1291 sita
588 1235 699 1315 Deo
744 1235 1076 1306 immediate,
1102 1238 1249 1314 quod
1289 1239 1459 1321 etiam
1497 1242 1645 1315 quod
1683 1249 1767 1301 est
1800 1248 1975 1321 magis
1998 1252 2179 1310 nobile
2210 1271 2247 1313 :-

215 1326 344 1397 quia
377 1326 542 1391 Deus,
572 1333 699 1379 'cum
731 1340 835 1379 non
880 1322 1080 1380 habeat
1115 1324 1409 1386 limitatam
1442 1328 1726 1403 virtutem,
1756 1350 1857 1391 nec
1876 1346 2005 1409 agat
2034 1328 2229 1401 neces..

213 1415 382 1469 sitate
407 1420 833 1486 naturae‚p0test
860 1429 1021 1485 agere
1041 1420 1096 1471 et
1125 1414 1394 1475 nobiliora
1419 1425 1473 1478 et
1493 1418 1673 1479 minus
1698 1422 1901 1483 nobilia
1929 1430 2237 1496 secundum,

213 1518 372 1558 suam
425 1502 779 1569 voluntatem,
830 1503 974 1559 sicut
1030 1504 1347 1568 immediate
1399 1505 1665 1583 produxit
1718 1511 1893 1583 prima
1944 1514 2225 1581 individua

211 1592 504 1649 brutorum
534 1592 870 1663 animalium,
900 1592 1100 1666 quibus
1146 1601 1328 1650 tamen
1356 1594 1621 1666 homineS,
1651 1600 1745 1673 qui
1784 1618 1928 1660 nunc
1956 1622 2225 1677 generan-

215 1687 306 1737 tur
329 1698 399 1737 ex
430 1682 654 1747 semine,
686 1682 984 1737 nobiliores
1007 1690 1156 1741 sunt.

282 1770 371 1827 Ad
412 1757 1058 1839 secundum'dicendum,
1085 1770 1228 1844 quod
1279 1772 1477 1831 animae
1518 1776 1795 1837 sensitivae
1830 1798 1937 1839 non
1966 1789 2219 1847 convenit

211 1876 308 1933 per
339 1876 400 1915 se
427 1867 566 1927 esse,
595 1858 836 1916 nectieri
859 1868 960 1916 'nec
985 1862 1204 1933 operari
1233 1878 1246 1917 :
1275 1862 1423 1920 nulla
1448 1865 1594 1921 enim
1637 1872 1720 1924 est
1762 1870 1907 1928 actio
1940 1876 2135 1935 animae
2162 1880 2217 1937 in

212 1968 323 2024 qua
362 1965 561 2021 corpus
605 1964 716 2004 non
756 1949 1142 2005 communicet.
1171 1950 1267 2034 Est
1305 1952 1451 2009 enim
1486 1953 1685 2027 duplex
1729 1962 1973 2029 potentia
2017 1968 2223 2026 motiva

211 2037 414 2091 animae
470 2036 748 2091 sensitivae
781 2052 794 2089 ε
831 2052 1108 2109 unaquae
1155 2037 1409 2110 imperat,
1457 2042 1667 2098 scilicet
1708 2050 2011 2119 appetitiva
2066 2058 2223 2128 cujus

213 2134 375 2181 actus
400 2132 632 2191 constat,
665 2141 788 2197 quae
818 2124 978 2181 affixa
1001 2126 1265 2182 musculis
1291 2134 1344 2183 et
1375 2130 1557 2185 nervis
1581 2140 1665 2187 est
1690 2135 2017 2210 principium
2042 2145 2223 2202 mobi..

211 2214 390 2271 litatis
419 2214 472 2269 in
501 2214 610 2281 eis3
639 2214 732 2269 sed
775 2214 892 2285 ipsa
923 2213 1204 2271 distinctio
1235 2215 1480 2289 partium
1508 2221 1871 2291 corporalium
1914 2228 2046 2287 facit
2074 2238 2221 2307 quod

214 2321 322 2361 una
353 2320 482 2376 pars
504 2302 762 2365 ,animalis
789 2310 874 2363 est
899 2319 1124 2366 movens
1152 2312 1208 2365 et
1233 2304 1342 2365 alia
1367 2312 1545 2379 mota;
1572 2317 1629 2367 et
1652 2312 1732 2371 ita
1756 2327 1983 2387 possunt
2010 2329 2219 2385 moveri

211 2410 279 2451 cx
301 2410 384 2451 se.
1900 2474 1905 2477 Ι
2160 2446 2165 2451 ,

283 2483 408 2540 Alia
437 2498 564 2557 quae
588 2489 713 2539 sunt
752 2482 807 2538 in
839 2484 1194 2551 contrarium,
1223 2486 1592 2559 concedimuS,
1622 2490 1722 2571 nisi
1754 2502 2017 2567 quantum
2046 2505 2223 2575 pert}-

213 2581 306 2629 net
339 2573 407 2628 ad
439 2571 731 2639 bominem,
759 2572 812 2627 in
853 2572 1009 2642 cujus
1050 2573 1268 2659 semine·
1295 2576 1547 2651 quamvis
1594 2584 1870 2651 praecedat
1910 2593 2221 2659 vegetativa

213 2669 270 2719 et
296 2660 561 2717 sensitiva
587 2661 768 2716 anima
791 2660 1127 2733 imperfecte,
1155 2677 1281 2720 cum
1311 2662 1419 2725 illis
1453 2669 1795 2729 cessantibus
1841 2672 2221 2741 introducatur

216 2766 313 2822 per
345 2750 678 2815 creationem
709 2748 889 2805 anima
915 2749 1215 2819 rationaliS‚
1250 2768 1374 2825 quae
1420 2754 1660 2829 perfecte
1697 2762 1941 2831 continet
1978 2769 2127 2840 quod
2164 2771 2219 2829 in

213 2839 296 2893 eis
324 2845 443 2894 erat
471 2837 916 2910 imperfectionis.
940 2839 1077 2895 Nam
1107 2841 1406 2897 secundum
1430 2844 1762 2906 Avicennam
1788 2850 1843 2909 in
1868 2846 2221 2926 generatione

214 2926 470 2985 animalis
498 2942 564 2987 ex
600 2926 806 2985 semine
843 2926 1210 2999 interveniunt
1249 2930 1437 2993 multae
1478 2938 1859 3013 generationes
1896 2948 1955 3005 et
1986 2960 2220 3025 corrup-

215 3015 414 3075 tiones.

891 3151 1338 3263 mucimus
1395 3202 1541 3267 XII.

245 3360 250 3367 ·
305 3336 526 3417 Utrum
552 3336 847 3416 imperare
869 3336 957 3400 sit
981 3340 1154 3399 actus·
1175 3338 1455 3401 rationis.
1496 3374 1577 3386 —
1611 3342 1771 3425 (1-2‚
1803 3358 2014 3429 quoest,
2042 3355 2140 3437 17,
2180 3303 2188 3311 ·

345 3436 348 3439 ’
520 3431 642 3489 art.
678 3428 747 3502 1;
781 3430 839 3509 et
866 3427 896 3486 1
921 3430 1119 3505 part„
1147 3432 1356 3507 quaest.
1392 3430 1451 3507 1,
1484 3435 1606 3505 art.
1638 3434 1699 3513 5,
1733 3437 1815 3499 ad
1834 3440 1925 3521 2).

285 3560 372 3621 Ad
402 3560 704 3617 secundum
731 3560 811 3617 sic
838 3558 1172 3634 proceditur.
1201 3561 1430 3621 Videtur
1464 3568 1611 3639 quo-d
1652 3570 1927 3645 imperare
1967 3575 2041 3633 sit
2068 3586 2227 3637 actus

218 3650 474 3707 rationis,
499 3650 638 3719 Quia
663 3647 1018 3721 Philosophus
1045 3648 1178 3710 dicit
1203 3666 1224 3707 1
1251 3650 1433 3713 Ethic.
1455 3655 1651 3715 :Ratio
1680 3666 1820 3717 recte
1846 3668 1897 3719 et
1926 3664 1999 3721 ad
2022 3668 2227 3738 optima

213 3738 558 3810 deprecatur,
591 3744 640 3795 et
673 3736 846 3793 obedit
874 3735 923 3793 ei
951 3735 1084 3809 quod
1111 3744 1187 3795 est
1211 3740 1548 3799 continentis.
1578 3743 1719 3815 Ergo
1744 3746 2015 3819 imperare
2042 3761 2099 3811 et
2126 3756 2227 3813 de-

213 3827 454 3903 precari,
488 3833 543 3883 et
567 3824 897 3897 hujusmodi,
925 3825 1179 3885 videntur
1209 3828 1276 3885 ad
1307 3830 1576 3889 rationem
1603 3819 1915 3905 pertinere·-

286 3914 398 3979 Sed
442 3920 651 3987 contra,
687 3914 960 3989 imperare
1006 3913 1078 3973 ad
1122 3914 1422 3977 dominium
1465 3920 1723 3993 pertinet.
1752 3924 1859 3985 Sed
1898 3942 2001 3991 noa
2042 3946 2231 3995 sumus
