2800 4492
702 352 790 395 κῃ
821 365 902 382 -
926 351 996 397 m
1035 341 1303 398 nonnum
1342 353 1421 398 on
1462 350 1789 399 'mim-run
2128 321 2256 402 115

247 459 592 518 definitivam
618 461 889 519 rationem
917 479 931 516 :
957 463 1054 518 sed
1079 464 1215 536 'quia
1255 464 1554 522 secundum
1602 463 1941 524 definitivam
1986 464 2258 522 rationem

244 564 358 606 nou
383 550 704 608 abstrahunt
727 567 762 608 a
799 550 1043 624 qualibet
1071 553 1324 620 materia,
1351 554 1449 610 sed
1476 553 1655 610 sotum
1701 570 1734 611 a
1775 551 2039 621 sensibili,
2067 562 2123 610 et
2162 563 2259 610 ‘re-‘-

245 639 412 695 motis
439 639 846 696 conditionibus
869 640 1238 710 sensibilibus,
1268 642 1448 698 adhuc
1478 645 1727 699 remanet
1750 641 1955 716 aliquid
1982 642 2258 714 imagina-

245 724 374 792 bile,
407 727 532 782 ideo
556 727 612 781 in
637 726 839 792 talibus
867 734 1084 799 oportet
1117 729 1263 801 quod
1286 729 1557 801 judicium
1581 736 1831 786 sumatur
1872 729 2173 786 secundum
2198 728 2256 784 id

245 814 392 886 quod
423 816 762 872 demonstrat
789 815 1465 889 imagineti03hujusmodi
1487 824 1673 875 autem
1689 825 1820 875 sunt
1843 816 2253 874 mathematica.
2358 811 2365 817 ”

243 901 308 957 Iu
349 902 754 958 mathematicis
786 902 933 958 enim
974 910 1192 977 oportet
1242 906 1610 977 cognitionem
1646 905 1944 962 secundum
1982 904 2253 976 judicium

245 989 528 1047 terminari
563 991 631 1046 ad
661 991 1126 1062 imaginationem,-
1153 1009 1261 1049 non
1297 993 1368 1050 ad
1409 994 1813 1066 sensum,·quia
1834 993 2101 1066 judicium
2131 1009 2256 1048 ma-

246 1077 606 1135 thematicum
632 1087 855 1152 superat
883 1081 1366 1153 apprehensionem
1390 1097 1584 1139 sensus
1615 1098 1629 1136 ε
1660 1082 1805 1138 unde
1846 1096 1953 1138 non
1995 1087 2081 1137 est
2109 1081 2254 1136 idem

240 1167 510 1238 judicium
534 1168 862 1242 quandoque
888 1169 958 1226 de
989 1169 1130 1226 linea
1158 1170 1567 1238 mathematica,
1596 1170 1741 1242 quod
1768 1175 1855 1226 est
1884 1170 1953 1225 do
1986 1167 2253 1238 sensibili,

246 1256 390 1314 sicut
431 1256 488 1310 in
521 1255 626 1313 hoc
667 1257 811 1330 quod
857 1256 1000 1314 linea
1030 1264 1179 1315 recta
1221 1259 1398 1330 tangit
1424 1261 1694 1331 sphaeram
1735 1257 1911 1314 solum
1952 1257 2255 1314 secundum

245 1349 526 1416 punctum,
554 1344 700 1416 quod
723 1346 982 1402 convenit
1014 1352 1180 1403 rectae
1209 1346 1368 1402 lineae
1393 1352 1685 1419 separatae,
1720 1361 1825 1401 non
1868 1354 2053 1402 autem
2081 1351 2249 1402 rectae

245 1430 406 1488 lineae
432 1431 488 1488 in
513 1433 763 1500 materia,
793 1441 853 1489 ut
877 1433 1015 1490 dicit
1038 1436 1091 1489 in
1119 1451 1140 1490 1
1166 1435 1246 1490 de
1258 1435 1475 1514 Anima.
1504 1433 1769 1503 Quaedam
1793 1449 1937 1489 vero⁷
1954 1440 2083 1490 sunt
2124 1448 2251 1505 quae

246 1521 517 1577 excedunt
535 1529 591 1576 et
620 1519 674 1576 id
698 1523 842 1594 quod
869 1522 1016 1578 cadit
1041 1523 1144 1577 sub
1167 1538 1348 1588 sensu,
1377 1530 1433 1578 et
1457 1523 1513 1578 id
1542 1523 1689 1596 quod
1718 1522 1871 1578 cadit
1906 1522 2009 1578 sub
2051 1521 2254 1593 imagi-

243 1609 487 1675 natione,
514 1610 657 1666 sicut
681 1609 774 1666 iila
817 1625 942 1684 quae
981 1612 1200 1667 omnino
1231 1627 1263 1667 a
1303 1611 1538 1668 materia
1575 1626 1685 1667 non
1722 1610 2032 1692 dependent
2073 1625 2252 1682 neque

245 1698 548 1753 secundum
565 1714 703 1766 esse,
736 1715 912 1771 neque
939 1700 1242 1756 secundum
1277 1699 1793 1766 considerationem,
1824 1707 1881 1754 et
1904 1697 2028 1754 ideo
2056 1697 2250 1754 talium

247 1786 488 1856 cognitio
515 1787 836 1843 secundum·
845 1788 1115 1859 judicium
1150 1804 1256 1844 non
1285 1788 1452 1844 debet
1480 1787 1761 1844 terminari
1800 1785 2254 1859 adimaginatio-

245 1890 394 1944 nem,
422 1891 595 1947 neque
615 1875 684 1931 ad
709 1889 948 1933 sensum.
967 1878 1073 1933 Sed
1095 1884 1272 1932 tamen
1305 1893 1370 1948 ex
1393 1877 1479 1934 his
1505 1892 1841 1950 quaesensu,
1866 1875 1950 1931 vei
1977 1876 2249 1947 imagina-

246 1964 396 2020 tione
423 1964 970 2036 oomprehenduntur,
998 1967 1050 2019 in
1076 1964 1270 2021 horum
1297 1965 1663 2036 cognitionem
1690 1963 2009 2020 devenimus
2040 1962 2126 2019 vei
2155 1979 2254 2036 per

243 2053 400 2109 viam
418 2051 777 2120 causalitatis,
799 2060 858 2108 ut
877 2069 1002 2108 cum
1021 2069 1087 2108 ex
1109 2053 1302 2109 effectu
1329 2068 1551 2109 causam
1572 2053 1970 2125 cognoscimus,
1988 2067 2114 2125 quae
2144 2067 2251 2108 non
2346 2079 2357 2089 ·

243 2150 334 2198 est
380 2142 593 2197 effectui
621 2150 1080 2209 commensurata,
1114 2143 1208 2197 sed
1234 2141 1506 2198 excellens
1536 2159 1551 2196 :
1580 2141 1665 2197 vel
1706 2158 1801 2212 per
1830 2156 2134 2207 excessum,
2161 2139 2251 2196 vei

243 2245 346 2303 per
369 2223 379 2230 “
400 2229 784 2296 remotionem,
837 2230 1054 2303 quando
1101 2229 1281 2286 omnia
1339 2246 1467 2302 quae
1523 2244 1744 2296 sensus,
1789 2229 1873 2284 vei
1928 2229 2249 2301 imaginatio

243 2316 626 2390 apprehendit,
659 2317 729 2373 ab
766 2317 1082 2388 hujusmodi
1107 2317 1269 2372 rebus
1309 2333 1631 2390 separamus
1662 2335 1675 2372 ε
1704 2333 1841 2390 quos
1883 2319 2075 2373 modos
2115 2331 2254 2388 cog-

244 2405 507 2461 noscendi
535 2405 718 2462 divina
749 2423 815 2460 ex
843 2405 1190 2462 sensibilibus
1216 2406 1371 2477 ponit
1402 2405 1713 2478 Dionysius,
1748 2406 1803 2460 in
1832 2405 1969 2460 libro
1997 2403 2065 2460 de
2106 2404 2255 2459 divi·

244 2494 335 2548 nis
352 2494 693 2549 Nominibus·
715 2495 803 2550 Uti
826 2510 960 2566 ergo
979 2509 1268 2566 possumus
1292 2494 1345 2546 in
1371 2493 1574 2548 divinis
1592 2508 1755 2548 sensu
1774 2499 1830 2547 et
1860 2491 2253 2562 imaginatione
2320 2558 2323 2560 v

244 2581 394 2660 sicut
418 2581 696 2653 principiis
719 2590 922 2637 nostrae
959 2581 1432 2646 considerationis„
1460 2581 1555 2636 sed
1585 2595 1695 2636 non
1722 2579 1865 2636 sicut
1900 2578 2167 2646 terminis,
2190 2584 2255 2635 ut

245 2669 462 2726 scilicet
499 2668 627 2725 talia
656 2670 965 2741 judicemus
1005 2685 1124 2725 esse
1165 2669 1370 2733 divina,
1402 2668 1585 2742 qualia
1622 2676 1750 2724 sunt
1795 2685 1920 2742 quae
1962 2683 2154 2726 sensus
2197 2675 2255 2725 et

246 2758 568 2828 imaginatio
614 2758 991 2829 apprehendit.
1025 2758 1230 2814 Deduci
1273 2763 1459 2814 autem
1500 2757 1569 2812 ad
1612 2757 1817 2830 aliquid
1868 2764 1954 2813 est
2000 2757 2068 2812 ad
2119 2756 2253 2813 illud

247 2846 533 2902 terminari
564 2863 577 2899 :
612 2853 666 2900 et
692 2847 812 2901 ideo
835 2847 888 2901 in
913 2846 1115 2902 divinis
1137 2863 1315 2919 neque
1341 2847 1411 2902 ad
1444 2861 1691 2913 sensum,
1726 2862 1923 2918 neque·
1945 2846 2015 2902 ad
2053 2845 2255 2918 imagi-

246 2937 528 2994 nationem
550 2934 810 2991 debemus
854 2936 1050 2992 deduci
1081 2953 1093 2990 ε
1124 2937 1177 2991 in
1211 2936 1613 2992 mathematicis
1659 2945 1843 2992 autem
1868 2936 1935 2990 ad
1977 2935 2255 3007 imagina-

245 3027 473 3090 tionem,
497 3032 552 3079 et
579 3041 680 3080 non
705 3023 774 3079 ad
801 3039 1046 3079 sensum:
1065 3026 1120 3080 in
1150 3025 1491 3080 naturalibus
1514 3033 1696 3080 autern
1724 3025 1891 3080 etiam
1917 3023 1985 3079 ad
2008 3039 2252 3079 sensum..

245 3115 316 3168 Et
344 3121 567 3185 propter
595 3111 698 3167 hoc
724 3118 954 3185 peccant
982 3113 1073 3185 qui
1112 3112 1452 3168 uniformiter
1481 3111 1535 3166 in
1575 3111 1749 3167 tribus
1776 3110 1862 3166 his
1894 3110 2251 3188 speculativas

244 3201 500 3274 partibus
520 3189 816 3272 procedere
839 3202 1105 3258 nituntur.

317 3288 402 3345 Ad
428 3289 659 3361 primum
684 3289 849 3360 igitur
877 3288 1347 3362 dicendum‚quod
1367 3293 1524 3347 sacra
1553 3288 1833 3362 Scriptura
1864 3304 1971 3344 non
2001 3289 2257 3362 proponit

243 3377 406 3434 nobis
428 3378 612 3432 divina
637 3377 740 3432 sub
771 3377 956 3448 figuris
985 3377 1349 3454 sensibilibus,
1383 3388 1445 3434 ut
1474 3378 1783 3434 intellectus
1804 3384 1995 3434 noster
2032 3378 2104 3433 ibi
2133 3394 2257 3434 ma·-

243 3472 396 3533 neat,
441 3465 539 3521 sed
578 3472 638 3519 ut
683 3465 753 3521 ab
795 3466 881 3521 his
929 3466 997 3522 ad
1047 3466 1341 3533 invisibilia
1380 3467 1645 3523 ascendat
1695 3484 1709 3521 ε
1759 3467 1912 3522 unde
1940 3467 2109 3524 etiam
2158 3481 2274 3539 per·

244 3554 437 3612 vilium
465 3568 646 3610 rerum
669 3554 870 3625 figuras
895 3555 1085 3621 tradit,
1109 3562 1170 3609 ut
1201 3555 1376 3610 minor
1400 3556 1707 3628 praebeatur
1732 3555 1788 3610 in
1813 3553 2014 3612 talibus
2038 3555 2255 3610 occasio

242 3643 585 3708 remanendi,
617 3651 680 3698 ut
704 3644 901 3716 Diony.
932 3659 975 3699 11
1001 3658 1052 3698 c.
1080 3641 1204 3700 coel.
1236 3644 1384 3698 Hier.

315 3731 735 3788 Ad-secundum
773 3731 1082 3794 dicendum,
1115 3731 1260 3802 quod
1302 3731 1610 3790 intellectus
1646 3731 1817 3788 nostri
1856 3730 2103 3802 operatio
2145 3743 2255 3784 non

237 3828 329 3877 est
359 3819 416 3875 in
461 3820 713 3890 praesenti
745 3826 892 3876 statu
931 3821 1048 3876 sine
1081 3821 1463 3894 phantasmate
1503 3828 1769 3894 qnantum
1813 3820 1882 3875 ad
1927 3818 2253 3890 principium

235 3906 612 3983 cognitionis3
653 3924 761 3968 non
813 3916 1000 3966 tamen
1044 3916 1262 3984 oportet
1300 3919 1372 3968 ut·
1400 3925 1616 3985 semper
1653 3916 1839 3966 nostra
1894 3907 2134 3982 cognitio
2179 3902 2252 3965 ad
