2800 4492
1436 466 1566 543 ΧΠ

522 639 1341 835 ,οΠΕεΤΙοΝΕε
1480 584 2460 790 QUODLIBETALES

932 1010 1631 1113 QUODLIBETUM
1697 1011 2076 1093 PRIMUM

1016 1240 1043 1275 ὁ

1252 1292 1652 1375 QUAESTIO
1697 1293 1754 1363 Ι.

570 1438 875 1511 Quaesitum
915 1444 1000 1494 est
1027 1435 1097 1493 de
1138 1435 1271 1503 Deo,
1323 1436 1532 1508 Angelo
1573 1442 1629 1492 et
1671 1432 1912 1492 homine.
1953 1434 2035 1491 De
2075 1434 2189 1492 Deo
2217 1436 2516 1511 quaesitum

498 1536 583 1586 est
628 1534 684 1584 et
730 1534 999 1603 quantum
1043 1525 1111 1583 ad
1155 1524 1398 1583 divinam
1445 1529 1700 1581 naturam
1728 1528 1786 1579 ot
1831 1533 2100 1598 quantum
2145 1524 2215 1583 ad
2257 1533 2518 1585 naturam

498 1618 796 1677 humanam
842 1622 1201 1687 assumptam.

1226 1772 1684 1835 ARTIOULUS
1723 1772 1778 1836 1.

568 1909 785 1973 Utrum
804 1907 1041 1972 Beatus
1064 1904 1432 1970 Benedictus
1453 1904 1682 1969 viderit
1707 1904 1980 1970 divinam
2005 1904 2339 1973 essentiam.
2367 1942 2452 1957 .-

580 2021 595 2033 ·
978 1996 1143 2078 (2-2,
1170 1998 1383 2076 quast.
1419 1994 1559 2070 190,
1587 1998 1711 2059 art.
1743 1995 1806 2071 5,
1837 1995 1919 2058 aa
1943 1996 2034 2076 3.)
2347 2024 2356 2033 .

571 2132 847 2201 Quantum
887 2130 957 2187 ad
1008 2129 1251 2187 divinam
1296 2134 1551 2187 naturam
1593 2127 1888 2201 quaesitum
1933 2134 2037 2197 est,
2084 2135 2270 2187 utrum
2311 2133 2520 2190 Beatus

499 2218 823 2277 Benedictus
859 2219 916 2276 in
954 2217 1163 2277 visione
1190 2232 1300 2291 qua
1338 2217 1478 2276 vidit
1508 2222 1686 2275 totum
1723 2216 2008 2286 mundum,
2049 2216 2292 2277 divinam
2321 2236 2519 2279 essen-

500 2309 636 2367 tiam
662 2306 885 2367 viderit.
2413 2318 2418 2323 “
2516 2364 2524 2370 .

569 2398 623 2453 4.
655 2396 723 2454 Et
755 2394 1147 2453 ostendebatur
1191 2393 1341 2469 quod
1376 2390 1478 2451 sic.
1508 2392 1655 2452 Dicit
1691 2392 1840 2449 enim
1872 2393 2190 2465 Gregorius,
2221 2412 2284 2455 ιν
2323 2398 2520 2455 Dialo-

499 2501 711 2559 gornm,
743 2485 813 2542 de
851 2485 957 2543 hac
996 2482 1206 2543 visione
1252 2476 1482 2558 loquens
1513 2498 1528 2540 ι
1571 2482 1789 2539 Animae
1831 2481 2035 2550 videnti
2073 2482 2244 2543 Deum
2285 2495 2521 2561 anqusta

498 2576 566 2646 fit
590 2574 761 2632 omnis
798 2580 1073 2631 creatura.
1110 2572 1220 2631 Sed
1246 2572 1436 2629 videre
1465 2572 1638 2628 Deum
1677 2576 1762 2627 est
1802 2570 1987 2628 videre
2033 2572 2278 2631 divinam
2323 2591 2520 2634 essen-

500 2664 655 2722 tiam.
684 2662 827 2733 Ergo
850 2664 1051 2719 Beatus
1076 2659 1402 2716 Benedictus
1423 2658 1564 2716 vidit
1587 2658 1830 2716 divinam
1852 2660 2166 2717 essentiam.

572 2756 626 2808 2.
670 2751 963 2816 Praeterea,
1014 2748 1217 2805 ibidem
1258 2746 1444 2803 subdit
1495 2746 1812 2819 Gregorius,
1863 2749 2010 2821 quod
2053 2755 2222 2807 totum
2256 2752 2518 2811 mundum

500 2837 641 2896 vidit
674 2836 737 2893 in
763 2835 943 2892 divino
978 2834 1196 2893 lumine.
1226 2835 1333 2892 Sed
1366 2850 1474 2892 non
1516 2840 1602 2891 ost
1643 2835 1792 2893 aliud
1823 2835 2006 2894 lumen
2045 2838 2134 2897 vel
2159 2840 2382 2898 claritas
2410 2843 2518 2899 Dei

503 2941 670 3002 quam
700 2926 819 2998 ipse
854 2926 1018 2994 Beue,
1052 2931 1115 2981 ut
1148 2924 1296 2981 idem
1337 2924 1639 2997 Gregorius
1679 2925 1834 2992 dicit,
1861 2930 1918 2981 et
1941 2924 2174 2984 habetur
2200 2928 2256 2985 in
2294 2929 2514 3000 Glossa,

503 3015 675 3074 Exod.
712 3030 929 3082 xxxm,
970 3028 1136 3088 super
1182 3012 1317 3070 illud
1350 3009 1522 3073 {Non
1566 3012 1762 3070 videbit
1786 3028 1866 3070 me
1907 3012 2056 3073 homo
2095 3022 2146 3073 et
2171 3017 2333 3075 vivet.
2370 3019 2518 3091 Ergo

503 3105 701 3163 Beatus
726 3104 1053 3161 Benedictus
1080 3101 1221 3159 vidit
1242 3103 1418 3160 Deum
1448 3118 1543 3175 per
1567 3102 1882 3159 essentiam.

524 3191 531 3198 '
571 3193 679 3250 Sed
719 3198 909 3250 contra
950 3199 1036 3249 est
1081 3191 1229 3264 quod
1276 3189 1478 3247 dicitur
1517 3191 1673 3247 Joan.
1725 3206 1765 3257 ι,
1798 3191 1866 3246 48
1910 3191 2126 3249 :Nemo
2167 3193 2336 3252 Deum
2375 3195 2520 3257 vidit

500 3295 766 3353 unquam3
808 3279 901 3335 ubi
945 3279 1079 3335 dicit
1122 3278 1337 3347 Glossa‚
1370 3277 1520 3352 quod
1546 3276 1726 3335 nullus
1753 3276 1814 3333 in
1849 3278 2071 3338 mortali
2116 3298 2278 3341 earne
2311 3283 2516 3353 vivens,

501 3368 606 3426 Dei
632 3367 907 3429 essentium
933 3366 1114 3423 videre
1135 3372 1325 3439 potest.

570 3455 892 3530 Respondeo
933 3454 1245 3523 dicendum,
1277 3452 1428 3529 quod
1463 3466 1656 3527 eorpus
1695 3454 2046 3529 corruptibile
2086 3466 2350 3533 ayqravat
2385 3461 2519 3521 ani-

500 3562 664 3612 mam,
708 3550 771 3600 ut
810 3541 1012 3600 dicitur
1038 3542 1283 3617 Sapient.
1322 3557 1409 3613 lx,
1440 3543 1530 3599 45.
1573 3543 1800 3602 Summa
1827 3550 2014 3603 autem
2037 3546 2274 3608 elevatio
2315 3552 2520 3611 mentis

501 3638 755 3695 humanae
780 3638 867 3693 est
894 3640 957 3692 ut
992 3635 1064 3693 ad
1100 3634 1346 3715 divinam
1382 3633 1678 3692 essentiam
1703 3634 1998 3695 videndam
2031 3640 2330 3713 pertingat.
2359 3641 2520 3701 Unde

500 3723 838 3799 impossibile
865 3728 951 3781 est
986 3728 1051 3780 ut
1090 3738 1246 3781 mens
1270 3722 1510 3781 humana
1536 3724 1753 3799 corpori
1777 3725 1936 3785 unita
1973 3726 2076 3785 Dei
2102 3730 2399 3789 essentiam
2427 3730 2522 3791 vi-

502 3815 650 3883 deat,
676 3819 739 3872 ut
762 3812 1102 3886 Augustinus
1136 3812 1293 3881 dicit,
1324 3825 1415 3871 xu
1441 3828 1612 3887 super
1625 3813 1827 3873 Genes.
1865 3815 1937 3875 ad
1969 3814 2232 3887 litteram,
2259 3818 2366 3877 nisi
2389 3820 2523 3879 huic

502 3903 636 3965 vitae
657 3902 876 3963 mortali
899 3901 1143 3963 funditus
1176 3902 1343 3959 homo
1364 3902 1622 3973 intereat,
1662 3904 1759 3965 vel'
1788 3905 1872 3962 sio
1892 3905 2161 3965 alienetur
2187 3922 2220 3967 a
2245 3908 2518 3981 sensibus,
