2800 4492
128 11 388 125 -
413 55 426 74 ο

267 128 277 141 Ι

211 193 222 202 0

723 347 868 398 2111.
899 361 982 377 -
1009 346 1449 398 ouosusnruu.
1482 347 1763 398 ren-rium
2130 338 2260 404 213

219 467 446 541 eligere
470 469 687 540 septem
710 464 970 524 diaconos
993 471 1215 538 propter
1241 478 1409 524 unum
1426 465 1731 534 Nicolaum,
1758 467 1855 543 qui
1876 485 1945 526 ex
1952 469 2047 527 eis
2072 473 2254 546 periit.

217 557 410 614 Multo
446 570 582 628 ergo
607 556 788 612 minus
815 553 1054 626 religiosi
1092 553 1292 612 debent
1326 557 1748 628 praetermittere
1774 558 2067 657 multorum
2106 556 2259 618 salu-

227 655 348 704 tem
371 652 608 719 propter
632 657 835 718 paucos
864 644 956 716 qui
987 648 1299 715 apostatare
1331 644 1702 702 inveniuntur.

303 735 396 793 Ad
429 741 650 792 sextum
677 732 989 799 dicendum,
1017 731 1162 810 quod
1195 731 1271 787 illi
1299 733 1394 805 qui
1425 731 1651 805 obligati
1670 735 1981 806 Juramento
2008 737 2091 796 vel
2128 749 2256 798 voto

231 823 568 896 religionem
595 823 820 899 intrant,
849 811 954 880 non
982 820 1188 886 iaciunt
1216 821 1857 893 contra.prohibitionem
1884 825 2163 896 Ecclesiae‚
2199 840 2259 889 ut

237 919 531 970 ostensum
558 919 676 978 e·st;
705 911 848 968 unde
884 925 951 966 ex
985 909 1088 968 hoc
1120 909 1267 985 quod
1296 907 1527 978 intrant,
1556 927 1664 968 non
1698 912 2009 972 efficiuntur
2033 917 2127 974 lilii
2158 935 2257 991 ge·-

239 1000 460 1067 hennae,
487 999 586 1056 sed
618 999 712 1056 iilii
741 1000 870 1056 vitoe
891 1007 1133 1066 aeternae,
1162 1014 1326 1072 quum
1351 999 1617 1058 Dominus
1646 1001 1918 1074 promittit
1944 1005 2137 1063 Matth.
2171 1024 2257 1079 lx,

243 1089 686 1163 relinquentibus
709 1087 1028 1161 temporalia
1054 1096 1274 1160 propter
1299 1088 1479 1160 ipsum
1504 1105 1518 1144 ι
1546 1089 1642 1146 sed
1666 1107 1735 1146 ex
1762 1090 1865 1166 boc
1887 1093 2037 1168 quod
2058 1105 2260 1154 exeunt

246 1177 824 1255 post‘professionem,
855 1177 1164 1235 efficiuntur
1197 1167 1462 1248 geliennae
1495 1177 1611 1234 filii.
1640 1179 1743 1235 Sed
1780 1178 1883 1236 boc
1916 1196 2021 1237 non
2052 1187 2259 1257 praeju-

247 1268 397 1324 dicat
426 1265 819 1339 recipientibus
845 1275 964 1332 coe,
992 1267 1094 1324 nisi
1126 1276 1318 1322 eorum
1360 1265 1521 1324 malis
1548 1267 1948 1340 exemplissint
1978 1276 2255 1344 perversi,
2242 1293 2255 1306 ·

244 1357 392 1412 unde
414 1356 698 1428 signanter
728 1354 988 1412 Dominus
1025 1352 1201 1411 dicit:
1233 1353 1444 1412 Facitis
1480 1371 1597 1412 eum
1631 1354 1803 1426 filium
1829 1357 2084 1430 yelienme
2096 1357 2257 1436 duplo

252 1461 404 1518 quam
447 1461 580 1501 vos.-
612 1443 760 1517 quia,
803 1451 866 1502 ut
907 1443 1329 1543 chrysostomus
1372 1443 1527 1511 dicit,
1569 1444 1831 1502 malorum
1871 1437 2281 1520 moqistrorum'

251 1541 564 1607 provocatus
591 1531 846 1606 exemplo
873 1531 1032 1603 fiebat
1054 1530 1210 1603 pejm·
1223 1531 1529 1604 vnayistris.
1568 1541 1573 1546 ·
2228 1577 2231 1582 .

319 1622 403 1680 Ad
452 1623 750 1695 septimum
797 1621 1108 1688 dicendum,
1141 1620 1288 1693 quod
1336 1620 1479 1679 ratio
1524 1621 1617 1678 illa
1653 1623 1797 1696 sapit
1836 1625 2255 1688 Manichaeorum

251 1711 524 1786 haeresim,
553 1710 808 1784 quilleno
837 1708 1102 1767 rationem
1133 1709 1202 1766 ad
1231 1709 1368 1766 dues
1391 1725 1650 1768 erroneas
1675 1712 2053 1772 conclusiones
2076 1719 2259 1780 addu-

256 1809 400 1859 cunt.
428 1800 610 1860 Primo
639 1799 861 1872 quidem
884 1798 954 1858 ad
983 1797 1084 1855 hoc
1113 1798 1258 1870 quod
1281 1798 1465 1857 omnia
1494 1814 1723 1872 corpora
1746 1805 2123 1876 corruptibilia
2152 1826 2255 1867 non

257 1898 376 1948 sunt
402 1889 603 1948 aDeo'.
631 1888 689 1946 Si
718 1888 884 1954 enim,
911 1887 1190 1960 inquiunt,
1219 1903 1250 1944 a
1281 1887 1396 1944 Deo
1434 1895 1637 1955 essent,
1669 1903 1773 1946 non
1803 1891 2255 1954 dissolverentur,

256 1977 500 2038 Secundo
529 1976 600 2036 ad
639 1976 742 2034 hoc
769 1976 916 2050 quod
945 1977 1148 2036 caritas
1175 1974 1342 2034 semel
1382 1975 1587 2045 habita,
1617 1986 1893 2052 nunquam
1930 1973 2254 2055 ominatum

256 2067 328 2124 ita
382 2066 540 2139 quod·
579 2065 673 2140 qui
719 2071 912 2138 peccet
959 2063 1294 2130 mortemer,
1345 2079 1622 2137 nunquam
1665 2069 1898 2138 gratiam
1942 2070 2152 2130 babuit.
2200 2074 2258 2131 Si

255 2156 415 2222 enim,
473 2153 745 2227 inquiunt,
777 2152 1012 2224 gratiam
1041 2151 1337 2217 habuisset.
1345 2153 1474 2212 ‘hoc
1517 2154 1710 2213 fuisset
1736 2172 1875 2230 opus
1911 2160 2028 2228 Dei,
2076 2170 2133 2218 et
2178 2163 2257 2221 itu

257 2244 577 2303 dissolutum
608 2257 715 2302 non
741 2241 961 2310 fuisset;
985 2241 1129 2315 quod
1159 2240 1326 2298 etiam
1355 2240 1475 2300 haec
1503 2244 1645 2300 ratio
1672 2245 1927 2315 intendit,
1956 2257 2016 2305 ut
2045 2252 2258 2308 scilieet

257 2335 300 2392 si
325 2333 528 2406 aliquis
563 2347 697 2390 non
709 2339 1022 2403 perseverat
1061 2331 1112 2386 in
1163 2330 1445 2402 religione,
1477 2332 1623 2403 quod
1665 2337 2007 2407 propositum
2049 2338 2153 2396 de
2167 2341 2258 2397 in-

259 2422 452 2481 trando
477 2420 794 2492 religionem
819 2433 850 2477 a
875 2419 989 2478 Deo
1021 2432 1127 2475 non
1156 2414 1340 2476 fuerit.
2232 2447 2236 2452 -

319 2511 418 2568 Est
446 2525 578 2581 ergo
601 2507 904 2573 sciendum,
937 2506 1082 2580 qued
1123 2505 1290 2564 verba
1320 2506 1413 2566 illa
1451 2522 1558 2564 non
1582 2507 1837 2567 dicuntur
1860 2513 1930 2570 ad
1959 2518 2257 2575 ostenden-

257 2600 382 2658 dum
411 2599 558 2673 quod
601 2595 692 2652 illa
735 2613 858 2668 quae
886 2602 1012 2652 sunt
1037 2611 1069 2651 a
1115 2595 1288 2660 Deo,
1275 2601 1329 2649 ιιι·
1372 2594 1708 2669 perpetuum
1738 2605 2025 2672 maneant,
2044 2614 2099 2662 et
2126 2622 2255 2665 001·-

259 2688 434 2762 rumpi
463 2702 572 2744 non
613 2684 855 2758 possint3
886 2683 982 2742 sed
1025 2682 1094 2742 ad
1135 2683 1537 2742 ostendendum
1580 2685 2023 2749 infallibilitatem
2052 2687 2253 2755 divinae

258 2777 648 2853 providentiae3
674 2789 780 2830 non
826 2774 974 2836 enim
1012 2778 1194 2846 potest
1235 2789 1354 2830 esse
1382 2781 1445 2831 ut
1488 2773 1589 2834 Dei
1618 2778 1965 2849 providentia
1999 2782 2251 2857 fallatur-3

258 2867 398 2926 unde
424 2865 708 2937 signanter
744 2878 848 2920 non
890 2861 1026 2918 dicit
1053 2876 1190 2934 opus
1234 2862 1332 2919 Dei
1361 2877 1483 2919 esse
1518 2863 1911 2937 indissolubile,
1940 2872 2037 2930 sed
2070 2877 2256 2933 consi-

253 2956 405 3017 lium.
437 2951 748 3012 Secundum
771 2965 902 3022 ergo
931 2950 1172 3008 divinum
1199 2951 1601 3022 providentiam
1622 2954 1947 3026 quibusdam
1970 2961 2131 3019 datur
2154 2963 2259 3020 do·-

253 3059 381 3102 .num
401 3042 600 3116 gratiae
619 3040 686 3098 ad
712 3045 1040 3112 praesentem
1052 3039 1344 3112 justitiam,
1368 3046 1426 3096 et
1449 3047 1630 3098 tamen
1651 3058 1757 3099 non
1776 3045 1939 3103 datur
1956 3051 2036 3105 eis
2056 3051 2256 3108 donum

262 3129 714 3204 perseverantiae;
743 3126 1072 3200 quibusdam
1119 3135 1303 3186 autem
1338 3127 1529 3188 datum
1575 3129 1743 3188 etiam
1765 3132 1967 3190 donum
2002 3139 2250 3208 perseve-

264 3221 470 3288 rantiae,
501 3224 560 3276 ut
590 3223 741 3290 patet
779 3232 872 3294 per
903 3215 1268 3287 Augustinum
1297 3216 1352 3274 in
1383 3215 1477 3274 lib.
1528 3217 1597 3275 de
1636 3219 1783 3278 Bono
1810 3228 2253 3296 perseveranvoe.

818 3410 825 3416 ·
932 3395 1379 3459 ARTICULUS
1438 3397 1603 3462 ΧΠ.

277 3535 489 3604 Utrum
525 3534 636 3618 qui
665 3531 921 3616 obliqati
946 3537 1090 3595 sunt
1119 3537 1252 3596 voto
1293 3533 1386 3598 vel
1412 3531 1761 3612 juo-amento
1798 3541 1881 3604 ad
1913 3537 2265 3609 intrandum

251 3660 289 3685 .·
340 3625 711 3708 reliyz‘onem,
757 3639 878 3686 non
921 3627 1236 3693 teneantur
1279 3622 1533 3687 intrusam
1580 3660 1659 3674 -
1701 3628 1861 3710 (2-2,
1904 3637 2116 3712 quaest.
2158 3623 2259 3709 88,

248 3799 252 3806 ¹
341 3720 462 3780 art.
491 3715 554 3790 3,
589 3713 762 3788 ad2,
781 3715 837 3774 et
863 3714 1073 3792 qvcaesb.
1105 3711 1240 3786 189,
1270 3715 1392 3778 art.
1424 3713 1553 3794 1).

329 3849 412 3908 Ad
440 3845 752 3912 secundum
787 3845 868 3901 sic
896 3807 1230 3924 proceditur.
1261 3845 1312 3901 4.
1345 3844 1573 3904 Videtur
1603 3847 1748 3919 quod
1797 3848 1875 3906 illi
1903 3852 1996 3924 qui
2029 3849 2264 3929 ‘obligati

267 3944 390 3997 sunt
419 3943 552 3995 voto
582 3933 665 3991 vel
694 3934 1007 4007 juramento
1036 3932 1105 3989 ad
1136 3933 1451 3990 intrandum
1479 3934 1814 4007 religionem,
1842 3953 1946 3997 non
1979 3949 2267 4005 teneantur
