2800 4492
523 347 644 410 226
1005 365 1059 410 s.
1103 364 1336 410 'meme
1375 363 1702 416 Aoum-rm
1742 363 2059 410 causeum

523 497 698 538 servos
726 485 922 536 vestros
957 486 1181 553 propter
1225 482 1433 548 Jesum5
1460 481 1606 556 quod
1652 481 1889 554 pertinet
1925 481 1995 537 ad
2026 479 2325 552 Episcopos
2356 495 2370 534 ε
2405 476 2577 534 reli--

525 569 664 642 giosi
707 570 893 636 etiam,
947 571 1090 626 servi
1137 570 1221 626 vel
1269 570 1458 627 famuli
1506 571 1874 637 nominantur,
1924 575 1987 625 ut
2031 568 2181 624 dicit.
2214 567 2539 642 DionysiuS,

525 673 584 713 vr
608 673 732 731 cap.
763 658 897 715 eccl.
931 659 1144 715 Hierar.
1186 645 1252 714 Et
1281 661 1402 716 ideo
1431 669 1543 716 tam
1573 660 1811 732 religiosi
1842 675 2006 732 quam
2039 656 2294 730 Episcopi
2319 669 2452 712 sunt
2486 656 2539 710 in

527 754 676 803 statu
719 747 1099 820 perfectionis;
1140 749 1282 804 unde
1322 756 1378 804 et
1422 750 1667 822 utrisque
1712 750 1764 804 in
1813 745 2182 819 assumptione
2226 743 2541 816 hujusmodi

510 839 706 892 ‘status
748 836 1005 908 solemnis
1045 836 1352 894 benedictio
1403 837 1711 903 adhibetur,
1744 845 1805 892 ut
1853 843 2003 908 patet
2051 851 2145 906 per
2190 835 2536 908 Dionysium,

529 940 590 980 iv
647 931 702 979 et
759 941 820 982 vr
871 941 994 999 cap.
1045 925 1180 982 eccl.
1239 927 1449 981 Hierar.
1496 925 1875 982 Archidiaconi
1934 929 2119 980 autem
2187 922 2273 978 vel
2322 921 2541 994 plebani

529 1029 638 1070 non
676 1013 916 1086 obligant
954 1024 1082 1072 voto
1123 1022 1294 1070 totam
1322 1015 1493 1070 vitam
1524 1029 1679 1070 suam
1708 1012 1775 1070 ad
1810 1012 1863 1068 id
1894 1013 2039 1085 quod
2070 1027 2201 1067 cura
2232 1012 2417 1082 gregis
2449 1026 2541 1064 re-

531 1103 730 1176 quirit;
759 1092 902 1158 unde
929 1119 1032 1160 nec
1057 1103 1111 1158 in
1141 1119 1328 1159 eorum
1357 1103 1700 1158 institutione
1728 1101 1911 1174 aliqua
1940 1102 2019 1156 eis
2044 1099 2355 1156 benedictio
2380 1099 2543 1154 adhi-

532 1192 692 1248 betur
728 1209 852 1265 quae
877 1192 1158 1248 exhibetur
1195 1191 1475 1247 monachis
1507 1200 1725 1264 propter
1753 1190 2139 1263 perfectionem
2177 1194 2539 1260 assumptam,

533 1287 595 1335 ut
621 1281 822 1336 dicitur
861 1297 919 1336 vt
949 1297 1070 1354 cap.
1104 1281 1236 1336 eccl.
1278 1281 1491 1336 Hierar.
1522 1281 1589 1336 Et
1619 1279 1740 1334 ideo
1776 1295 1842 1333 ex
1873 1278 1973 1333 hoc
2000 1276 2147 1351 quod
2174 1276 2543 1332 committitur

533 1367 614 1422 eis
653 1383 784 1423 cura
815 1367 1085 1439 parochiae
1122 1368 1206 1423 vel
1237 1367 1730 1433 archidiaconatus„
1770 1365 2177 1421 constituuntur
2220 1363 2447 1436 quidem
2487 1362 2543 1416 in

535 1455 718 1529 aliquo
739 1455 934 1524 officio,
959 1472 1064 1512 non
1091 1462 1276 1513 autem
1299 1462 1649 1512 assumuntur
1671 1455 1736 1510 ad
1758 1461 1964 1510 statum
1989 1452 2370 1523 perfectionis3
2402 1450 2545 1506 alio-

535 1545 668 1618 quin
709 1553 910 1601 essent
937 1553 1205 1617 apostatae
1247 1544 1575 1601 dimittendo
1612 1542 1916 1615 parochias,
1962 1539 2395 1614 etpraebendas-
2424 1540 2576 1595 sine·-

511 1649 666 1689 -,cura
705 1633 759 1688 in
797 1633 1056 1702 Ecclesiis
1082 1631 1489 1689 cathedralibus
1516 1630 1854 1704 accipiendo.
1894 1631 2087 1686 Nullus
2132 1630 2275 1686 enim
2320 1643 2351 1685 a
2392 1635 2573 1685 statu·

536 1721 884 1792 perfectionis
919 1722 1200 1777 discedere
1237 1727 1421 1793 posset
1450 1721 1552 1776 nisi
1583 1707 1885 1776 mortaliter
1929 1721 2203 1792 peccando
2230 1726 2287 1774 et
2316 1729 2545 1791 aposta-

540 1809 722 1865 tando.
765 1809 832 1863 Et
871 1809 994 1864 inde
1031 1817 1114 1864 est
1149 1809 1292 1880 quod
1323 1809 1615 1881 Dionysius
1648 1810 1704 1864 in
1733 1809 1865 1865 eccl.
1900 1811 2112 1865 Hierar.
2152 1807 2545 1880 perfectionem

463 1971 469 1976 .
540 1896 790 1953 attribuit
831 1896 960 1958 solis
996 1896 1280 1969 Episcopis
1321 1898 1488 1969 quasi·
1510 1897 1942 1968 perfectioribus,
1976 1906 2031 1954 et
2077 1896 2355 1952 monachis
2385 1897 2547 1967 quasi

541 1983 820 2055 perfectis;
860 1983 1310 2041 illuminationem
1347 2000 1476 2040 vero
1524 1985 1775 2041 attribuit
1804 1986 2137 2058 preshyteris
2170 1991 2432 2056 tanquam
2470 1983 2570 2037 il·-

529 2071 956 2128 iuminatoribus
1015 2088 1110 2145 per
1149 2080 1619 2130 sacramentorum
1676 2074 2225 2138 administrationem,
2276 2082 2332 2128 et
2384 2087 2547 2127 sacro

541 2160 753 2233 populov
775 2167 1034 2233 tanquam
1060 2160 1459 2230 illuminandis;
1488 2162 1863 2234 purgationem
1892 2177 2021 2219 vero
2058 2161 2379 2217 diaconibus
2417 2166 2548 2216 tan·-

541 2264 704 2321 quam
742 2249 1142 2321 purgatoribuS,
1185 2257 1240 2306 et
1264 2251 1442 2307 ordini
1479 2250 1880 2306 immundorum
1914 2257 2174 2321 tanquam
2225 2248 2545 2321 purgandis,

609 2339 691 2394 Ad
733 2339 968 2411 primum
1010 2356 1140 2412 ergo
1179 2339 1487 2407 dicendum,
1521 2339 1665 2412 quod
1698 2339 1766 2395 ad
1797 2355 1985 2394 omnes
2017 2338 2141 2394 illas
2166 2336 2545 2410 Chrysostomi

541 2429 894 2484 auctoritates
925 2429 1161 2484 breviter
1183 2429 1499 2501 responderi
1530 2435 1729 2495 posset,
1770 2428 1916 2500 quod
1946 2442 2050 2483 non
2081 2427 2321 2500 loquitur
2358 2425 2427 2482 de
2449 2442 2549 2482 sa-

435 2541 461 2551 -
541 2517 762 2574 cerdote
791 2517 1107 2590 parochiali,
1145 2519 1238 2573 sed
1273 2519 1339 2573 de
1377 2517 1663 2588 Episcop0‚
1697 2517 1789 2589 qui
1830 2517 2263 2572 antonomastice
2290 2515 2549 2572 sacerdos

542 2607 762 2674 dicitur,
792 2608 947 2679 quasi
975 2622 1219 2662 summus
1243 2606 1498 2662 sacerdos
1524 2623 1537 2658 z
1563 2615 1617 2661 et
1648 2605 1735 2660 liic
1760 2605 1951 2660 modus
1982 2604 2233 2676 loquendi
2264 2611 2347 2658 est
2371 2604 2549 2676 pluri-

541 2709 690 2768 mum
723 2701 1036 2760 consuetus,
1068 2702 1126 2748 ut
1153 2694 1468 2750 sacerdotes
1499 2693 1751 2768 Episcopi
1782 2695 2149 2749 nominentur.
2189 2693 2267 2762 Et
2282 2693 2396 2749 haec
2427 2709 2550 2747 res-

542 2781 730 2852 pensio
769 2781 985 2836 videtur
1029 2797 1324 2852 congruere
1367 2782 1664 2838 secundum
1708 2784 2065 2839 intentionem
2102 2782 2299 2854 operis,
2344 2783 2395 2835 in
2436 2799 2549 2853 quo

542 2870 960 2942 chrysostomus
999 2869 1254 2926 Basilium
1291 2870 1604 2932 consolatur
1642 2873 1711 2928 de
1761 2889 1860 2928 sua
1899 2872 2269 2944 promotione;
2313 2881 2550 2943 uterque

541 2959 688 3014 enim
728 2967 848 3016 erat
893 2959 943 3014 in
974 2959 1298 3032 Episcopum
1327 2959 1553 3018 electus.
1581 2961 1653 3017 Ut
1679 2969 1858 3018 tamen
1892 2960 2296 3033 particulariter
2324 2959 2579 3016 ausin-1

542 3046 668 3118 gula
696 3049 1121 3120 respondeamus
1159 3065 1167 3080 ¹

612 3136 694 3192 Ad
735 3138 968 3208 primum
1005 3138 1313 3213 dicendum,
1351 3137 1497 3211 quod
1534 3139 1581 3194 si
1618 3137 1743 3212 quis
1770 3137 2081 3194 consideret
2107 3137 2397 3193 verborum
2433 3134 2549 3192 cir-

543 3227 947 3290 cumstantiam,
995 3225 1124 3280 nihil
1160 3226 1226 3282 ad
1271 3228 1607 3298 propositum
1656 3228 1891 3294 faciunt;
1922 3227 2211 3299 praemittit
2239 3228 2381 3280 enirn
2429 3242 2444 3280 :
2488 3225 2551 3280 St

542 3311 626 3366 illi
665 3313 757 3382 qui
791 3312 851 3368 in
884 3314 1096 3368 secretis
1123 3314 1707 3379 habitanssmultorum
1752 3315 2078 3370 sermonibus
2105 3331 2211 3370 non
2242 3321 2548 3378 moventur,

543 3399 706 3470 diyna
731 3400 937 3470 quidem
963 3402 1114 3456 laude
1142 3409 1216 3459 est
1236 3404 1527 3474 patientia,
1553 3421 1659 3459 non
1694 3409 1868 3460 tumen
1896 3403 2143 3459 idoneum
2174 3409 2551 3474 aryumentum

540 3489 784 3554 virtutis,
808 3505 924 3545 cum
950 3504 1070 3544 vero
1088 3489 1348 3561 fueritin
1368 3491 1556 3548 mediis
1582 3493 1845 3562 fluctibus,
1872 3499 1923 3548 et
1950 3492 2013 3548 de
2034 3499 2335 3564 tempestate
2360 3508 2550 3564 izaeem

540 3578 771 3634 liberare
794 3578 1053 3650 potuerit,
1087 3586 1211 3635 tunc
1232 3580 1425 3637 merito
1451 3581 1807 3638 testimonium
1825 3581 2055 3653 perfecti
2079 3580 2460 3652 yubernatort‘s
2482 3580 2550 3634 ab

540 3666 779 3722 omnibus
801 3674 1168 3739 promeretur-3
1198 3677 1254 3725 et
1284 3676 1413 3725 tunc
1443 3669 1719 3726 concludit
1761 3687 1774 3724 ε
1810 3671 1903 3726 Ita
1933 3687 2058 3742 erqo
2080 3677 2131 3725 et
2172 3685 2313 3724 ’tunc
2335 3667 2473 3723 mihi
2501 3669 2555 3724 si
2626 3709 2635 3716 .

540 3757 697 3812 talem
731 3756 958 3829 aliquem
985 3757 1215 3812 adducas
1249 3759 1575 3824 monachum,
1606 3757 1799 3830 qitalis,
1836 3765 1899 3814 ut
1934 3757 2217 3814 secundum
2254 3773 2555 3829 παρθενη-

541 3842 736 3900 tionem
759 3843 952 3910 dicam,
993 3846 1148 3902 Elias
1179 3845 1308 3916 luit,
1336 3852 1515 3902 tamen
1546 3845 1797 3918 quamdiu
1830 3847 1969 3903 solus
1994 3854 2089 3911 est,
2116 3847 2166 3901 si
2192 3862 2299 3901 non
2322 3852 2556 3918 pertur-

542 3930 742 3999 batum-
769 3950 930 4008 neque
960 3935 1202 4008 praviter
1222 3940 1423 4007 peccat,
1462 3935 1652 4008 quippe
1693 3935 1783 4008 qui
1816 3951 1925 3992 non
1958 3934 2109 3992 habet
2138 3934 2326 4007 quibus
2351 3934 2583 3991 sumu--
