2800 4492
456 266 544 332 94
933 283 987 330 e.
1032 283 1265 328 'raonem
1306 281 1633 334 sommus
1674 281 2013 328 orusouu:

459 397 818 466 intellectum,
850 413 884 456 a
910 414 1022 472 qua
1049 413 1164 456 suae
1187 399 1441 456 essen'tiae
1467 398 1610 455 ratio
1637 398 1929 471 dependet.
1946 398 2103 456 Unde
2126 413 2253 456 cum
2281 399 2475 456 omnia

459 477 764 545 accidentia
793 495 1178 560 comparentur
1205 489 1273 546 ad
1298 488 1663 545 substantiam
1686 487 1829 544 sicut
1853 487 2028 545 forma
2057 488 2126 544 ad
2154 489 2465 556 materiam,

459 585 515 632 et
542 575 832 648 cujuslibet
861 577 1162 634 accidentis
1185 577 1326 634 ratio
1358 577 1664 650 dependeat
1691 591 1724 633 a
1765 575 2093 640 substantia,
2128 576 2471 650 impossibile

461 670 545 724 est
575 664 814 737 aliquam
854 664 1017 720 talem
1045 665 1275 721 formam
1317 681 1348 721 a
1379 664 1687 720 substantia
1725 663 1991 734 separari,
2018 663 2114 720 sed
2156 663 2469 720 accidentia

462 749 758 808 adveniunt
803 751 1125 808 substantiae
1183 751 1424 825 quodam
1463 750 1675 806 ordine.
1717 750 1857 806 Nam
1910 750 2085 820 primo
2140 748 2365 805 advenit
2416 750 2469 805 ei

463 840 760 912 quantitas,
813 839 1011 914 deinde
1056 839 1313 912 qualitas,
1360 839 1559 894 deinde
1614 839 1893 911 passiones
1944 845 2001 894 et
2054 843 2257 893 motus.
2314 837 2470 894 Unde

463 914 742 1000 quanti-tas
769 934 948 1001 potest
972 928 1202 1000 intelligi
1239 930 1295 986 in
1331 927 1642 984 substantia
1667 934 1965 999 antequam
2007 925 2386 998 intelligantur
2410 927 2467 982 in

464 1031 528 1074 ea
556 1015 851 1088 qualitates
884 1003 1188 1086 sensibiles,
1221 1032 1253 1073 a
1299 1017 1499 1090 quibus
1541 1015 1744 1071 dicitur
1782 1014 2013 1072 materia
2060 1014 2337 1072 sensibilis
2368 1032 2381 1070 z
2411 1022 2468 1072 et

463 1103 544 1160 sic
563 1104 864 1162 secundum
892 1106 1166 1162 rationem
1188 1121 1302 1162 suae
1329 1103 1654 1162 substantiae
1684 1117 1791 1160 non
1824 1103 2096 1184 dependet
2126 1103 2412 1175 quantitas
2436 1117 2471 1158 a

463 1192 697 1256 materia
721 1193 983 1261 sensibili,
999 1194 1096 1249 sed
1124 1191 1449 1266 intelligibili
1480 1198 1713 1250 tantum.
1730 1191 2047 1250 Substantia
2072 1191 2217 1247 enim
2242 1192 2477 1248 remotis

465 1278 835 1338 accidentibus
850 1295 957 1334 non
985 1285 1230 1336 remanet
1256 1280 1357 1335 nisi
1381 1280 1661 1336 intellectu
1688 1277 2211 1351 comprehensibilis,
2229 1293 2295 1334 eo
2320 1277 2469 1350 quod

465 1364 750 1426 sensibiles
773 1366 1035 1438 potentiae
1059 1381 1170 1422 non
1207 1367 1523 1440 pertingunt
1556 1380 1731 1438 usque
1760 1364 1830 1422 ad
1858 1364 2184 1421 substantias
2210 1379 2471 1436 compre-

466 1453 799 1513 hensionem.
827 1455 897 1512 Bt
942 1455 1010 1512 de
1057 1455 1140 1511 his
1185 1455 1481 1512 abstractis
1523 1461 1608 1510 est
1654 1454 1951 1510 mathema.
1978 1469 2104 1526 quae
2154 1453 2470 1512 considerat

465 1544 823 1616 quantitateS‚
851 1552 908 1601 et
949 1559 1016 1601 ea
1043 1560 1168 1618 quae
1208 1547 1548 1617 quantitates
1590 1549 2013 1616 consequuntur,
2047 1551 2108 1599 ut
2132 1543 2383 1614 figuram,
2412 1551 2471 1600 et

466 1630 794 1702 hujusmodi.
847 1634 1046 1689 Totum
1091 1632 1260 1688 etiam
1309 1647 1417 1688 non
1464 1647 1499 1688 a
1544 1631 1871 1704 quibusdam
1924 1630 2173 1703 partibus
2222 1631 2471 1690 abstrahi

468 1725 665 1790 potest.
694 1721 830 1778 Sunt
859 1721 1002 1778 enim
1027 1721 1279 1793 quaedam
1305 1726 1559 1794 partes,a
1588 1721 1787 1794 quibus
1812 1721 1981 1777 totius
2001 1722 2141 1778 ratio
2171 1720 2466 1793 dependet,

468 1808 696 1877 quando
725 1806 936 1866 scilicet
963 1807 1068 1864 hoc
1108 1814 1344 1864 estesse
1385 1808 1487 1864 toti
1530 1807 1646 1876 tali,
1680 1808 1827 1882 quod
1862 1824 1931 1865 ex
1972 1807 2174 1865 talibus
2218 1808 2475 1881 partibus

467 1894 739 1965 componi,
769 1894 913 1952 sicut
953 1911 1012 1952 se
1049 1894 1214 1951 babet
1252 1894 1464 1970 syllaba
1490 1896 1563 1952 ad
1600 1896 1861 1964 litteram,
1892 1901 1949 1952 et
1978 1897 2211 1954 mixtum
2246 1896 2316 1953 ad
2352 1897 2471 1952 ele-

467 1991 653 2049 menta
680 1999 693 2038 z
721 1989 776 2042 et
806 1982 948 2041 tales
971 1990 1155 2056 partes
1179 1983 1438 2042 dicuntur
1457 1984 1658 2057 speciei
1684 1993 1740 2040 et
1767 1986 1976 2052 formae,
2002 1985 2121 2043 sine
2153 1985 2355 2058 quibus
2377 1990 2473 2040 to·-

472 2079 586 2136 tum
607 2071 844 2144 „intelligi
871 2088 978 2128 non
1007 2077 1204 2145 potest,
1233 2088 1359 2129 cum
1387 2082 1661 2146 ponantur
1698 2073 1755 2130 in
1793 2075 1912 2146 ejus
1936 2074 2271 2130 definitione.
2300 2074 2473 2142 Quae-

467 2162 595 2222 dam
618 2175 748 2222 vero
771 2168 955 2234 partes
991 2168 1119 2218 sunt
1159 2177 1284 2234 quae
1311 2161 1568 2218 accidunt
1594 2163 1697 2218 toti
1744 2162 1801 2219 in
1827 2169 2093 2236 quantum
2132 2163 2467 2236 hujusmodi,

467 2253 608 2310 sicut
635 2249 1010 2308 semicirculus
1045 2266 1105 2307 se
1135 2250 1302 2307 habet
1343 2251 1415 2306 ad
1452 2249 1737 2307 circulum.
1780 2251 1997 2309 Accidit
2044 2252 2189 2310 enim
2238 2252 2479 2320 circum„

466 2341 610 2416 quod
635 2345 922 2398 sumantur
945 2354 1041 2412 per
1060 2338 1383 2396 divisionem
1408 2339 1535 2396 duae
1553 2340 1671 2412 ejus
1698 2347 1885 2413 partes
1905 2341 2167 2412 aequaleS,
2188 2340 2273 2398 vel
2298 2342 2470 2402 etiam

465 2430 694 2503 plures:
719 2437 1036 2486 nouantem
1065 2429 1270 2485 accidit
1293 2428 1584 2501 triangulo,
1612 2429 1758 2502 quod
1788 2429 1845 2485 in
1876 2445 1941 2486 eo
1969 2428 2322 2501 designentur
2356 2439 2483 2494 tres,

466 2520 641 2586 lineae,
673 2519 803 2592 quia
822 2535 890 2576 ex
911 2518 1025 2590 ,hoc
1052 2518 1356 2590 triangulus
1383 2523 1469 2575 est
1506 2517 1829 2590 triangulus·
1854 2518 2116 2574 Similiter
2155 2518 2324 2594 etiam
2370 2535 2481 2593 per,

465 2625 524 2672 se
565 2610 826 2681 competit
867 2607 1071 2662 bomini
1115 2607 1258 2678 quod
1298 2607 1612 2662 inveniatur
1654 2608 1708 2662 in
1753 2623 1818 2663 eo
1856 2607 2037 2663 anima
2078 2607 2383 2676 rationalis,
2410 2613 2471 2664 et

465 2711 663 2767 corpus
689 2695 1052 2766 compositum
1075 2709 1143 2749 ex
1171 2699 1410 2767 quatuor
1437 2693 1739 2764 elementis,
1774 2695 1917 2753 unde
1948 2697 2067 2752 sine
2103 2696 2189 2752 his
2218 2697 2469 2769 partibus

375 2781 381 2787 ’
469 2784 628 2848 bomo
653 2781 884 2852 intelligi
907 2797 1014 2838 non
1039 2790 1218 2854 potest
1252 2800 1264 2838 ε
1295 2783 1392 2838 sed
1424 2783 1514 2839 hio
1540 2789 1756 2855 oportet
1782 2785 1906 2857 poni
1935 2785 1991 2840 in
2019 2785 2335 2842 definitione
2361 2785 2469 2843 ho-

471 2873 652 2938 minis,
680 2871 824 2927 unde
847 2878 974 2926 sunt
1000 2878 1186 2943 partes
1213 2871 1413 2944 speciei
1442 2880 1500 2928 et
1538 2871 1747 2939 formae,
1780 2878 1835 2929 et
1858 2873 2080 2944 digitus,
2104 2890 2218 2946 pes,
2247 2890 2462 2942 manus,

469 2967 527 3016 et
550 2959 858 3033 hujusmodi
882 2967 1009 3018 sunt
1035 2967 1236 3033 praeter
1263 2961 1599 3018 intellectum
1623 2961 1876 3028 bominis„
1905 2961 2047 3018 uude
2076 2979 2143 3018 cx
2183 2962 2292 3020 illis
2324 2965 2468 3022 ratio

469 3047 774 3112 essentialis
802 3048 1038 3106 hominis
1065 3066 1173 3107 non
1197 3050 1485 3124 dependet,
1520 3050 1663 3106 unde
1698 3051 1815 3106 sine
1843 3049 1927 3106 his
1971 3050 2198 3123 intelligi
2239 3058 2418 3124 potest
2443 3069 2477 3110 z.

467 3138 581 3199 sive
610 3138 756 3196 enim
777 3137 978 3196 habeat
1004 3139 1200 3212 pedes,
1228 3140 1344 3195 sive
1381 3133 1506 3206 non,
1536 3138 1830 3195 dummodo
1867 3148 2098 3212 ponatur
2140 3142 2477 3217 conjunctus

465 3242 532 3290 ex
573 3229 754 3284 anima
796 3227 1051 3284 rationali
1095 3231 1160 3283 et.
1186 3243 1413 3300 corpore
1456 3228 1757 3300 composito
1795 3228 1864 3284 ex'
1898 3229 2136 3302 quatuor
2182 3228 2467 3288 elementis

467 3315 684 3387 propria
712 3315 1118 3380 commixtione,
1139 3332 1304 3388 quam
1329 3317 1561 3389 requirit
1591 3317 1715 3374 talis
1742 3317 1936 3384 forma,
1959 3317 2251 3375 esthemo.
2282 3319 2351 3374 Et
2377 3319 2475 3376 hae,

466 3414 648 3476 partes
671 3402 930 3459 dicuntur
955 3409 1138 3476 partes
1168 3405 1429 3471 materiae,
1464 3421 1589 3478 quae
1614 3423 1723 3463 non
1752 3414 2028 3480 ponuntur
2055 3408 2113 3462 in
2150 3407 2481 3464 definitione.

417 3562 422 3565 ἢ
468 3493 654 3564 totiuS,
681 3491 776 3548 sed
807 3491 981 3562 magis
1009 3507 1040 3547 e
1066 3507 1350 3560 converse,
1369 3501 1428 3549 et
1450 3495 1527 3550 ita
1556 3511 1616 3551 se
1642 3495 1843 3552 habent
1874 3496 1943 3553 ad
1974 3496 2248 3552 hominem
2272 3512 2481 3554 omnes

465 3589 651 3655 partes
689 3582 940 3653 signatae,
981 3581 1126 3637 sicut
1167 3581 1286 3639 haec
1321 3583 1521 3651 anima,
1555 3594 1609 3640 et
1656 3583 1760 3642 hoo
1804 3601 2021 3658 corpuS‚
2054 3592 2111 3641 et
2156 3585 2259 3642 hoc
2294 3601 2375 3652 OS,
2408 3595 2466 3644 et

466 3671 794 3744 hujusmodi.
822 3672 919 3728 Hae
935 3670 1081 3728 enim
1107 3680 1287 3744 partes
1315 3682 1443 3734 sunt
1460 3681 1642 3747 partes
1662 3677 1925 3747 materiae,
1950 3692 2074 3750 quae
2090 3676 2311 3750 quidem
2336 3687 2479 3735 sunt.

469 3770 652 3832 partes
687 3761 930 3820 Socratis
968 3769 1025 3818 et
1062 3761 1320 3832 Platonis,
1343 3779 1452 3820 non
1496 3771 1678 3824 tamen
1705 3765 1941 3822 hominis
1970 3767 2027 3821 in
2070 3773 2336 3839 quantum
2380 3774 2471 3824 est

467 3848 628 3910 homo
659 3857 752 3908 :et
779 3851 901 3908 ideo
929 3857 1114 3925 potest
1139 3850 1300 3913 homo
1323 3853 1565 3911 abstrahi
1595 3869 1693 3927 per
1715 3855 2053 3913 intellectum
2082 3855 2152 3912 ab
2182 3855 2289 3910 illis
2330 3872 2481 3926 par-.
