2800 4492
497 347 616 411 300
976 357 1038 412 s.'
1073 363 1306 410 τιιοιωι
1346 365 1679 416 nomm-ns
1719 365 2029 410 opuscuua

499 489 556 538 et
589 482 850 540 Dominus
887 481 1077 540 Matth.
1111 499 1235 552 xix,
1272 483 1611 562 paupertatis
1646 480 1934 539 consilium
1964 483 2033 539 ad
2070 481 2174 540 hoc
2202 482 2425 542 ordinat
2454 499 2525 553 ut

499 571 660 628 homo
705 573 880 628 Deum
926 577 1214 646 sequatur;
1265 568 1412 644 quod
1464 569 1523 626 tit
1567 587 1661 643 per
1699 571 2086 628 rectitudinem
2121 577 2176 628 et
2213 572 2520 647 puritatem

383 695 406 714 ,
499 660 774 717 interioris
804 661 1052 716 affectus·

569 749 659 805 Sic
681 765 810 821 ergo
849 749 1077 806 consitia
1106 748 1427 806 ordinantur
1456 749 1597 804 sicut
1627 747 1679 803 in
1707 748 1869 804 finem
1894 747 1965 804 ad
1990 754 2284 822 praecepta,
2312 765 2522 806 secun-

499 837 627 896 dum
653 837 800 910 quod
838 843 966 894 sunt
1007 838 1074 892 de
1109 836 1464 893 interioribus
1492 837 1705 894 actibus
1748 837 2046 904 virtutum;
2074 838 2181 895 sed
2214 840 2521 896 secundum

500 925 644 998 quod
675 933 800 998 sunt
819 924 886 980 de
912 925 1123 980 actibus
1147 924 1529 992 exterioribuS,
1561 931 1691 998 puta
1719 943 1731 979 :
1756 925 1879 982 Nou
1908 923 2123 990 occides,
2150 925 2277 984 Non
2298 928 2519 1002 furtum

498 1014 683 1086 facies,
721 1019 850 1082 etc.³
883 1013 1204 1070 ordinantur
1231 1012 1458 1069 consilia
1494 1014 1561 1069 ad
1600 1021 1873 1086 praecepta
1904 1031 2013 1070 non
2045 1015 2188 1071 sicut
2217 1016 2285 1073 ad
2324 1017 2517 1074 finem.

499 1105 620 1160 Non
647 1103 791 1158 enim
829 1109 1048 1175 propter
1094 1101 1198 1158 hoc
1226 1102 1386 1158 homo
1422 1101 1795 1172 virginitatem
1827 1109 2013 1159 servat
2047 1111 2107 1160 ut
2144 1104 2213 1160 ab
2242 1105 2521 1160 adulterio

502 1192 801 1256 abstineat;
839 1181 1013 1266 neque
1053 1178 1156 1246 hoc
1182 1191 1286 1247 fine
1316 1189 1515 1265 aliquis
1543 1191 1657 1248 suis
1686 1189 2035 1248 abrenuntiat
2066 1199 2125 1247 ut
2159 1208 2263 1253 non
2302 1192 2519 1250 furetur

502 1280 710 1350 aliena;
735 1296 858 1336 cum
893 1279 1162 1335 exteriora
1192 1296 1356 1352 opera
1385 1278 1737 1335 consiliorum
1778 1279 1887 1335 sint
1920 1281 2131 1352 majora
2164 1298 2328 1354 quam
2354 1289 2519 1338 exte-

406 1367 412 1376 '
502 1369 646 1437 riora,
685 1384 848 1442 opera
886 1377 1315 1441 praeceptorum3
1361 1367 1683 1424 ordinantur
1713 1373 1896 1423 tamen
1940 1369 2009 1424 ad
2039 1385 2103 1426 ea
2147 1369 2200 1424 in
2246 1379 2519 1444 quantum

501 1457 708 1514 faciunt
749 1472 813 1512 ea
853 1457 1022 1512 tutius
1051 1463 1106 1512 et
1151 1456 1357 1510 firmius
1395 1456 1708 1512 conservari
1755 1472 1769 1510 :
1814 1457 1907 1530 qui
1942 1457 2087 1512 enim
2125 1472 2222 1513 sua
2256 1459 2517 1526 dimittit,

500 1543 672 1602 multo
719 1545 896 1616 magis
935 1544 1174 1600 abstinet
1221 1560 1253 1599 a
1297 1533 1572 1616 rapiendis
1618 1541 1841 1612 alienis;
1888 1543 2029 1600 unde
2072 1551 2128 1600 et
2175 1549 2519 1618 Augustinus

501 1633 637 1688 dicit
666 1634 718 1688 in
745 1650 852 1690 xtx
879 1633 971 1689 tib.
999 1639 1191 1690 contra
1221 1633 1481 1688 Faustum
1510 1649 1522 1686 :
1554 1631 1749 1688 Omnia
1772 1649 1837 1686 ex
1864 1632 2339 1710 Hebroeorumieye
2367 1654 2515 1693 com-

502 1708 796 1778 memorata
831 1723 1089 1778 Dominus
1120 1721 1520 1786 commendavit,
1556 1728 1617 1778 ut
1646 1721 1905 1794 quidquid
1936 1737 2001 1776 ex
2038 1739 2268 1794 persona
2296 1742 2395 1780 sua
2419 1727 2519 1782 in-

501 1827 660 1882 super
697 1813 1022 1882 loqueretur,
1064 1811 1145 1866 vel
1179 1809 1250 1865 ad
1289 1810 1663 1882 expositionem
1703 1811 2166 1867 commendandam
2201 1813 2424 1879 valeret,
2464 1817 2517 1871 si

503 1895 628 1970 quid
659 1899 752 1954 illa
778 1887 1052 1954 obscurum
1080 1899 1335 1970 posuisset
1363 1915 1382 1954 .·
1418 1899 1497 1954 vel
1523 1901 1596 1954 ad
1624 1897 1792 1956 tutius
1815 1900 2231 1956 conservandum
2256 1903 2393 1974 quod
2418 1905 2517 1959 illa

502 1985 784 2054 voluissem
815 1994 869 2042 et
901 1987 953 2042 in
999 1987 1134 2042 libro
1179 1987 1245 2041 de
1287 1987 1547 2044 Sermone
1580 1987 1793 2046 Domini
1845 1989 1899 2043 in
1938 1995 2120 2044 monte
2163 1989 2317 2057 dicit,
2366 1993 2515 2066 quod

501 2075 626 2130 dam
669 2075 808 2146 fiunt
849 2077 938 2132 illa
969 2093 1082 2147 quae
1123 2077 1403 2133 adduntur
1446 2077 1517 2132 ad
1548 2075 1948 2149 perfectionem,
1978 2078 2143 2151 multo
2170 2081 2339 2152 maqis
2372 2083 2514 2154 fiunt

501 2159 598 2218 illa
621 2178 735 2234 quae
751 2162 1038 2234 praemissa
1063 2170 1186 2218 sunt
1214 2163 1283 2219 acl
1313 2163 1719 2220 inchoationem.

573 2251 662 2306 Sic
689 2267 817 2322 ergo
853 2259 1002 2324 patet
1027 2252 1172 2326 quod
1204 2252 1430 2313 consilia
1459 2252 1781 2309 ordinantur
1806 2253 1947 2310 sicut
1978 2254 2046 2310 ad
2076 2255 2239 2310 finem
2267 2257 2336 2313 ad
2366 2274 2515 2332 prae-

503 2345 679 2411 cepta,
711 2347 871 2411 prout
907 2345 1035 2396 sunt
1061 2340 1130 2396 de
1172 2340 1523 2397 interioribus
1551 2341 1765 2398 actibus
1796 2342 2059 2398 virtutum
2082 2361 2095 2413 ;
2122 2343 2216 2400 sed
2256 2346 2325 2402 ad
2368 2365 2517 2420 prae-

503 2429 1019 2500 cepta‚‚secundum
1061 2429 1205 2505 quod
1241 2436 1367 2486 sunt
1413 2431 1481 2484 de
1514 2429 1876 2485 exterioribus
1915 2431 2148 2497 actibus,
2190 2433 2514 2492 ordinantur

504 2515 730 2572 consilia
773 2517 842 2574 ad
877 2517 981 2574 hoo
1019 2517 1163 2592 quod
1195 2515 1367 2574 tutius
1398 2523 1456 2574 et
1496 2505 1705 2573 firmius
1732 2527 2124 2576 conserventur
2153 2537 2248 2594 per
2292 2523 2513 2579 modum

503 2605 836 2662 removentis
856 2605 1143 2676 prohibens
1177 2623 1189 2661 :
1215 2612 1269 2660 et
1294 2607 1530 2680 primum
1550 2605 1741 2661 horum
1764 2614 1848 2662 est
1871 2613 2038 2665 causa
2062 2610 2286 2666 secundi
2316 2629 2331 2667 ε
2360 2613 2513 2668 firma

505 2693 650 2749 enim
688 2693 1026 2749 exteriorum
1066 2699 1288 2750 actuum
1329 2694 1639 2750 observatio
1666 2702 1925 2753 causatur
1966 2713 2033 2754 ex
2060 2698 2308 2756 interiori
2332 2702 2513 2758 affec-

507 2779 658 2837 tione
691 2776 885 2832 mentis
914 2779 1050 2834 bene
1079 2779 1380 2852 dispositae.

577 2865 661 2922 Ad
687 2867 919 2946 orimum
950 2882 1078 2938 ergo
1103 2865 1415 2935 dicendum,
1448 2868 1592 2943 quod
1623 2872 1922 2928 secundum
1945 2875 2209 2946 quosdam
2241 2875 2396 2932 dives
2427 2877 2515 2933 ilie

505 2955 768 3024 mentitus
797 2962 900 3021 est,
937 2955 1124 3011 dicens
1151 2971 1210 3011 se
1245 2964 1518 3030 praecepta
1548 2958 1885 3027 observasse,
1928 2967 1985 3017 et
2024 2963 2297 3036 praecipue
2333 2982 2515 3038 quan-

508 3053 624 3102 tum
650 3043 717 3098 ad
753 3059 920 3098 unum
945 3052 1280 3116 praeceptum
1316 3048 1461 3120 quod
1492 3036 1695 3110 ibidem
1724 3058 2200 3118 commemoratur,
2235 3055 2515 3124 pertinens

509 3132 578 3188 ad
621 3130 936 3189 interiorem
975 3141 1181 3200 actum,
1219 3130 1488 3190 scilicet:
1530 3133 1733 3206 Ditiyes
1765 3136 2073 3217 pvoaeimum
2114 3146 2275 3196 tumn
2300 3140 2517 3200 sicutte

505 3221 696 3290 ipsum.
743 3217 897 3280 Unde
938 3219 1200 3292 Origenes
1241 3221 1376 3278 dicit
1419 3237 1583 3298 snper
1628 3223 2004 3282 Matthaeum.
1991 3243 2003 3257 ·
2047 3226 2315 3300 Scriptum
2352 3231 2515 3288 estin

507 3304 799 3378 Evanyelio
821 3305 1104 3364 secuudum
1127 3309 1392 3377 Hebrccos,
1417 3309 1554 3383 quod
1575 3327 1691 3367 cum
1718 3311 1979 3370 Dominus
2001 3313 2219 3396 dixisset
2246 3317 2314 3383 ei,
2352 3315 2513 3384 Vade,

511 3401 562 3452 et
583 3393 743 3450 vende
767 3395 946 3451 omnia
984 3413 1098 3468 quoe
1123 3395 1294 3464 habes,
1325 3401 1479 3470 coepit
1516 3398 1658 3456 dives
1693 3398 1923 3472 scalpere
1951 3410 2108 3474 caput
2136 3421 2311 3470 suum,
2336 3412 2387 3461 et
2412 3423 2516 3462 uon

505 3481 714 3569 placuit
736 3481 802 3538 ei.
835 3479 910 3540 Et
935 3481 1076 3540 discit
1099 3483 1170 3540 acl
1205 3501 1321 3542 eum
1363 3486 1665 3546 Dominus.
1710 3487 1971 3572 Quomodo
1996 3491 2177 3549 dicis:
2204 3491 2332 3572 Feci
2359 3493 2518 3566 legem

507 3563 558 3629 et
592 3569 928 3644 Prophetas?
951 3571 1222 3645 Scriptum
1245 3582 1321 3632 est
1349 3575 1490 3632 euim
1518 3575 1579 3632 iu
1613 3577 1767 3649 leffe:
1805 3579 2005 3650 Diliges
2026 3581 2335 3652 proaeimum
2364 3590 2519 3640 tuum

507 3661 646 3718 sicut
673 3667 720 3716 te
757 3661 987 3733 ipsum:
1014 3667 1064 3718 et
1096 3679 1202 3718 ecce
1229 3663 1385 3720 multi
1410 3661 1617 3735 fratres
1656 3663 1737 3721 tui
1772 3662 1882 3738 filit
1920 3667 2157 3726 Abrahae
2185 3668 2371 3728 amicti
2393 3678 2520 3727 sunt

507 3756 755 3814 stercore
781 3747 1068 3808 morientes
1087 3768 1202 3823 pne
1225 3748 1386 3824 fame,
1426 3759 1474 3808 et
1504 3753 1686 3810 domus
1717 3759 1810 3812 tua
1844 3755 2001 3828 plena
2024 3763 2101 3812 est
2131 3758 2313 3817 multis
2346 3759 2521 3826 bonis,

507 3843 556 3892 et
581 3852 686 3892 nou
709 3833 982 3910 egreditur
1011 3853 1075 3893 ea:
1107 3854 1170 3894 ea
1191 3839 1409 3894 omnino
1434 3837 1637 3913 aliquid
1664 3842 1735 3897 ad
1762 3859 1863 3900 eos.
1890 3844 2235 3916 Impossibile
2260 3847 2407 3920 enim
2436 3831 2539 3906 εει

507 3917 733 3994 impiere
758 3925 1080 3998 praedictum
1104 3924 1443 3998 mandatum,
1478 3926 1533 3986 e't
1554 3941 1674 3988 esse
1696 3927 1943 4002 divitem,
1973 3939 2029 3990 et
2054 3933 2291 4016 maxime
2316 3933 2522 3993 habere
