2800 4492
57 4287 391 4468 1,

518 310 638 374 218
995 331 1047 378 s:
1081 331 1328 377 rumam
1367 331 1703 384 nomm-ns·
1736 331 2047 378 croscum

521 447 688 516 actio,
721 453 908 506 nostra
935 455 1020 505 est
1053 448 1362 509 instructio.
1392 450 1539 523 Ergo
1566 451 1734 508 etiam
1762 455 1819 506 et
1852 464 1951 507 nos
1979 449 2243 506 debemus
2268 449 2533 522 peccato*

522 552 610 593 res
637 537 731 610 qui
758 545 885 595 sunt
913 538 967 594 in
990 538 1212 609 saeculo,
1246 540 1314 596 ad
1340 540 1661 612 religionem
1689 539 1961 597 advocare
1984 547 2041 595 et
2065 539 2367 610 suscipere.

591 627 912 699 Respondet>
950 628 1259 699 dicendum,
1293 629 1441 702 quod
1488 630 1726 685 maxime
1762 625 1897 685 utile
1939 634 2024 685 est
2064 627 2455 702 peccatoribus
2474 633 2538 683 ut

523 713 594 770 ad
616 714 932 786 religionem
964 725 1263 774 transeant.
1294 718 1685 774 Peccatoribus
1710 718 1855 774 enim
1898 717 2007 774 duo
2046 724 2175 775 sunt
2218 717 2539 773 necessaria

524 803 594 858 ad
623 803 882 874 salutem;
908 805 1337 880 primoquidem
1364 814 1425 863 ut
1454 807 1525 864 de
1555 805 1802 881 peccatis
1826 807 2123 880 praeteritis
2148 807 2535 880 poenitentiam

526 899 710 963 agant,
742 894 980 951 secundo
1010 901 1069 953 ut
1093 895 1162 952 de
1197 903 1404 952 coetero
1434 910 1467 952 a
1496 896 1737 968 peccatis
1764 893 2097 952 abstineant.
2125 895 2209 951 Ad
2236 902 2538 968 utrumque

527 987 708 1036 autem
736 980 930 1040 horum
968 983 1202 1040 maxime
1226 991 1485 1057 operatur
1512 984 1725 1056 religio,
1756 985 1935 1040 Primo
1976 984 2123 1041 enim
2174 990 2357 1040 status
2398 984 2535 1039 reli·-

525 1070 702 1140 gionis
728 1077 814 1128 est
855 1079 1033 1129 status
1074 1059 1332 1146 perfectas
1359 1073 1729 1146 poenitentiae3
1752 1082 1811 1131 et
1850 1074 1997 1130 nulla
2026 1073 2333 1130 satisfactio
2378 1073 2535 1129 adae-

528 1160 685 1232 quari
709 1167 890 1233 potest
920 1161 1260 1235 poenitentiae
1300 1163 1698 1234 religiosorum,
1733 1162 1907 1237 quiet
1959 1178 2019 1218 se
2058 1169 2114 1218 et
2154 1178 2253 1218 sua
2285 1162 2535 1218 totaliter

529 1248 641 1305 Deo
698 1249 862 1320 dant;
910 1252 1052 1308 unde
1094 1267 1191 1326 pro
1236 1252 1382 1308 nullo
1420 1257 1649 1324 peccato
1695 1251 1900 1324 imponi
1942 1258 2125 1324 potest
2168 1251 2371 1307 homini
2434 1266 2537 1324 pro

529 1338 852 1410 poenitentia
895 1346 956 1398 ut
995 1340 1309 1423 religionem
1343 1341 1611 1409 introeat;
1639 1345 1695 1396 et
1739 1341 1801 1395 in·
1835 1339 2323 1396 commutationem
2364 1340 2540 1396 satis-

530 1426 782 1486 factionis
823 1438 1326 1504 quantumcumque
1374 1431 1577 1502 gravis,
1627 1429 1931 1486 consulitur
1982 1435 2198 1486 tantum
2254 1429 2537 1500 religionis

529 1514 827 1588 ingressus¹
859 1525 919 1574 ut
948 1525 1099 1592 patet
1125 1523 1213 1590 33,
1245 1525 1446 1592 quaest.
1483 1524 1535 1585 2,
1572 1535 1698 1590 cap.
1739 1518 2059 1584 Admonere,
2098 1517 2190 1574 ubi
2225 1517 2537 1591 Stephanus
2611 1507 2621 1516 ⁸

531 1605 676 1678 Papa
723 1609 1016 1680 quemdam
1049 1609 1144 1681 qui
1188 1624 1413 1665 uxorem
1457 1593 1828 1676 interiecerat,
1862 1607 2071 1664 inducit
2102 1615 2162 1664 ut
2192 1601 2536 1679 ingrediatur

531 1697 946 1766 monasterium,
969 1704 1025 1753 et
1073 1696 1392 1754 humiliatus
1432 1697 1535 1752 sub
1582 1713 1745 1754 manu
1790 1695 2021 1754 Abbatis
2049 1705 2249 1754 cuncta
2279 1697 2538 1753 observet

533 1799 658 1855 quae
705 1783 809 1838 sibi
855 1784 1056 1840 fuerint
1103 1785 1399 1858 imperata3
1454 1785 1699 1858 alioquin
1754 1785 1987 1857 injungit
2044 1787 2094 1841 ei
2150 1785 2538 1857 gravissimam

534 1870 932 1942 poenitentiam,
973 1873 1020 1928 si
1061 1872 1214 1943 eligit
1256 1875 1313 1929 in
1359 1873 1560 1930 saeculo
1608 1889 1910 1934 remanere.
1952 1874 2219 1932 Similiter
2254 1875 2423 1930 etiam
2465 1873 2537 1930 ad

534 1958 758 2015 vitanda
795 1966 1020 2032 peccata
1055 1959 1344 2032 plurimum
1387 1961 1533 2017 valet
1569 1961 1850 2034 religionis
1890 1968 2087 2018 status·
2109 1961 2351 2041 ,Difficile
2390 1962 2539 2018 enim

536 2049 620 2100 est
645 2045 791 2118 quod
829 2045 884 2102 in
907 2046 1108 2102 saeculo
1145 2055 1547 2105 commorantes
1580 2065 1612 2106 a
1646 2048 1809 2105 rebus
1834 2049 2021 2106 mundi
2049 2039 2157 2105 non
2184 2048 2538 2118 alliciantur3

536 2141 758 2206 propter
785 2134 928 2206 quod
976 2136 1168 2193 Matth.
1205 2151 1332 2205 x1x,
1359 2139 1661 2210 secundum
1710 2139 2105 2210 expositionem
2132 2138 2535 2211 chrysostomi,

535 2224 798 2278 Dominus
832 2222 936 2279 hoc
957 2224 1091 2281 dicit
1116 2241 1233 2282 esse
1260 2227 1615 2300 impossibile,
1648 2227 1795 2300 quod
1824 2227 1998 2292 dives,
2027 2227 2121 2300 qui
2150 2227 2362 2284 scilicet
2386 2226 2539 2283 divi-

535 2311 628 2367 tiis
672 2310 899 2369 inbaeret
929 2329 1026 2385 per
1068 2315 1527 2393 amorem,·intret
1560 2316 1613 2370 in
1650 2332 1877 2388 regnum
1919 2316 2214 2385 coelorum;
2246 2315 2342 2372 sed
2384 2314 2538 2388 quod

533 2399 689 2457 dives
726 2402 819 2474 qui
862 2401 1028 2459 habet
1072 2403 1312 2472 divitiaS,
1339 2404 1527 2470 intret,
1560 2409 1647 2460 est
1684 2402 1846 2460 valde
1884 2403 2135 2473 difficile;
2166 2404 2263 2459 sed
2312 2403 2457 2458 unde
2480 2406 2540 2458 et

535 2489 702 2546 Eccli.
727 2506 896 2559 xxxl,
925 2495 977 2558 8,
1010 2491 1212 2548 dicitur
1243 2510 1258 2550 ε
1283 2492 1483 2549 Beatus
1503 2493 1645 2548 dives
1668 2493 1759 2564 qui
1788 2492 2035 2549 inventus
2062 2493 2277 2550 estsine
2304 2492 2538 2548 macula.

533 2578 603 2635 Et
643 2579 950 2651 hujusmodi
995 2580 1372 2638 difficultatem
1414 2582 1617 2648 subdit,
1649 2582 1836 2639 dicens
1867 2599 1883 2640 ;
1917 2582 2047 2650 Quis
2074 2589 2151 2641 est
2187 2583 2292 2647 hic,
2319 2589 2370 2638 et
2409 2583 2541 2638 lau-

533 2665 774 2722 dabimus
817 2669 976 2724 eum?
1017 2675 1235 2740 propter
1277 2671 1443 2741 quod,
1478 2677 1541 2724 ut
1585 2671 1884 2742 Gregorius
1921 2671 2076 2740 dicit,
2109 2671 2287 2728 sancti
2319 2670 2444 2736 viri,
2474 2676 2539 2727 ut

536 2756 605 2811 ab
650 2756 855 2812 illicitis
904 2757 1230 2824 abstineant,
1259 2759 1426 2814 etiam
1468 2759 1618 2817 licita
1666 2760 2111 2832 praetermittunt.
2150 2761 2307 2818 Unde
2354 2759 2540 2816 mani—

536 2841 738 2898 festum
761 2851 844 2900 est
883 2845 1029 2917 quod
1057 2861 1161 2902 non
1192 2854 1438 2919 peccant,
1466 2847 1563 2904 sed
1604 2847 1861 2906 laudandi
1902 2856 2050 2916 sunt,
2082 2850 2177 2923 qui
2219 2854 2539 2922 peccatores

539 2929 608 2987 ad
639 2932 952 3004 religionem
984 2934 1225 2990 trahunt.
1258 2936 1397 2992 Nam
1444 2944 1500 2993 ot
1536 2937 1798 2994 Dominus
1834 2938 1903 2996 de
1946 2954 2006 2996 se
2053 2939 2169 3012 ipso
2198 2938 2335 2995 dicit
2380 2939 2537 3010 (Luc.

540 3036 596 3090 v,
627 3023 712 3094 32)
745 3039 760 3078 ε
791 3022 916 3081 Νοη
942 3022 1062 3080 veni
1089 3039 1274 3082 vocare
1301 3024 1489 3092 iustos,
1516 3026 1606 3082 sed
1629 3034 1943 3098 peccatores,
1973 3027 2047 3083 ad
2065 3026 2461 3100 poenitentc‘am.

606 3110 692 3168 Ad
734 3111 862 3169 illud
910 3129 1040 3186 crgo
1077 3115 1220 3186 quod
1266 3114 1319 3170 in
1357 3114 1693 3171 contrarium
1736 3114 2014 3188 objicitur,
2044 3117 2353 3182 dicendum,
2387 3115 2537 3190 quod

538 3199 630 3256 illa
670 3202 811 3258 ratio
853 3202 1098 3276 procedit
1132 3210 1187 3259 ot
1229 3209 1424 3260 contra
1473 3201 1739 3260 rationem
1784 3203 2051 3261 doctrinae
2108 3205 2441 3276 evangelicae
2479 3210 2539 3261 et

535 3295 723 3346 contra
751 3291 1014 3349 rationem
1051 3290 1425 3365 philosophiae.
1454 3294 1655 3348 Contra
1678 3291 1983 3348 doctrinam
2029 3292 2252 3366 quidem
2292 3309 2537 3365 evange·

537 3377 730 3449 licam3
762 3380 890 3451 quia
935 3378 1161 3436 consilia
1197 3381 1513 3452 evangelica
1549 3379 1620 3435 ad
1658 3379 1761 3435 hoc
1800 3379 2001 3436 dantur
2040 3389 2098 3437 ut
2141 3397 2240 3454 per
2274 3396 2340 3438 ea
2372 3381 2537 3438 homo

535 3467 751 3524 facilius
773 3467 1002 3524 salutem
1025 3476 1423 3542 consequatur3
1444 3469 1586 3526 unde
1608 3472 1787 3524 status
1809 3467 2157 3526 saecularium
2178 3469 2541 3542 periculosior

537 3572 656 3613 esse
674 3555 876 3613 dicitur
894 3573 1056 3630 quam
1078 3557 1356 3629 religionis
1377 3564 1573 3615 status.
1600 3555 1841 3613 Stultum
1858 3562 1945 3613 est
1964 3563 2148 3614 autem
2162 3558 2363 3626 dicere,
2387 3559 2540 3631 quod

536 3645 698 3702 alicui
723 3646 817 3720 qui
841 3645 1068 3705 debilior
1091 3655 1193 3714 est,
1221 3652 1445 3721 propter
1484 3653 1712 3720 peccata
1740 3662 1865 3720 quoe
1905 3647 2199 3715 commisit,
2230 3663 2339 3704 non
2362 3648 2435 3702 sit
2466 3647 2537 3704 ad

538 3736 865 3792 securiorem
890 3736 1059 3793 vitam
1084 3735 1421 3809 fugiendum.
1443 3735 1541 3792 Est
1566 3737 1731 3793 etiam
1751 3742 1942 3794 contra
1967 3737 2271 3793 doctrinam
2293 3736 2541 3809 pbiloso·

523 3824 773 3896 phicam',
805 3841 929 3899 quae
963 3827 1142 3893 docet,
1174 3825 1295 3881 illos
1326 3824 1421 3897 qui
1455 3833 1581 3882 sunt
1620 3827 1691 3882 ad
1726 3827 1861 3884 vitia
1896 3825 2070 3899 proni,
2104 3826 2159 3882 in
2196 3825 2537 3884 contrarium

553 3913 752 3971 debere
791 3914 1028 3987 reflecti,
1051 3915 1196 3972 sicut
1235 3910 1443 3971 faciunt
1471 3913 1549 3971 illi
1578 3916 1673 3988 qui
1706 3921 1950 3975 tortuosa
1974 3917 2245 3990 lignorum
2267 3915 2536 3990 dirigunt}
