2800 4492
753 344 878 406 zu.
909 360 989 378 —
1017 343 1446 425 cucumerum
1485 345 1801 394 ocmvunx
2158 325 2283 420 431-

247 458 560 535 completae
597 459 789 519 sormae
829 465 1068 537 propriae
1111 465 1257 522 illius
1297 473 1529 533 naturae,
1559 481 1592 522 a
1619 480 1729 537 qua
1774 469 2007 520 estesse
2034 465 2090 518 et
2135 460 2277 518 ratio

249 550 469 622 speciei
502 551 797 610 intuatura
825 552 939 609 illa.
969 554 1123 610 Unde
1154 553 1286 610 illud
1323 556 1561 628 pertinet
1590 554 1661 610 ad
1688 553 1981 612 veritatem
2010 551 2275 607 uuiuscu·

248 640 460 712 jusque
497 640 578 697 rei
607 641 752 715 quod
787 648 872 699 est
897 643 1284 714 completivum
1323 643 1576 702 illiusrei
1608 659 1704 716 per
1734 641 1984 708 formam,
2018 647 2074 696 et
2104 637 2275 711 perti-

255 736 360 784 net
386 728 596 786 directe
633 735 690 786 et
725 745 821 802 per
857 747 916 786 se
957 731 1026 787 ad
1065 728 1484 804 completionem
1520 731 1667 787 illius
1709 731 1785 788 rei
1821 749 1835 784 ε
1882 736 1992 785 tam
2036 729 2180 784 enim
2221 728 2275 784 in

256 815 608 874 naturalibus
637 833 800 890 quam
833 818 885 873 in
910 819 1287 883 artificialibus
1315 819 1667 876 inveniuntur
1692 819 1943 892 quaedam
1983 817 2038 871 in
2076 815 2277 888 quibus

259 903 517 960 consistit
560 905 930 978 principaliter
956 909 1100 963 ratio
1129 908 1226 974 rei,
1260 907 1368 965 alia
1392 916 1579 964 autem
1608 923 1733 979 quae
1770 913 1897 962 sunt
1924 904 2175 961 ordinata
2206 903 2276 959 ad

259 991 460 1050 horum
495 996 966 1051 conservationem
1001 1003 1058 1051 et
1089 996 1519 1054 meliorationem
1553 1015 1567 1051 z
1602 996 1745 1052 sicut
1784 996 1954 1066 stipes
1982 1002 2039 1049 et
2066 992 2278 1049 fructus

261 1097 362 1156 per
390 1099 451 1139 se
477 1084 752 1157 pertinent
781 1085 848 1140 ad
872 1085 1329 1157 complementum
1359 1085 1587 1152 arboris,
1622 1085 1763 1142 unde
1792 1089 1920 1140 sunt
1948 1083 2017 1138 de
2038 1081 2277 1140 veritato

265 1179 482 1228 naturae
523 1171 724 1244 ipsius;
757 1171 884 1228 solia
914 1180 1098 1230 autem
1132 1179 1258 1229 sunt
1293 1173 1698 1246 quodammodo
1736 1171 1991 1228 ordinata
2018 1159 2274 1226 ad‘fruc-

266 1265 425 1314 tuum
452 1260 952 1328 conservationem,
986 1269 1042 1317 et
1069 1267 1336 1334 quantum
1377 1262 1447 1316 ad
1494 1261 1595 1318 tioc
1624 1276 1731 1317 non
1758 1261 2015 1317 videntur
2055 1273 2175 1315 esse
2204 1257 2275 1314 de

267 1349 503 1404 veritate
539 1354 752 1406 naturae
793 1349 1002 1406 arboris
1029 1350 1421 1422 principaliter.
1466 1349 1729 1407 Similiter
1776 1349 1917 1405 ratio
1944 1346 2111 1420 gladii
2139 1361 2277 1402 con-

267 1437 415 1494 sistit
450 1437 506 1492 in
544 1437 710 1508 ferro,
741 1444 796 1494 et
835 1438 1086 1495 acumine
1113 1439 1263 1509 ejus3
1295 1438 1494 1509 vagina
1524 1445 1705 1494 autem
1736 1443 1819 1495 est
1852 1437 1919 1493 ad
1951 1437 2118 1509 gladii
2144 1450 2277 1490 con-

265 1527 667 1595 servationem;
698 1525 841 1584 uude
867 1526 913 1582 si
942 1525 1166 1598 gladius.
1184 1532 1329 1588 esset
1357 1541 1446 1582 res
1473 1526 1757 1593 naturalis,
1794 1524 1998 1581 serrum
2036 1529 2181 1580 esset
2209 1523 2279 1579 de

265 1616 504 1672 veritate
535 1622 748 1672 naturae
775 1616 914 1688 ejuS,
952 1631 1060 1671 non
1099 1620 1284 1672 autem
1329 1615 1548 1686 vagina.
1590 1616 1681 1673 Sic
1722 1617 1905 1672 autem
1946 1616 2015 1670 de
2044 1612 2276 1668 veritate

265 1704 527 1760 humanae
562 1711 776 1776 naturae
808 1720 928 1760 esse
955 1704 1188 1760 dicimus
1226 1703 1354 1760 illud
1380 1704 1525 1776 quod
1557 1720 1651 1777 per
1674 1720 1733 1762 se
1769 1703 2007 1777 pertinet
2048 1701 2117 1757 ad
2149 1716 2276 1773 per-

268 1791 560 1848 fectionem
584 1791 838 1868 humanae
860 1789 1092 1858 naturae,
1115 1791 1384 1865 complete
1410 1793 1743 1866 participans
1766 1792 1999 1848 formam
2022 1789 2222 1863 speciei
2259 1804 2273 1842 :

269 1879 402 1936 illud
443 1887 625 1936 autem
655 1897 761 1938 non
793 1891 877 1938 est
902 1882 970 1938 de
1001 1881 1232 1939 veritate
1265 1881 1516 1938 humanae
1545 1887 1755 1962 naturae
1793 1881 1847 1934 in
1877 1879 2094 1936 homine
2128 1876 2276 1950 quod
2350 1929 2355 1932 .

268 1977 355 2026 ost
385 1970 697 2026 ordinatum
734 1969 1134 2042 quodammodo
1181 1971 1251 2028 ad
1280 1971 1514 2027 hominis
1540 1969 2011 2040 conservationem
2039 1967 2125 2026 vel
2153 1983 2276 2024 me·-

269 2058 614 2115 liorationem
643 2075 1065 2132 quamcumque.
1434 2097 1439 2101 -

337 2148 632 2206 Sciendum
665 2154 750 2204 est
777 2164 926 2220 ergo,
955 2147 1101 2222 quod
1127 2153 1322 2204 natura
1350 2146 1587 2204 humana
1610 2153 1791 2220 potest
1820 2144 2108 2218 dupliciter
2139 2162 2271 2202 con-

269 2215 532 2304 siderari3
576 2237 662 2292 vet
700 2236 998 2306 secundum
1027 2245 1197 2293 totam
1233 2237 1472 2309 speciem
1509 2235 1821 2308 humanam,
1854 2233 1939 2289 vel
1976 2235 2273 2290 secundum

270 2341 392 2383 esse
421 2325 566 2397 quod
595 2325 758 2381 habet
793 2326 851 2380 in
889 2324 992 2381 hoc
1019 2325 1346 2381 individuo:
1387 2331 1445 2380 et
1472 2323 1771 2382 secuudum
1797 2323 1901 2380 hoc
1928 2323 2275 2380 inveniuntur

269 2414 326 2471 iu
353 2415 611 2488 praesonti
638 2416 942 2488 quaestione
973 2421 1083 2470 tres
1109 2414 1413 2488 opiniones·

342 2502 576 2572 Quidam
606 2505 749 2559 enim
777 2504 985 2569 dicunt,
1018 2503 1164 2575 quod
1189 2503 1511 2559 alimentum
1542 2518 1647 2559 non
1676 2501 2015 2561 convertitur
2043 2500 2100 2556 in
2128 2488 2271 2556 veri-

270 2599 444 2648 tatem
469 2591 722 2649 humanae
749 2599 958 2649 naturae
980 2609 1156 2665 neque
1179 2592 1479 2648 secundum
1513 2593 1751 2664 speciem
1779 2608 1953 2665 neque
1978 2589 2276 2647 secundum

269 2675 650 2750 individuum;
686 2681 875 2738 dicunt
909 2681 1076 2746 enim,
1121 2681 1266 2753 quod
1297 2687 1426 2745 tota,
1462 2682 1691 2744 materia
1726 2698 1853 2755 quae
1882 2687 2009 2737 nata
2039 2689 2123 2736 est
2158 2694 2277 2735 esse

270 2770 374 2826 sub
401 2770 584 2842 specie
612 2769 864 2826 humanae
891 2775 1123 2842 naturae,
1152 2770 1256 2826 suit
1283 2769 1337 2824 in
1365 2785 1595 2844 corpore
1631 2772 1795 2839 Adae3
1828 2785 1927 2826 nec
1950 2770 2133 2843 aliqua
2171 2767 2278 2824 alia

267 2859 504 2916 materia
533 2863 712 2930 potest
742 2859 857 2913 fieri
887 2874 1014 2914 vere
1043 2858 1299 2914 substans
1327 2858 1581 2916 humanae
1607 2860 1806 2933 speciei
1828 2877 1843 2929 ;
1869 2865 2017 2916 etex
2042 2858 2131 2915 illa
2158 2873 2279 2914 ma·

270 2947 412 3003 teria
454 2962 522 3002 ex
551 2962 659 3018 qua
687 2961 885 3019 corpus
920 2947 1080 3019 primi
1115 2946 1348 3002 hominis
1375 2947 1685 3018 constabat,
1724 2947 2105 3020 fuerit.aliqua
2149 2962 2279 3019 pars

270 3036 490 3101 decisa,-
510 3050 634 3108 quae
671 3035 890 3106 quidem
921 3051 1017 3106 per
1059 3035 1569 3108 multiplicationem
1616 3036 1912 3109 quamdam
1954 3036 2072 3089 sine
2116 3032 2280 3088 addi-

270 3126 420 3180 tione
449 3109 736 3179 exterioris
765 3123 1011 3180 materiae
1044 3131 1393 3194 augmentata
1432 3132 1515 3180 est
1545 3126 1601 3178 in
1635 3130 1867 3198 tantum,
1902 3121 2047 3195 quod
2078 3136 2281 3193 perve-

267 3214 354 3268 nit
400 3228 574 3284 usque
617 3211 700 3291 att
729 3211 1026 3283 perfectam
1065 3219 1120 3266 et
1159 3212 1485 3284 completam
1545 3211 1908 3284 quantitatem
1951 3209 2005 3265 in
2050 3224 2277 3283 corpore

268 3302 398 3360 Seth
431 3319 444 3356 τ
479 3317 544 3356 ex
574 3315 684 3374 quo
709 3300 906 3356 iterum
931 3300 1136 3373 aliquid
1167 3301 1409 3356 decisum
1438 3308 1522 3355 est
1548 3300 1599 3354 in
1626 3301 2004 3356 formationem
2032 3298 2279 3372 corporis

267 3391 364 3447 filii
391 3390 498 3456 sui,
529 3396 588 3445 et
617 3388 878 3462 praedicto
905 3391 1064 3445 modo
1094 3387 1552 3461 multiplicatum;
1584 3396 1638 3444 et
1667 3390 1747 3444 sic
1775 3396 1947 3445 totum
1977 3389 2275 3444 humanum

266 3495 442 3552 genus
468 3477 886 3551 multiplicatum
917 3485 1002 3533 est
1027 3494 1094 3532 ex
1119 3477 1209 3533 illa
1241 3477 1469 3533 materia
1499 3493 1624 3550 quae
1648 3477 1751 3532 fuit
1780 3479 1834 3533 in
1863 3491 2088 3549 corpore
2116 3472 2279 3547 primi

265 3567 522 3635 hominis,
571 3568 688 3623 sine
723 3567 953 3639 alicujus
981 3566 1272 3622 extrinseci
1310 3566 1608 3623 additione.
1642 3566 1793 3640 illud·
1816 3571 1999 3621 autem
2036 3562 2181 3634 quod
2211 3577 2278 3616 ex
2370 3559 2381 3568 '

265 3659 530 3714 alimento
589 3663 901 3728 generatur,
945 3663 1029 3711 est
1073 3656 1441 3712 necessarium
1497 3656 1653 3712 nobis
1694 3657 1762 3709 ad
1806 3652 2277 3723 conservationem

265 3746 415 3804 illius
444 3746 788 3800 humiditatis
809 3761 933 3818 quae
959 3752 1043 3800 est
1071 3745 1139 3800 de
1170 3746 1399 3800 veritate
1430 3745 1681 3800 humanae
1706 3751 1947 3807 naturae;
1980 3748 2038 3793 ut
2066 3738 2279 3795 scilicet

266 3836 416 3892 calor
445 3833 717 3907 naturalis
753 3833 957 3889 habens
992 3833 1200 3906 aliquid
1228 3832 1373 3888 aliud
1406 3831 1551 3904 quod
1585 3839 1887 3895 consumat,
1924 3828 2134 3886 scilicet
2172 3827 2277 3904 liu-3

265 3924 580 3983 miditatem
607 3940 674 3982 ex
707 3925 965 3982 alimento
999 3932 1316 3996 generatam
1353 3920 1513 3996 quasi
1549 3918 1963 3988 accidentalem,
2004 3935 2109 3978 non
2138 3933 2277 4011 con«
