2800 4492
792 302 906 347 ιιι.
940 317 1019 331 -
1055 301 1482 352 ouonmn’ruu
1523 302 1766 349 emtum
1801 312 1806 317 ·
2166 294 2279 355 137

262 422 477 477 riorum
526 412 837 491 corporum,
884 434 1009 491 quae
1052 427 1161 474 non
1206 421 1768 491 sempermoventur,
1815 420 2139 493 principitim
2195 434 2280 483 est

263 517 453 565 motus
481 506 743 577 coeli;-ita
768 507 1009 562 omnium
1039 514 1283 563 motuum
1314 506 1632 565 inferiorum
1663 508 1924 566 mentium
1953 512 2280 586 principium

266 606 355 653 est
384 612 417 655 a
444 597 560 653 Deo
591 602 865 653 movente.
890 595 980 652 Sic
1006 599 1148 667 ergo·
1166 595 1344 652 nullus
1374 602 1553 668 potest
1591 612 1650 653 se
1687 600 1756 654 ad
1799 600 2032 670 gratiam
2065 618 2282 676 praepa-

267 701 414 755 rare,
444 700 549 744 nec
578 684 785 757 aliquid
810 684 935 757 boni
963 683 1163 752 facere,
1198 685 1301 740 nisi
1326 700 1426 757 per
1449 684 1694 742 divinum
1723 687 2002 745 auxilium.

340 774 425 831 Ad
459 774 697 846 primum
729 788 858 845 ergo
886 772 1195 839 dicendum,
1228 772 1373 845 quod
1414 788 1511 846 per
1533 773 1640 830 hoc
1669 775 2086 847 quod'hominis
2117 788 2198 837 est
2223 797 2282 839 se

272 864 339 919 ad
368 865 609 935 gratiam
637 877 947 935 praeparare
977 878 1073 935 por
1102 861 1331 918 liberum
1362 862 1668 930 arbitrium,
1711 878 1816 919 non
1847 866 2152 925 excluditur
2179 886 2284 926 nc-

274 951 503 1008 cessitas
522 950 711 1007 auxilii
730 950 935 1019 divini3
956 950 1102 1006 sicut
1129 957 1354 1023 neeffler
1382 950 1486 1007 hoc
1507 951 1698 1023 quod
1684 953 1825 1024 ignis
1838 958 1936 1010 est
1959 956 2279 1071 calefacere,

277 1040 583 1096 excluditur
613 1038 911 1095 necessitas
938 1038 1177 1095 coelestis
1206 1046 1408 1095 motus·

340 1128 423 1184 Ad
471 1127 783 1184 secundum
820 1127 1131 1194 dicendum,
1177 1127 1323 1199 quod
1365 1128 1512 1184 Deus
1549 1134 1732 1185 movet
1775 1131 1956 1188 omnia
1986 1135 2282 1192 secundum

276 1217 495 1273 modum
533 1232 753 1285 eorum;
778 1223 854 1271 ‘et
894 1214 1017 1271 ideo
1056 1214 1243 1273 divina
1287 1216 1457 1272 motio
1497 1232 1529 1273 a
1557 1216 1882 1291 quibusdam
1923 1224 2284 1295 participatur

279 1322 395 1361 cum
425 1305 777 1370 necessitate,
811 1319 844 1359 a
871 1310 1065 1360 natura
1098 1309 1283 1359 autem
1310 1304 1564 1361 rationali
1593 1320 1718 1361 cum
1747 1306 2020 1377 libertate,
2061 1314 2285 1384 propter

278 1394 375 1449 hoc
398 1394 546 1466 quod
588 1392 763 1449 virtus
790 1392 1073 1449 rationalis
1101 1408 1158 1447 se
1188 1392 1353 1449 habet
1386 1393 1456 1449 ad
1481 1395 1766 1465 opposita3
1797 1402 1853 1451 et
1883 1397 2005 1453 ideo
2029 1398 2110 1455 sic
2138 1402 2285 1457 Deus

278 1487 457 1537 movet
486 1485 729 1535 mentem
750 1478 1043 1535 humanam
1074 1479 1143 1536 ad
1172 1479 1393 1547 bonum,
1425 1479 1574 1553 quod
1600 1488 1781 1536 tamen
1808 1491 1988 1555 potest
2012 1484 2139 1541 huic
2166 1503 2286 1543 mo-

279 1570 407 1625 tioni
438 1570 698 1625 resistere
730 1585 744 1623 :
776 1574 832 1623 et
854 1568 935 1624 sic
972 1584 1039 1624 ex
1067 1568 1181 1624 Deo
1210 1576 1293 1625 est
1334 1574 1395 1623 ut
1425 1567 1584 1623 homo
1613 1584 1672 1625 se
1705 1570 1773 1625 ad
1805 1573 2040 1642 gratiam
2069 1590 2285 1648 praepas·

279 1667 391 1728 ret3
436 1657 535 1713 sed
571 1656 720 1731 quod
767 1660 945 1729 gratia
972 1663 1177 1723 careat,
1227 1672 1336 1712 non
1373 1656 1538 1713 habet
1567 1674 1790 1715 causam
1833 1675 1864 1715 a
1908 1660 2043 1730 Deo,
2083 1660 2178 1719 sed
2218 1665 2286 1722 ab
2355 1688 2360 1693 ·
2455 1654 2464 1663 ’

278 1748 511 1814 homine,
540 1745 841 1813 secundum
888 1745 1017 1801 illud
1063 1746 1221 1802 Oseae
1250 1761 1381 1815 xm,
1416 1750 1448 1801 9
1473 1763 1485 1800 :
1521 1746 1762 1803 Perditio
1789 1754 1884 1805 tua
1911 1766 1978 1805 ex
2003 1758 2054 1808 te
2081 1752 2254 1810 Israel
2261 1769 2282 1822 ,·

282 1834 639 1909 tantummodo
668 1850 733 1889 ea:
759 1847 841 1890 me
869 1834 1135 1891 auxilium
1166 1842 1339 1891 tuum.
1609 1855 1614 1861 ·

349 1926 426 1981 Ad
446 1923 672 1981 tertium
696 1924 1005 1989 dicendum,
1029 1924 1323 1995 quodlicet
1349 1932 1634 1996 peccatum
1659 1942 1766 1983 non
1787 1928 1912 1985 sita
1936 1931 2068 1998 Dee,
2087 1939 2278 1989 tamen

281 2014 441 2070 Deus.
467 2019 757 2087 peccatum
801 2009 1128 2085 quandoque
1173 2012 1391 2072 ordinat
1434 2014 1649 2071 adhoc
1690 2024 1751 2073 ut
1797 2016 1870 2073 sit
1899 2016 2062 2075 alicui
2089 2020 2282 2077 salutis

282 2116 511 2157 occasio.
1831 2134 1835 2137 .

938 2282 1393 2344 ARTIGULUS
1451 2284 1620 2344 VIII.

296 2414 505 2481 Utrum
524 2402 771 2497 primus
794 2414 960 2490 homo
984 2414 1052 2476 in
1076 2420 1248 2478 statu
1275 2417 1630 2478 innocentiae
1649 2434 1768 2479 non
1788 2418 2068 2485 dileoeerit
2089 2422 2284 2489 Deum

450 2506 638 2586 super
668 2504 996 2567 omnia.'—
1026 2506 1085 2583 (1
1104 2508 1307 2583 part„
1334 2510 1546 2584 quoest.
1579 2506 1678 2581 60,
1711 2511 1832 2568 art.
1866 2508 1904 2567 3
1928 2514 1984 2571 ec
2011 2510 2101 2589 5).

348 2639 427 2696 Ad
472 2639 699 2695 tertium
738 2637 818 2693 sic
847 2635 1180 2709 proceditur.
1227 2638 1278 2691 4.
1319 2636 1550 2693 Videtur
1595 2639 1742 2711 quod
1773 2639 1980 2712 primus
2025 2642 2184 2702 homo
2231 2647 2284 2703 in

287 2734 427 2784 statu
464 2726 795 2783 innocentiae
823 2740 928 2781 non
958 2724 1209 2781 dilexerit
1244 2724 1420 2781 Deum
1458 2741 1622 2798 supe-r
1657 2728 1858 2796 omnia,
1900 2735 1956 2786 et
1999 2732 2283 2807 plusquam
2331 2737 2336 2741 ’

287 2832 341 2872 se
364 2818 566 2889 ipsum.
602 2815 693 2871 Sic
730 2813 876 2869 enim
904 2812 1129 2884 diligere
1167 2814 1360 2879 Deum,
1402 2814 1740 2872 meritorium
1773 2826 1858 2875 est
1895 2822 2148 2877 maxime.
2181 2824 2284 2881 Sed

286 2906 485 2974 primus
522 2904 687 2960 homo
725 2902 779 2957 in
816 2909 963 2961 statu
1002 2902 1093 2957 illo
1136 2918 1244 2957 non
1276 2902 1467 2958 habuit
1497 2904 1640 2959 unde
1667 2913 1851 2978 posset
1893 2911 2154 2979 proficere
2193 2930 2286 2985 per

286 2996 558 3060 meritum,
592 3000 653 3047 ut
680 2990 881 3047 dicitur
923 2991 978 3045 in
1007 2992 1075 3047 24
1109 2990 1264 3057 dist.,
1302 2991 1350 3045 11
1382 2991 1476 3047 lib.
1520 2994 1672 3049 Sent.
1713 2994 1854 3065 Ergo
1882 2998 2088 3069 primus
2123 2999 2286 3058 homo

286 3080 337 3137 in
356 3089 506 3139 statu
534 3080 629 3136 illo
653 3096 759 3137 non
784 3079 974 3135 dilexit
998 3079 1171 3135 Deum
1195 3079 1484 3152 plusquam
1508 3096 1567 3136 se
1589 3082 1783 3153 ipsum,
1813 3090 1867 3139 et
1897 3100 2060 3157 super
2081 3090 2283 3146 omnia.

350 3176 402 3229 2.
434 3173 726 3236 Praeterea,
760 3168 842 3223 sic
867 3167 1093 3239 diligere
1123 3169 1316 3235 Deum,
1348 3174 1446 3230 est„
1462 3169 1698 3225 maxima
1728 3174 2056 3245 praeparatio
2089 3179 2286 3234 mentis

284 3256 533 3315 humanae
552 3257 625 3312 ad
654 3254 889 3327 gratiam
920 3253 1379 3325 consequendam.
1417 3254 1628 3312 Primus
1656 3264 1838 3315 autem
1867 3259 2106 3319 homo.in
2137 3273 2286 3321 statu

278 3345 373 3401 .illo
410 3346 633 3419 ponitur
674 3343 909 3414 gratiam
943 3356 1067 3403 non,
1094 3340 1367 3409 habuisse,
1408 3343 1504 3399 sed
1537 3344 1652 3401 sola
1686 3347 1980 3406 naturalia.
2009 3350 2152 3425 Ergo
2179 3369 2284 3411 non

289 3433 472 3490 dilexit
492 3434 672 3489 Deum
699 3431 989 3505 plusquam
1016 3446 1077 3487 se
1105 3431 1302 3503 ipsum,
1326 3438 1382 3487 et
1409 3447 1574 3511 super
1599 3436 1803 3493 omnia.

286 3562 293 3574 .
355 3526 406 3579 3.
441 3524 733 3587 Praeterea,
764 3526 961 3575 natura
990 3518 1045 3575 in
1074 3534 1133 3575 se
1161 3529 1407 3599 recurva·
1427 3526 1528 3589 est,
1557 3522 1688 3595 quia
1713 3526 1925 3584 scilicet
1953 3530 2132 3586 omnia
2161 3547 2286 3603 quae

294 3618 449 3679 amat,
480 3614 765 3681 retorquet
806 3609 875 3665 ad
904 3624 983 3665 se.
1013 3609 1119 3667 Sed
1162 3616 1381 3680 propter
1409 3610 1555 3682 quod
1601 3616 2026 3688 unumquodque
2059 3610 2184 3684 tale,
2230 3626 2286 3675 et

296 3700 416 3756 illud
438 3702 635 3772 magis.
663 3698 805 3770 Ergo
828 3697 1064 3755 naturali
1090 3697 1381 3755 dilectione
1401 3698 1521 3770 pius
1543 3700 1806 3772 diligebat
1831 3720 1890 3760 se
1917 3706 2093 3777 ipsum
2121 3724 2283 3780 quam

226 3782 231 3788 ’
298 3788 457 3845 Deum
487 3806 500 3845 ε
528 3802 640 3845 non
667 3802 797 3859 ergo
826 3786 1085 3858 diligebat
1113 3786 1289 3849 Deum
1310 3802 1473 3859 snper
1501 3789 1704 3845 omnia.
2216 3823 2226 3833 ·

361 3877 463 3935 Sed
500 3883 711 3955 contra,
742 3876 789 3935 si
830 3890 937 3934 non
971 3874 1233 3947 diligebat
1274 3876 1448 3933 Deum
1490 3877 1612 3949 plus
1655 3894 1819 3951 quam
1847 3894 1907 3939 se
1937 3880 2146 3955 ipsum
2189 3876 2286 3959 anit
