2800 4492
517 341 641 417 348'
697 387 702 392 ·
996 372 1048 417 s,
1093 370 1326 414 ‘rnonmz
1367 369 1693 421 mmm-ria
1736 369 2043 414 croscum

520 496 649 546 tunc
667 494 785 546 erat
805 487 1304 552 indeterminatum5
1327 490 1390 540 et·
1403 500 1503 558 pro
1522 491 1650 542 voto
1670 483 2049 548 adhibebatura
2072 485 2321 546 Aliorum
2342 487 2544 561 opinio

462 629 481 648 ,
518 589 620 644 est,
654 577 797 650 quod
827 575 975 632 solus
1002 575 1228 632 interior
1254 581 1434 630 motus
1458 573 1585 630 fidei
1609 573 1813 630 relatus
1836 575 1904 631 ad
1929 575 2159 632 salutem
2184 577 2337 648 pueri
2368 576 2544 632 suffi-

519 667 702 723 ciebat·
728 666 796 722 ad
825 665 1057 722 salutem
1083 664 1235 736 pueri
1269 681 1282 718 :
1325 678 1427 719 nec
1456 669 1637 719 tamen
1665 677 1808 718 nunc
1832 663 2102 720 diminuta
2127 671 2211 720 est
2243 664 2369 720 fidei
2414 665 2543 719 vir-

521 764 626 820 tus,
657 755 751 810 sed
779 749 1164 826 augmentatur
1191 751 1408 823 gradus„
1421 751 1645 819 saiutis;
1677 751 1807 824 quia
1834 767 1975 807 nunc
1998 753 2091 825 qui
2118 751 2401 810 salvantur
2436 768 2541 826 per

519 843 811 910 Christum,
855 843 1042 899 statim
1071 841 1492 897 introducuntur
1529 839 1584 895 in
1623 855 1847 911 regnum
1884 839 2166 906 coetorum,
2208 841 2354 913 quod
2394 849 2541 897 tunc

519 948 624 988 non
655 941 801 1000 crat3
845 930 988 986 unde
1016 944 1123 985 non
1151 935 1235 984 est
1279 928 1683 995 inconvenienti,
1728 928 1774 987 si
1804 928 1871 984 ad
1902 928 2004 984 hoc
2036 927 2271 1002 amplius
2312 929 2535 1004 aliquid

517 1021 845 1094 requiratur,
876 1018 1085 1075 scilicet
1113 1017 1433 1091 baptismum
1465 1024 1527 1073 ut
1556 1017 1755 1074 dicitur
1780 1018 1937 1074 Joan.
1970 1033 2059 1074 ut.

589 1109 668 1164 Ad
696 1107 993 1164 secundum
1017 1105 1327 1170 dicendum,
1351 1106 1496 1177 quod
1521 1122 1613 1176 por
1638 1105 1911 1162 Christum
1938 1105 1991 1161 in
2016 1105 2119 1164 hoc
2149 1106 2265 1180 ipso
2282 1114 2369 1162 est
2398 1125 2533 1164 am-

519 1199 687 1272 pliata
733 1196 1040 1253 hominibus
1088 1196 1174 1250 via
1202 1194 1394 1251 salutis
1423 1194 1566 1266 quod
1612 1209 1752 1250 nunc
1794 1211 1889 1266 per
1928 1211 2053 1250 eum
2100 1205 2289 1267 aperta
2316 1204 2403 1252 est
2444 1199 2531 1253 eis

511 1291 680 1359 janua
723 1287 852 1343 vitae
896 1293 1137 1354 aeternae,
1187 1297 1309 1356 quae
1353 1290 1479 1339 ante
1498 1281 1694 1339 clausa
1736 1289 1854 1341 crat
1896 1299 1991 1356 per
2030 1293 2313 1362 peccatum
2360 1287 2526 1358 primi

517 1373 758 1449 parentis
1946 1394 1959 1406 ·

1231 1495 1685 1558 ARTICULUS
1725 1498 1803 1557 V.

529 1617 748 1680 Utrum
783 1614 982 1696 possit
1023 1631 1142 1676 esse
1187 1612 1639 1675 matrimonium
1666 1612 1825 1675 inter
1872 1613 2287 1676 Christianum
2312 1620 2371 1678 et
2396 1617 2524 1678 Ju-

597 1705 785 1766 daeam
831 1703 1198 1782 baptizatam
1241 1700 1314 1764 ab
1355 1718 1441 1775 00,
1486 1717 1665 1780 quam
1706 1701 2036 1764 carnaliter·
2080 1704 2359 1783 coynovit
2383 1711 2535 1782 post·
2596 1703 2603 1706 ’

603 1793 777 1870 fidem
825 1793 897 1854 do
941 1789 1336 1854 contrahendo
1379 1789 1711 1860 datam..-
1742 1791 1827 1870 (4,
1878 1790 2022 1854 dist.
2077 1793 2179 1868 42,
2208 1799 2419 1872 quast.
2453 1795 2517 1870 3,

597 1886 717 1942 art.
753 1879 840 1959 l).
1289 1925 1294 1930 -

521 2019 528 2026 »
586 1995 669 2050 Ad
711 1993 1007 2060 secundum
1049 1992 1129 2048 sic
1158 1992 1491 2066 proceditur.
1521 1996 1573 2048 ⁴.
1618 1993 1845 2049 Videtur
1873 1993 2019 2066 quod
2061 2009 2168 2050 non
2197 1997 2365 2068 possit
2398 2013 2521 2054 csse

515 2082 920 2138 matrimonium
969 2082 1110 2137 inter
1147 2081 1512 2139 Christianum
1558 2087 1615 2137 et
1658 2081 1903 2138 Judaeam
1946 2081 2389 2154 baptizatam-ab
2428 2101 2517 2150 co,

517 2188 683 2244 quam
711 2172 1002 2228 carnaliter
1031 2173 1284 2242 cognovit
1323 2177 1446 2244 post
1474 2171 1635 2228 fidem
1677 2172 1745 2226 de
1772 2173 2143 2228 contrahendo
2170 2174 2379 2229 datam.
2420 2177 2521 2231 Di-

516 2263 657 2316 citur
693 2263 838 2316 enim
882 2261 936 2316 in
968 2261 1230 2324 Decretis,
1263 2263 1350 2327 30,
1395 2267 1590 2333 quaest.
1624 2262 1675 2325 ⁴,
1708 2261 1853 2332 quod
1887 2261 2027 2317 fitius
2066 2263 2370 2318 sacerdotis
2409 2281 2519 2320 non

517 2356 695 2422 potest
716 2351 913 2405 ducere
939 2350 990 2404 in
1016 2365 1240 2406 uxorem
1260 2347 1493 2422 puellam
1518 2363 1683 2420 quam
1709 2355 1865 2420 pater
1886 2344 2005 2420 ejus
2029 2349 2347 2423 baptizavit.
2373 2352 2517 2423 Ergo

517 2437 688 2496 multo
717 2439 914 2504 minus,
942 2438 1244 2509 siipsemet
1281 2435 1611 2508 baptizasset
1636 2451 1776 2502 eam,
1811 2452 1919 2491 non
1948 2446 2129 2509 posset
2166 2455 2286 2495 eam
2315 2439 2519 2496 habere

515 2527 570 2582 in
600 2543 840 2582 uxorema
867 2527 921 2582 Si
939 2541 1080 2596 ergo
1102 2527 1204 2582 iste
1229 2524 1567 2581 Christianus
1592 2521 1891 2598 baptizavit
1912 2526 2173 2592 Judaeam,
2202 2542 2307 2583 non
2336 2535 2519 2600 potest

516 2631 647 2672 eam
664 2617 717 2671 in
749 2631 970 2671 uxorem
998 2615 1265 2686 accipere.

527 2689 540 2704 ⁴
577 2704 691 2760 'Sed
718 2710 1042 2768 contraest,
1071 2703 1201 2773 quia
1238 2701 1536 2758 secundum
1563 2703 1705 2773 jura,
1734 2701 1959 2774 quando·
1982 2710 2101 2775 post
2132 2703 2291 2761 [idem
2326 2705 2519 2766 datam

515 2793 584 2848 de
605 2790 973 2847 contrahendo
1013 2807 1105 2862 per
1133 2789 1299 2864 verba
1327 2790 1394 2845 de
1423 2790 1627 2855 futuro,
1658 2791 1911 2863 sequitur
1928 2792 2122 2864 copula
2146 2794 2404 2863 carnaim,
2431 2803 2519 2852 est

515 2880 921 2937 matrimonium
948 2884 1335 2951 praesumptum
1362 2878 1783 2950 praesumptionc
1806 2880 1965 2948 juria,
1998 2883 2187 2937 cdntra
2214 2899 2381 2954 quam
2407 2899 2520 2939 non

514 2966 1134 3040 admittiturprobatiO.
1175 2966 1280 3022 Sed
1321 2967 1398 3022 ita
1446 2974 1529 3022 est
1566 2967 1620 3020 in
1666 2968 1963 3040 proposito.
2004 2968 2145 3041 Ergo
2186 2979 2279 3031 ,est
2312 2965 2545 3031 verum,

513 3057 940 3115 matrimonium.-

583 3147 902 3219 Respondeo
931 3143 1242 3210 dicendum,
1277 3143 1429 3216 quod·
1449 3135 1749 3216 spiritualis
1773 3146 2025 3216 cognatio
2055 3146 2521 3220 impeditmatri-

515 3234 754 3290 monium
792 3234 1240 3298 contrahendum,
1281 3237 1336 3286 et
1379 3231 1587 3286 dirimit
1608 3233 2129 3304 jam.contractum.
2169 3237 2519 3295 Manifestum

514 3328 598 3376 est
623 3330 803 3376 autem
830 3321 973 3393 quod
997 3335 1066 3376 ex
1095 3321 1199 3374 hoc
1223 3319 1368 3392 quod
1398 3318 1736 3375 Christianus
1764 3320 2061 3394 baptizavit
2081 3324 2106 3377 J
2116 3322 2347 3391 udaeam,
2379 3341 2521 3384 con-

513 3408 749 3465 trahitur
775 3408 915 3464 inter
943 3406 1064 3463 illos
1089 3407 1388 3480 spiritualis
1412 3409 1683 3478 cognatm,
1710 3407 1838 3480 quia
1866 3408 1957 3465 ilia
1986 3409 2047 3465 fit
2072 3409 2181 3466 filia
2206 3413 2325 3483 eJus
2348 3415 2520 3486 spiri-

513 3497 706 3566 tuaii33
741 3498 883 3552 unde
923 3495 1126 3551 nullum
1156 3502 1239 3551 est
1265 3495 1669 3552 matrimonium
1701 3511 1952 3566 sequena,
1994 3501 2160 3555 etiam
2182 3501 2229 3555 si
2260 3517 2521 3574 expresse

513 3586 801 3644 contrahat
837 3601 932 3660 per
957 3584 1138 3642 'verba
1177 3583 1244 3650 de
1272 3585 1548 3658 praesenti,
1580 3594 1635 3641 et
1676 3585 2251 3661 etiamsubaequatur
2276 3593 2520 3650 carnaiis

513 3676 727 3750 copula.

527 3765 535 3780 ¹
581 3765 649 3818 Et
679 3779 776 3835 per
803 3759 905 3818 hoc
941 3768 1096 3836 patet
1133 3760 1413 3833 responsio
1452 3762 1520 3817 ad
1546 3761 1779 3834 objecta.
1822 3764 1962 3820 Nam
1990 3765 2137 3836 quod
2160 3766 2386 3824 dictum
2428 3777 2519 3826 est

511 3852 580 3907 de
621 3851 1040 3923 praesumptione
1065 3849 1225 3921 juris,
1269 3847 1679 3920 intelligendum
1709 3858 1794 3922 est
1830 3853 2049 3926 quaudo
2076 3870 2187 3913 non
2218 3856 2519 3916 intervenit

513 3936 737 4010 atiquod
767 3937 1216 4010 impedimentum
1239 3937 1592 4010 matrimonii.
