2800 4492
553 378 674 440 358
999 393 1087 445 ,s.
1129 391 1365 439 ‘monas
1404 389 1736 444 nomm-ns
1775 389 2087 438 oruseuu

558 517 828 584 quantum
861 508 1096 583 pertinet
1125 508 1195 567 ad
1237 507 1606 567 conditionem
1633 509 1805 584 ipsius
1832 506 1932 576 rei,
1963 512 2146 583 potest
2185 522 2246 564 re
2270 520 2372 564 sua
2398 505 2482 564 uti
2507 511 2572 561 ut

559 599 707 669 vult3
737 607 793 657 et
820 616 889 656 ex
924 599 1030 656 hac
1051 605 1206 670 parte
1230 614 1338 655 non
1362 598 1565 656 accidit
1590 604 1907 672 peccatum;
1939 603 2119 670 potest
2150 601 2334 652 tamen
2368 609 2571 669 pecca-

560 695 676 744 tum
707 687 955 745 accidere
981 704 1050 744 ex
1079 686 1392 744 inordinato
1423 687 1584 743 modo
1610 686 1799 742 utendi
1834 702 1848 741 ε
1878 684 1965 742 vel
1995 701 2091 758 per
2118 682 2569 756 superabundan-

561 777 714 846 liam,
755 777 886 832 dum
912 775 1122 833 scilicet
1152 776 1421 832 inutiliter
1456 759 1729 832 consumit
1764 773 1907 830 bona
1932 774 2151 847 propria
2176 773 2230 828 in
2256 788 2321 830 ea
2346 772 2404 828 in
2445 787 2568 844 quae

559 881 669 922 non
713 871 956 938 oportet3
986 864 1075 920 vel
1120 865 1423 922 secundum
1467 864 1763 934 deiectum,
1796 864 1851 919 in
1896 869 2163 938 quantum
2209 861 2423 918 scilicet
2463 876 2569 918 nou

561 961 751 1026 erogat
774 970 838 1010 ea
866 955 921 1010 in
946 969 1071 1027 quae
1092 958 1328 1026 oportet.
1349 954 1595 1028 Utroque
1617 953 1763 1009 enim
1788 950 1950 1008 modo
1977 951 2349 1024 corrumpitur
2372 949 2565 1020 virtus,

563 1049 624 1098 ut
651 1040 852 1098 dicitur
875 1042 930 1098 in
962 1059 1004 1099 ιι
1030 1043 1207 1098 Ethic.

629 1131 900 1188 Bonorum
939 1147 1070 1189 vero
1113 1129 1609 1188 ecclesiasticorum
1650 1128 1835 1186 clerici
1864 1143 1973 1186 non
2014 1135 2143 1185 sunt
2168 1143 2301 1185 vere
2343 1125 2565 1195 domini,

560 1219 660 1276 sed
695 1219 1118 1291 dispensatores,
1151 1217 1451 1276 secundum
1480 1217 1613 1277 illud
1641 1219 1662 1273 1
1689 1216 1761 1274 ad
1798 1217 2043 1274 Corinth.
2075 1212 2160 1287 ix,
2190 1215 2263 1272 ⁴7
2294 1231 2310 1270 ε
2340 1214 2571 1287 Dispen-

560 1306 700 1364 satio
726 1314 903 1365 autem
929 1307 1064 1364 mihi
1090 1307 1294 1363 credita
1320 1314 1417 1364 est.
1449 1307 1691 1362 Pertinet
1727 1313 1913 1362 autem
1942 1303 2010 1361 ad
2047 1304 2483 1378 dispensatorem
2508 1309 2569 1359 ut

563 1395 798 1453 fideliter
835 1395 1129 1452 distribuat
1165 1411 1231 1452 ea
1273 1411 1398 1471 quae
1424 1397 1545 1468 ejus
1571 1394 1965 1468 dispensationi
2002 1393 2441 1459 committuntur,
2479 1407 2571 1448 se-

563 1484 802 1541 cundum
826 1484 957 1541 illud
982 1485 1006 1542 1
1025 1485 1092 1540 ad
1113 1485 1239 1541 Cor.
1271 1499 1349 1552 iv,
1374 1489 1407 1542 2
1432 1500 1446 1539 t
1471 1483 1703 1556 Hiejum
1723 1481 1998 1556 queritur
2017 1481 2165 1538 inter
2186 1481 2573 1554 dispensatores

561 1578 625 1628 ut
648 1572 819 1644 fidelis
844 1572 964 1646 quis
992 1573 1325 1631 inveniatur.

635 1661 694 1716 ln
723 1661 808 1716 his
851 1676 980 1732 ergo
1009 1668 1188 1734 potest
1225 1660 1517 1734 dupliciter
1554 1665 1838 1732 peccatum
1872 1660 2210 1731 contingere.
2249 1658 2371 1716 Uno
2414 1659 2569 1716 modo

567 1764 635 1804 ex
651 1748 960 1804 conditione
985 1749 1156 1820 ipsius
1179 1750 1290 1816 rei;
1320 1748 1453 1804 dum
1480 1748 1690 1804 scilicet
1716 1754 1945 1821 usurpat
1971 1746 2076 1804 sibi
2104 1748 2265 1822 quasi
2297 1763 2417 1804 rem
2444 1763 2571 1819 pro-

566 1836 761 1909 priam,
805 1842 862 1893 et
890 1837 945 1891 in
979 1851 1116 1894 usus,
1146 1851 1276 1892 suos
1301 1837 1573 1893 convertit
1608 1836 1664 1892 id
1692 1836 1838 1908 quod
1876 1844 2021 1892 esset
2050 1835 2173 1892 aliis
2214 1836 2573 1908 erogandum.

565 1923 688 1980 Alio
713 1923 874 1980 modo
914 1939 982 1979 ex
1011 1923 1318 1982 inordinato
1349 1939 1448 1980 usu
1471 1940 1661 1981 eorum
1684 1940 1809 1998 quae
1836 1925 1892 1980 in
1916 1931 2132 1999 partem
2162 1939 2320 1980 suam
2346 1923 2571 1992 cedunt,

567 2012 710 2069 sicut
737 2013 906 2072 etiam
945 2012 1014 2069 de
1042 2012 1164 2069 aliis
1206 2013 1415 2070 dictum
1458 2021 1561 2070 est.
1594 2013 1810 2081 Verum,
1857 2013 1987 2086 quia
2015 2013 2207 2069 horum
2236 2012 2575 2083 dispensatio

566 2100 695 2158 fidei
720 2100 1514 2178 dispensatoriscommittitur,
1552 2110 1613 2159 ut
1640 2101 1848 2162 dictum
1886 2107 1999 2171 est;
2030 2102 2077 2158 si
2122 2098 2249 2173 quis
2288 2100 2432 2157 bona
2472 2101 2577 2157 fide

568 2188 846 2261 dispensat
883 2189 1255 2256 ecclesiastica
1293 2190 1455 2256 bona,
1507 2188 1634 2247 inde
1672 2184 1947 2263 accipiens
1982 2189 2131 2263 quod
2172 2188 2275 2248 sibi
2317 2190 2578 2245 convenit

567 2278 866 2333 secundum
894 2278 1261 2338 conditionem
1289 2285 1469 2335 status
1496 2284 1550 2334 et
1585 2291 1851 2350 personae,
1883 2285 1939 2334 et
1965 2277 2087 2334 aliis
2115 2276 2349 2347 largitur
2374 2291 2581 2334 secun·

567 2366 698 2423 dum
721 2366 864 2440 quod
895 2365 998 2422 sibi
1027 2367 1242 2424 videtur
1279 2366 1421 2423 bona
1454 2366 1559 2422 fide
1585 2365 1861 2440 expedire,
1894 2380 1999 2422 non
2027 2371 2221 2440 peccat
2246 2363 2576 2432 mortaliter,

567 2455 734 2512 etiam
760 2456 807 2511 si
835 2453 974 2512 forte
1002 2453 1209 2528 aliquid
1238 2454 1358 2528 plus
1387 2455 1441 2510 in
1471 2469 1600 2511 suos
1628 2470 1760 2510 usus
1785 2460 2071 2513 convertat
2100 2469 2269 2529 quam
2300 2460 2579 2526 oporteat.

567 2541 721 2600 Talia
744 2544 908 2606 enim.
939 2543 1070 2616 quia
1101 2544 1158 2599 in
1182 2542 1555 2615 singularibus
1576 2550 1659 2599 est
1684 2558 1871 2599 eorum
1890 2542 2178 2616 judicium,
2211 2557 2318 2598 non
2347 2548 2583 2615 possunt

567 2647 666 2702 per
688 2631 1056 2688 omnimodam
1087 2633 1473 2688 certitudinem
1496 2632 1732 2690 definiri.
1758 2632 1915 2688 Unde
1938 2632 1984 2687 si
2010 2646 2117 2688 non
2141 2632 2213 2688 sit
2242 2629 2453 2686 multus
2480 2647 2586 2688 ex-

450 2779 458 2784 ,
569 2733 774 2786 cessus,
801 2726 982 2791 potest
1007 2721 1245 2794 compati
1275 2721 1475 2786 bonam
1498 2721 1659 2776 fidem
1686 2720 2106 2793 dispensatoris3
2138 2720 2186 2778 si
2214 2735 2347 2776 vero
2374 2719 2586 2775 multus

571 2813 825 2863 excessus
853 2807 948 2866 fiat
987 2824 1095 2867 non
1125 2815 1305 2881 potest
1334 2809 1537 2879 latere;
1569 2817 1625 2866 et
1663 2808 1740 2866 ita
1780 2824 1886 2868 non
1917 2817 2099 2881 potest
2124 2823 2251 2865 cum
2290 2807 2441 2865 bona
2477 2807 2586 2864 fide

569 2893 960 2970 dispensatoris
999 2896 1104 2953 hoc
1131 2898 1267 2970 agit.
1295 2898 1352 2956 Si
1391 2906 1575 2955 autem
1611 2912 1719 2955 non
1757 2903 2045 2966 conservet
2072 2885 2271 2955 bonam
2312 2896 2489 2954 fidem
2528 2897 2590 2955 in

569 2983 954 3056 dispensando,
988 2982 1529 3058 peccatmor'taliter.
1610 3041 1615 3045 .

638 3072 720 3138 Ad
745 3072 979 3145 primum
1001 3089 1132 3145 ergo
1160 3073 1471 3142 dicendum,
1500 3074 1667 3148 quod,
1698 3074 1842 3132 sicut
1865 3074 2202 3145 Augustinus
2225 3073 2364 3131 dicit
2390 3074 2454 3131 in
2488 3073 2593 3133 lib.

568 3159 638 3217 de
665 3175 914 3217 sermone
937 3163 1153 3218 Domini
1185 3163 1238 3218 in
1265 3169 1467 3230 monte,
1496 3162 1588 3219 illa
1617 3172 1891 3235 praeoepta
1913 3177 2039 3236 quae
2063 3163 2325 3218 Dominus
2348 3163 2595 3220 tradidit

570 3247 767 3304 Matth.
798 3265 852 3316 v,
885 3252 952 3304 39
999 3266 1014 3306 ε
1055 3249 1161 3315 Qui
1193 3251 1526 3323 percusserit
1549 3258 1598 3308 te
1626 3251 1684 3306 in
1707 3267 1872 3312 unam
1910 3251 2208 3316 maxillam,
2233 3250 2513 3334 proebe‘ei
2540 3259 2595 3309 et

567 3335 756 3404 aliam,
785 3343 841 3392 et
869 3353 994 3408 quae
1037 3337 1111 3393 ibi
1140 3346 1465 3410 sequuntur,
1492 3346 1619 3396 sunt
1648 3338 1997 3412 intelligenda
2020 3339 2321 3396 secundum
2361 3356 2599 3413 praepa-
2710 3386 2716 3395 .

567 3425 839 3488 rationem
886 3425 1082 3492 animi3
1122 3432 1184 3480 ut
1213 3426 1391 3483 silicet
1430 3427 1599 3485 homo·
1635 3429 1708 3484 sit
1736 3434 1961 3500 paratus
2003 3427 2107 3484 hoc
2148 3428 2329 3485 facere
2356 3430 2599 3502 quando

569 3513 870 3570 necessitas
911 3512 1014 3569 hoc
1050 3513 1299 3586 requirit.
1329 3516 1485 3573 Unde
1507 3508 1627 3572 'non
1669 3532 1883 3590 semper
1910 3524 1995 3572 est
2021 3521 2309 3590 peccatum
2349 3518 2603 3574 mortale

569 3603 787 3674 quando
825 3601 987 3670 homo
1023 3601 1127 3670 hoc
1171 3618 1276 3660 non
1303 3603 1464 3674 facit3
1494 3605 1587 3660 sed
1614 3606 1833 3678 quaudo
1860 3605 2011 3662 videt
2038 3603 2434 3661 necessitatem
2482 3607 2607 3662 im-

566 3688 791 3756 minere,
823 3690 869 3744 si
899 3705 1005 3745 non
1035 3689 1220 3758 saciat,
1256 3699 1385 3748 tunc
1414 3698 1605 3766 peccat
1636 3692 1940 3749 mortaliter
1968 3707 1989 3750 .·
2017 3699 2074 3749 et
2102 3691 2295 3750 eadem
2324 3693 2479 3748 ratio
2508 3701 2617 3758 est,

569 3774 638 3830 de
666 3775 768 3832 hoc
795 3785 1086 3850 praecepto,
1133 3779 1236 3844 Qui
1273 3779 1424 3839 habet
1465 3780 1599 3837 duae
1626 3781 1856 3848 tunicas,
1886 3781 1974 3839 det
2004 3797 2111 3836 non
2146 3778 2387 3846 habenti,
2432 3791 2492 3836 et
2528 3782 2608 3838 de

571 3863 817 3918 omnibus
841 3865 1136 3936 similibus.
1167 3867 1320 3924 Unde
1357 3885 1464 3925 non
1498 3885 1711 3943 semper
1747 3875 1941 3943 peccat
1974 3868 2281 3928 mortaliter
2324 3869 2611 3942 quoties-

575 3961 808 4032 oumque
831 3965 936 4008 non
960 3952 1055 4010 dat
1075 3957 1296 4028 pauperi
1323 3957 1417 4031 qui
1440 3957 1774 4031 superfluum
1797 3957 1980 4030 habet,
2006 3957 2104 4018 sed
2128 3956 2353 4032 ,quando
2376 3973 2607 4018 neces-
