<?xml version="1.0" encoding="UTF-8"?>
<!DOCTYPE html PUBLIC "-//W3C//DTD XHTML 1.0 Transitional//EN"
    "http://www.w3.org/TR/xhtml1/DTD/xhtml1-transitional.dtd">
<html xmlns="http://www.w3.org/1999/xhtml" xml:lang="en" lang="en">
 <head>
  <title>
</title>
<meta http-equiv="Content-Type" content="text/html;charset=utf-8" />
  <meta name='ocr-system' content='tesseract 3.04.00' />
  <meta name='ocr-capabilities' content='ocr_page ocr_carea ocr_par ocr_line ocrx_word'/>
</head>
<body>
  <div class='ocr_page' id='page_1' title='image "./sthomaquinatisd00thomgoog_0028.png"; bbox 0 0 2800 4492; ppageno 0'>
   <div class='ocr_carea' id='block_1_1' title="bbox 481 274 2045 343">
    <p class='ocr_par' dir='ltr' id='par_1_1' title="bbox 481 274 2045 343">
     <span class='ocr_line' id='line_1_1' title="bbox 481 274 2045 343; baseline -0.002 -5"><span class='ocrx_word' id='word_1_1' title='bbox 481 274 575 339; x_wconf 59' lang='lat' dir='ltr'>1AE</span> <span class='ocrx_word' id='word_1_2' title='bbox 949 291 1006 338; x_wconf 81' lang='lat' dir='ltr'>s.</span> <span class='ocrx_word' id='word_1_3' title='bbox 1049 290 1283 337; x_wconf 64' lang='lat' dir='ltr'>moue.</span> <span class='ocrx_word' id='word_1_4' title='bbox 1320 286 1651 343; x_wconf 68' lang='lat' dir='ltr'>mmm-ns</span> <span class='ocrx_word' id='word_1_5' title='bbox 1689 284 2045 337; x_wconf 62' lang='lat' dir='ltr'>museum:</span> 
     </span>
    </p>
   </div>
   <div class='ocr_carea' id='block_1_2' title="bbox 433 403 2533 3905">
    <p class='ocr_par' dir='ltr' id='par_1_2' title="bbox 433 403 2533 3905">
     <span class='ocr_line' id='line_1_2' title="bbox 478 403 2495 480; baseline -0.001 -17"><span class='ocrx_word' id='word_1_6' title='bbox 478 408 648 465; x_wconf 85' lang='lat' dir='ltr'>eliam</span> <span class='ocrx_word' id='word_1_7' title='bbox 675 408 732 464; x_wconf 88' lang='lat' dir='ltr'>in</span> <span class='ocrx_word' id='word_1_8' title='bbox 758 410 908 465; x_wconf 84' lang='lat' dir='ltr'>statu</span> <span class='ocrx_word' id='word_1_9' title='bbox 934 407 1040 465; x_wconf 81' lang='lat' dir='ltr'>viae</span> <span class='ocrx_word' id='word_1_10' title='bbox 1079 406 1242 479; x_wconf 82' lang='lat' dir='ltr'>hujus</span> <span class='ocrx_word' id='word_1_11' title='bbox 1279 404 1628 480; x_wconf 82' lang='lat' dir='ltr'>cognoscitur</span> <span class='ocrx_word' id='word_1_12' title='bbox 1662 403 1811 465; x_wconf 83' lang='lat' dir='ltr'>Deu‘s</span> <span class='ocrx_word' id='word_1_13' title='bbox 1846 422 1878 463; x_wconf 88' lang='lat' dir='ltr'>a</span> <span class='ocrx_word' id='word_1_14' title='bbox 1926 406 2081 463; x_wconf 84' lang='lat' dir='ltr'>n&#39;obis</span> <span class='ocrx_word' id='word_1_15' title='bbox 2120 404 2217 479; x_wconf 80' lang='lat' dir='ltr'>per</span> <span class='ocrx_word' id='word_1_16' title='bbox 2256 404 2495 479; x_wconf 59' lang='lat' dir='ltr'>species,</span> 
     </span>
     <span class='ocr_line' id='line_1_3' title="bbox 478 491 2501 569; baseline -0.002 -18"><span class='ocrx_word' id='word_1_17' title='bbox 478 495 1026 569; x_wconf 73' lang='lat' dir='ltr'>pureintelligibileS,</span> <span class='ocrx_word' id='word_1_18' title='bbox 1058 511 1184 568; x_wconf 81' lang='lat' dir='ltr'>quae</span> <span class='ocrx_word' id='word_1_19' title='bbox 1219 496 1330 551; x_wconf 85' lang='lat' dir='ltr'>sint</span> <span class='ocrx_word' id='word_1_20' title='bbox 1355 492 1542 569; x_wconf 76' lang='lat' dir='ltr'>aliqua</span> <span class='ocrx_word' id='word_1_21' title='bbox 1566 495 1864 553; x_wconf 82' lang='lat' dir='ltr'>similitudo</span> <span class='ocrx_word' id='word_1_22' title='bbox 1884 491 2307 569; x_wconf 82' lang='lat' dir='ltr'>ipsius&#39;pro&#39;pter</span> <span class='ocrx_word' id='word_1_23' title='bbox 2333 499 2501 548; x_wconf 83' lang='lat' dir='ltr'>con-.</span> 
     </span>
     <span class='ocr_line' id='line_1_4' title="bbox 480 577 2501 656; baseline -0.002 -19"><span class='ocrx_word' id='word_1_24' title='bbox 480 582 888 640; x_wconf 74' lang='lat' dir='ltr'>naturalitatem</span> <span class='ocrx_word' id='word_1_25' title='bbox 931 582 1241 641; x_wconf 78' lang='lat' dir='ltr'>intellectus</span> <span class='ocrx_word' id='word_1_26' title='bbox 1277 585 1449 640; x_wconf 80' lang='lat' dir='ltr'>nostri</span> <span class='ocrx_word' id='word_1_27' title='bbox 1486 584 1557 639; x_wconf 85' lang='lat' dir='ltr'>ad</span> <span class='ocrx_word' id='word_1_28' title='bbox 1594 583 1996 656; x_wconf 75' lang='lat' dir='ltr'>phantasmata,</span> <span class='ocrx_word' id='word_1_29' title='bbox 2028 590 2089 639; x_wconf 87' lang='lat' dir='ltr'>ut</span> <span class='ocrx_word' id='word_1_30' title='bbox 2124 577 2335 639; x_wconf 86' lang='lat' dir='ltr'>dictum</span> <span class='ocrx_word' id='word_1_31' title='bbox 2362 586 2501 635; x_wconf 69' lang='lat' dir='ltr'>est..</span> 
     </span>
     <span class='ocr_line' id='line_1_5' title="bbox 478 669 2502 744; baseline -0.001 -19"><span class='ocrx_word' id='word_1_32' title='bbox 478 669 634 725; x_wconf 77' lang='lat' dir='ltr'>Unde</span> <span class='ocrx_word' id='word_1_33' title='bbox 667 670 1012 743; x_wconf 76' lang='lat' dir='ltr'>relinquitur,</span> <span class='ocrx_word' id='word_1_34' title='bbox 1039 670 1407 744; x_wconf 78' lang='lat' dir='ltr'>quodssolum&#39;</span> <span class='ocrx_word' id='word_1_35' title='bbox 1430 671 1525 744; x_wconf 79' lang='lat' dir='ltr'>p&#39;er</span> <span class='ocrx_word' id='word_1_36' title='bbox 1553 671 1782 729; x_wconf 84' lang='lat' dir='ltr'>formam</span> <span class='ocrx_word' id='word_1_37' title='bbox 1822 672 2047 727; x_wconf 81' lang='lat' dir='ltr'>effectus</span> <span class='ocrx_word' id='word_1_38' title='bbox 2083 674 2467 742; x_wconf 81' lang='lat' dir='ltr'>cognoscatur.</span> <span class='ocrx_word' id='word_1_39' title='bbox 2496 727 2502 734; x_wconf 63' lang='grc'><em>,</em></span> 
     </span>
     <span class='ocr_line' id='line_1_6' title="bbox 477 756 2503 832; baseline 0 -20"><span class='ocrx_word' id='word_1_40' title='bbox 477 756 716 815; x_wconf 80' lang='lat' dir='ltr'>Effectus</span> <span class='ocrx_word' id='word_1_41' title='bbox 759 764 944 815; x_wconf 86' lang='lat' dir='ltr'>autem</span> <span class='ocrx_word' id='word_1_42' title='bbox 989 766 1073 815; x_wconf 90' lang='lat' dir='ltr'>est</span> <span class='ocrx_word' id='word_1_43' title='bbox 1117 758 1337 831; x_wconf 50' lang='lat' dir='ltr'>duplex,</span> <span class='ocrx_word' id='word_1_44' title='bbox 1363 760 1588 832; x_wconf 85' lang='lat' dir='ltr'>quidam</span> <span class='ocrx_word' id='word_1_45' title='bbox 1622 760 1717 831; x_wconf 77' lang='lat' dir='ltr'>q&#39;ui</span> <span class='ocrx_word' id='word_1_46' title='bbox 1758 758 2079 831; x_wconf 83' lang='lat' dir='ltr'>adaequ&#39;atur</span> <span class='ocrx_word' id='word_1_47' title='bbox 2120 757 2313 829; x_wconf 71' lang='lat' dir='ltr'>virtuti</span> <span class='ocrx_word' id='word_1_48' title='bbox 2354 770 2503 826; x_wconf 63' lang='lat' dir='ltr'>suae,</span> 
     </span>
     <span class='ocr_line' id='line_1_7' title="bbox 477 846 2469 920; baseline 0.001 -21"><span class='ocrx_word' id='word_1_49' title='bbox 477 859 678 911; x_wconf 71' lang='lat' dir='ltr'>causae,</span> <span class='ocrx_word' id='word_1_50' title='bbox 705 852 886 919; x_wconf 85' lang='lat' dir='ltr'>et&#39;per</span> <span class='ocrx_word' id='word_1_51' title='bbox 913 846 1078 903; x_wconf 85' lang='lat' dir='ltr'>talem</span> <span class='ocrx_word' id='word_1_52' title='bbox 1103 847 1733 919; x_wconf 82' lang='lat' dir='ltr'>effectum&#39;cognoscitur</span> <span class='ocrx_word' id='word_1_53' title='bbox 1774 846 1931 920; x_wconf 90' lang='lat' dir='ltr'>plene</span> <span class='ocrx_word' id='word_1_54' title='bbox 1966 847 2140 904; x_wconf 85' lang='lat' dir='ltr'>virtus</span> <span class='ocrx_word' id='word_1_55' title='bbox 2184 848 2469 913; x_wconf 52' lang='lat' dir='ltr'>(pausasset</span> 
     </span>
     <span class='ocr_line' id='line_1_8' title="bbox 433 932 2489 1009; baseline 0 -22"><span class='ocrx_word' id='word_1_56' title='bbox 433 944 436 949; x_wconf 85' lang='lat'>·</span> <span class='ocrx_word' id='word_1_57' title='bbox 480 943 571 1005; x_wconf 85' lang='lat' dir='ltr'>per</span> <span class='ocrx_word' id='word_1_58' title='bbox 605 934 1268 1007; x_wconf 78' lang='lat' dir='ltr'>consequen3.quidditas</span> <span class='ocrx_word' id='word_1_59' title='bbox 1299 937 1419 1009; x_wconf 81' lang='lat' dir='ltr'>ejus</span> <span class='ocrx_word' id='word_1_60' title='bbox 1450 954 1465 991; x_wconf 73' lang='grc' dir='ltr'><strong><em>ε</em></strong></span> <span class='ocrx_word' id='word_1_61' title='bbox 1494 935 1637 993; x_wconf 81' lang='lat' dir='ltr'>alius</span> <span class='ocrx_word' id='word_1_62' title='bbox 1672 936 1899 991; x_wconf 80' lang='lat' dir='ltr'>effectus</span> <span class='ocrx_word' id='word_1_63' title='bbox 1938 940 2041 1003; x_wconf 87' lang='lat' dir='ltr'>est,</span> <span class='ocrx_word' id='word_1_64' title='bbox 2068 932 2399 1007; x_wconf 67' lang='lat' dir='ltr'>quidelicit&#39;</span> <span class='ocrx_word' id='word_1_65' title='bbox 2434 948 2489 989; x_wconf 84' lang='lat' dir='ltr'>a.</span> 
     </span>
     <span class='ocr_line' id='line_1_9' title="bbox 479 1020 2470 1096; baseline -0.001 -20"><span class='ocrx_word' id='word_1_66' title='bbox 479 1020 740 1091; x_wconf 80' lang='lat' dir='ltr'>praedicta</span> <span class='ocrx_word' id='word_1_67' title='bbox 767 1022 1103 1095; x_wconf 77' lang='lat' dir='ltr'>aequalitate,</span> <span class='ocrx_word' id='word_1_68' title='bbox 1131 1030 1188 1079; x_wconf 85' lang='lat' dir='ltr'>et</span> <span class='ocrx_word' id='word_1_69' title='bbox 1223 1027 1322 1096; x_wconf 79' lang='lat' dir='ltr'>p&#39;er</span> <span class='ocrx_word' id='word_1_70' title='bbox 1359 1023 1523 1081; x_wconf 85' lang='lat' dir='ltr'>talem</span> <span class='ocrx_word' id='word_1_71' title='bbox 1552 1024 1805 1079; x_wconf 77' lang='lat' dir='ltr'>effectum</span> <span class='ocrx_word' id='word_1_72' title='bbox 1832 1027 1955 1081; x_wconf 82' lang='lat' dir='ltr'>&#39;non</span> <span class='ocrx_word' id='word_1_73' title='bbox 1980 1027 2179 1095; x_wconf 85' lang='lat' dir='ltr'>potest</span> <span class='ocrx_word' id='word_1_74' title='bbox 2210 1026 2470 1092; x_wconf 79' lang='lat' dir='ltr'>compre-</span> 
     </span>
     <span class='ocr_line' id='line_1_10' title="bbox 478 1101 2469 1184; baseline 0.001 -21"><span class='ocrx_word' id='word_1_75' title='bbox 478 1106 642 1167; x_wconf 72' lang='lat' dir='ltr'>hjendi</span> <span class='ocrx_word' id='word_1_76' title='bbox 672 1110 846 1167; x_wconf 76' lang='lat' dir='ltr'>virtus</span> <span class='ocrx_word' id='word_1_77' title='bbox 873 1111 1104 1182; x_wconf 78' lang='lat' dir='ltr'>agentiS‚</span> <span class='ocrx_word' id='word_1_78' title='bbox 1139 1117 1194 1168; x_wconf 90' lang='lat' dir='ltr'>et</span> <span class='ocrx_word' id='word_1_79' title='bbox 1238 1128 1337 1184; x_wconf 84' lang='lat' dir='ltr'>per</span> <span class='ocrx_word' id='word_1_80' title='bbox 1375 1101 1715 1184; x_wconf 65' lang='lat' dir='ltr'>consequens</span> <span class='ocrx_word' id='word_1_81' title='bbox 1750 1126 1854 1167; x_wconf 85' lang='lat' dir='ltr'>nec.</span> <span class='ocrx_word' id='word_1_82' title='bbox 1894 1111 2139 1167; x_wconf 86' lang='lat' dir='ltr'>essentia·</span> <span class='ocrx_word' id='word_1_83' title='bbox 2174 1111 2291 1182; x_wconf 86' lang='lat' dir='ltr'>ejus</span> <span class='ocrx_word' id='word_1_84' title='bbox 2321 1125 2336 1164; x_wconf 78' lang='lat' dir='ltr'><strong><em>z</em></strong></span> <span class='ocrx_word' id='word_1_85' title='bbox 2372 1108 2469 1165; x_wconf 88' lang='lat' dir='ltr'>sed</span> 
     </span>
     <span class='ocr_line' id='line_1_11' title="bbox 476 1196 2501 1273; baseline 0 -22"><span class='ocrx_word' id='word_1_86' title='bbox 476 1205 825 1267; x_wconf 68' lang='lat' dir='ltr'>cognoscitur</span> <span class='ocrx_word' id='word_1_87' title='bbox 847 1199 916 1256; x_wconf 86' lang='lat' dir='ltr'>de</span> <span class='ocrx_word' id='word_1_88' title='bbox 940 1206 1108 1257; x_wconf 86' lang='lat' dir='ltr'>causa</span> <span class='ocrx_word' id='word_1_89' title='bbox 1137 1204 1350 1257; x_wconf 81' lang='lat' dir='ltr'>tantum</span> <span class='ocrx_word' id='word_1_90' title='bbox 1383 1204 1529 1273; x_wconf 85' lang='lat' dir='ltr'>quod</span> <span class='ocrx_word' id='word_1_91' title='bbox 1565 1207 1666 1273; x_wconf 34' lang='lat' dir='ltr'>ost,⁸</span> <span class='ocrx_word' id='word_1_92' title='bbox 1691 1199 1761 1256; x_wconf 89' lang='lat' dir='ltr'>Et</span> <span class='ocrx_word' id='word_1_93' title='bbox 1806 1200 1991 1256; x_wconf 73' lang='lat' dir='ltr'>sic‘se</span> <span class='ocrx_word' id='word_1_94' title='bbox 2024 1198 2187 1259; x_wconf 84' lang='lat' dir='ltr'>habet</span> <span class='ocrx_word' id='word_1_95' title='bbox 2229 1196 2501 1269; x_wconf 76' lang='lat' dir='ltr'>cognitio,</span> 
     </span>
     <span class='ocr_line' id='line_1_12' title="bbox 479 1284 2471 1360; baseline 0.001 -21"><span class='ocrx_word' id='word_1_96' title='bbox 479 1284 723 1353; x_wconf 73' lang='lat' dir='ltr'>effectus,</span> <span class='ocrx_word' id='word_1_97' title='bbox 753 1295 813 1343; x_wconf 87' lang='lat' dir='ltr'>ut</span> <span class='ocrx_word' id='word_1_98' title='bbox 859 1288 1184 1360; x_wconf 85' lang='lat' dir='ltr'>principium</span> <span class='ocrx_word' id='word_1_99' title='bbox 1207 1288 1278 1345; x_wconf 83' lang='lat' dir='ltr'>ad</span> <span class='ocrx_word' id='word_1_100' title='bbox 1304 1288 1740 1360; x_wconf 86' lang='lat' dir='ltr'>cognoscendum</span> <span class='ocrx_word' id='word_1_101' title='bbox 1766 1288 1844 1344; x_wconf 65' lang='lat' dir='ltr'>de·</span> <span class='ocrx_word' id='word_1_102' title='bbox 1877 1302 2044 1346; x_wconf 85' lang='lat' dir='ltr'>causa</span> <span class='ocrx_word' id='word_1_103' title='bbox 2085 1302 2153 1343; x_wconf 86' lang='lat' dir='ltr'>an</span> <span class='ocrx_word' id='word_1_104' title='bbox 2191 1292 2295 1353; x_wconf 80' lang='lat' dir='ltr'>est,</span> <span class='ocrx_word' id='word_1_105' title='bbox 2325 1285 2471 1341; x_wconf 85' lang='lat' dir='ltr'>sicut</span> 
     </span>
     <span class='ocr_line' id='line_1_13' title="bbox 477 1373 2497 1449; baseline 0.001 -20"><span class='ocrx_word' id='word_1_106' title='bbox 477 1388 538 1431; x_wconf 88' lang='lat' dir='ltr'>se</span> <span class='ocrx_word' id='word_1_107' title='bbox 577 1373 742 1431; x_wconf 85' lang='lat' dir='ltr'>habet</span> <span class='ocrx_word' id='word_1_108' title='bbox 769 1374 1049 1448; x_wconf 79' lang='lat' dir='ltr'>quidditas</span> <span class='ocrx_word' id='word_1_109' title='bbox 1075 1377 1248 1449; x_wconf 85' lang='lat' dir='ltr'>ipsius</span> <span class='ocrx_word' id='word_1_110' title='bbox 1283 1392 1467 1434; x_wconf 76' lang='lat' dir='ltr'>causae</span> <span class='ocrx_word' id='word_1_111' title='bbox 1490 1392 1617 1433; x_wconf 91' lang='lat' dir='ltr'>cum</span> <span class='ocrx_word' id='word_1_112' title='bbox 1645 1393 1741 1448; x_wconf 88' lang='lat' dir='ltr'>per</span> <span class='ocrx_word' id='word_1_113' title='bbox 1781 1375 2029 1432; x_wconf 82' lang='lat' dir='ltr'>formam·</span> <span class='ocrx_word' id='word_1_114' title='bbox 2057 1390 2213 1433; x_wconf 88' lang='lat' dir='ltr'>suam</span> <span class='ocrx_word' id='word_1_115' title='bbox 2236 1380 2497 1445; x_wconf 81' lang='lat' dir='ltr'>cognos·.</span> 
     </span>
     <span class='ocr_line' id='line_1_14' title="bbox 477 1460 2507 1539; baseline -0 -22"><span class='ocrx_word' id='word_1_116' title='bbox 477 1462 641 1518; x_wconf 89' lang='lat' dir='ltr'>citur.</span> <span class='ocrx_word' id='word_1_117' title='bbox 666 1463 782 1519; x_wconf 85' lang='lat' dir='ltr'>Hoc</span> <span class='ocrx_word' id='word_1_118' title='bbox 805 1470 992 1524; x_wconf 78' lang='lat' dir='ltr'>autem</span> <span class='ocrx_word' id='word_1_119' title='bbox 1015 1465 1177 1521; x_wconf 82' lang='lat' dir='ltr'>modo</span> <span class='ocrx_word' id='word_1_120' title='bbox 1201 1480 1262 1521; x_wconf 90' lang='lat' dir='ltr'>se</span> <span class='ocrx_word' id='word_1_121' title='bbox 1281 1464 1459 1521; x_wconf 77' lang='lat' dir='ltr'>habet·</span> <span class='ocrx_word' id='word_1_122' title='bbox 1475 1463 1653 1521; x_wconf 84' lang='lat' dir='ltr'>omnis</span> <span class='ocrx_word' id='word_1_123' title='bbox 1676 1466 1901 1521; x_wconf 83' lang='lat' dir='ltr'>effectus</span> <span class='ocrx_word' id='word_1_124' title='bbox 1926 1464 1997 1539; x_wconf 78' lang='lat' dir='ltr'>ad</span> <span class='ocrx_word' id='word_1_125' title='bbox 2020 1464 2195 1532; x_wconf 87' lang='lat' dir='ltr'>Deum</span> <span class='ocrx_word' id='word_1_126' title='bbox 2222 1480 2236 1518; x_wconf 78' lang='lat' dir='ltr'><strong><em>z</em></strong></span> <span class='ocrx_word' id='word_1_127' title='bbox 2268 1470 2324 1518; x_wconf 92' lang='lat' dir='ltr'>et</span> <span class='ocrx_word' id='word_1_128' title='bbox 2346 1460 2471 1517; x_wconf 89' lang='lat' dir='ltr'>ideo</span> <span class='ocrx_word' id='word_1_129' title='bbox 2500 1508 2507 1515; x_wconf 95' lang='lat'>.</span> 
     </span>
     <span class='ocr_line' id='line_1_15' title="bbox 478 1549 2467 1627; baseline 0 -22"><span class='ocrx_word' id='word_1_130' title='bbox 478 1564 586 1605; x_wconf 90' lang='lat' dir='ltr'>non</span> <span class='ocrx_word' id='word_1_131' title='bbox 615 1563 901 1623; x_wconf 78' lang='lat' dir='ltr'>possumus</span> <span class='ocrx_word' id='word_1_132' title='bbox 925 1552 982 1607; x_wconf 84' lang='lat' dir='ltr'>in</span> <span class='ocrx_word' id='word_1_133' title='bbox 1011 1558 1162 1609; x_wconf 85' lang='lat' dir='ltr'>statu</span> <span class='ocrx_word' id='word_1_134' title='bbox 1190 1552 1304 1609; x_wconf 76' lang='lat' dir='ltr'>viae&#39;</span> <span class='ocrx_word' id='word_1_135' title='bbox 1333 1552 1637 1627; x_wconf 77' lang='lat' dir='ltr'>pertingere</span> <span class='ocrx_word' id='word_1_136' title='bbox 1666 1552 1734 1609; x_wconf 88' lang='lat' dir='ltr'>ad</span> <span class='ocrx_word' id='word_1_137' title='bbox 1758 1551 2193 1625; x_wconf 83' lang='lat' dir='ltr'>cognoscendum</span> <span class='ocrx_word' id='word_1_138' title='bbox 2220 1550 2289 1607; x_wconf 86' lang='lat' dir='ltr'>de</span> <span class='ocrx_word' id='word_1_139' title='bbox 2328 1549 2467 1622; x_wconf 88' lang='lat' dir='ltr'>ipso,</span> 
     </span>
     <span class='ocr_line' id='line_1_16' title="bbox 477 1636 2503 1719; baseline 0 -27"><span class='ocrx_word' id='word_1_140' title='bbox 477 1638 585 1714; x_wconf 80' lang='lat' dir='ltr'>nisi</span> <span class='ocrx_word' id='word_1_141' title='bbox 614 1639 743 1711; x_wconf 85' lang='lat' dir='ltr'>quia</span> <span class='ocrx_word' id='word_1_142' title='bbox 771 1645 875 1719; x_wconf 75' lang='lat' dir='ltr'>est.</span> <span class='ocrx_word' id='word_1_143' title='bbox 901 1640 969 1696; x_wconf 87' lang='lat' dir='ltr'>Et</span> <span class='ocrx_word' id='word_1_144' title='bbox 995 1648 1176 1715; x_wconf 82' lang='lat' dir='ltr'>tamen</span> <span class='ocrx_word' id='word_1_145' title='bbox 1200 1641 1645 1715; x_wconf 82' lang='lat' dir='ltr'>cognoscentium</span> <span class='ocrx_word' id='word_1_146' title='bbox 1660 1640 1800 1715; x_wconf 40' lang='lat' dir='ltr'>“quia</span> <span class='ocrx_word' id='word_1_147' title='bbox 1822 1645 1924 1707; x_wconf 90' lang='lat' dir='ltr'>est,</span> <span class='ocrx_word' id='word_1_148' title='bbox 1958 1654 2097 1695; x_wconf 85' lang='lat' dir='ltr'>unus</span> <span class='ocrx_word' id='word_1_149' title='bbox 2125 1637 2233 1695; x_wconf 86' lang='lat' dir='ltr'>alio</span> <span class='ocrx_word' id='word_1_150' title='bbox 2255 1636 2503 1710; x_wconf 75' lang='lat' dir='ltr'>perfec-,</span> 
     </span>
     <span class='ocr_line' id='line_1_17' title="bbox 481 1726 2466 1800; baseline 0 -19"><span class='ocrx_word' id='word_1_151' title='bbox 481 1726 590 1781; x_wconf 86' lang='lat' dir='ltr'>tius</span> <span class='ocrx_word' id='word_1_152' title='bbox 615 1728 914 1797; x_wconf 78' lang='lat' dir='ltr'><strong>cognoscit,</strong></span> <span class='ocrx_word' id='word_1_153' title='bbox 942 1728 1071 1800; x_wconf 88' lang='lat' dir='ltr'>quia</span> <span class='ocrx_word' id='word_1_154' title='bbox 1096 1743 1262 1784; x_wconf 85' lang='lat' dir='ltr'>causa</span> <span class='ocrx_word' id='word_1_155' title='bbox 1293 1733 1446 1783; x_wconf 88' lang='lat' dir='ltr'>tanto</span> <span class='ocrx_word' id='word_1_156' title='bbox 1470 1744 1537 1783; x_wconf 84' lang='lat' dir='ltr'>ex</span> <span class='ocrx_word' id='word_1_157' title='bbox 1560 1728 1757 1783; x_wconf 81' lang='lat' dir='ltr'>effectu</span> <span class='ocrx_word' id='word_1_158' title='bbox 1785 1726 2077 1799; x_wconf 79' lang='lat' dir='ltr'>perfectius</span> <span class='ocrx_word' id='word_1_159' title='bbox 2100 1726 2466 1798; x_wconf 77' lang='lat' dir='ltr'>cognoscitur,</span> 
     </span>
     <span class='ocr_line' id='line_1_18' title="bbox 479 1814 2472 1897; baseline 0.001 -28"><span class='ocrx_word' id='word_1_160' title='bbox 479 1821 687 1886; x_wconf 78' lang='lat' dir='ltr'>quanto</span> <span class='ocrx_word' id='word_1_161' title='bbox 713 1829 781 1870; x_wconf 83' lang='lat' dir='ltr'>ex</span> <span class='ocrx_word' id='word_1_162' title='bbox 800 1816 1000 1897; x_wconf 69' lang='lat' dir='ltr'>effectu</span> <span class='ocrx_word' id='word_1_163' title='bbox 1028 1814 1204 1887; x_wconf 88' lang='lat' dir='ltr'>magis</span> <span class='ocrx_word' id='word_1_164' title='bbox 1231 1814 1671 1888; x_wconf 82' lang='lat' dir='ltr'>apprehenditur·</span> <span class='ocrx_word' id='word_1_165' title='bbox 1691 1814 1954 1872; x_wconf 85' lang='lat' dir='ltr'>habitudo</span> <span class='ocrx_word' id='word_1_166' title='bbox 1997 1829 2178 1873; x_wconf 82' lang='lat' dir='ltr'>causae</span> <span class='ocrx_word' id='word_1_167' title='bbox 2206 1814 2274 1871; x_wconf 86' lang='lat' dir='ltr'>ad</span> <span class='ocrx_word' id='word_1_168' title='bbox 2304 1814 2472 1871; x_wconf 82' lang='lat' dir='ltr'>effee-</span> 
     </span>
     <span class='ocr_line' id='line_1_19' title="bbox 479 1901 2507 1981; baseline 0 -24"><span class='ocrx_word' id='word_1_169' title='bbox 479 1910 615 1968; x_wconf 84' lang='lat' dir='ltr'>tum‚</span> <span class='ocrx_word' id='word_1_170' title='bbox 643 1918 769 1981; x_wconf 66' lang='lat' dir='ltr'>quie</span> <span class='ocrx_word' id='word_1_171' title='bbox 791 1903 1012 1976; x_wconf 78' lang='lat' dir='ltr'>quidem</span> <span class='ocrx_word' id='word_1_172' title='bbox 1035 1902 1298 1981; x_wconf 80' lang='lat' dir='ltr'>habitudo</span> <span class='ocrx_word' id='word_1_173' title='bbox 1322 1904 1379 1960; x_wconf 91' lang='lat' dir='ltr'>in</span> <span class='ocrx_word' id='word_1_174' title='bbox 1402 1904 1599 1959; x_wconf 78' lang='lat' dir='ltr'>effectu</span> <span class='ocrx_word' id='word_1_175' title='bbox 1628 1918 1734 1961; x_wconf 90' lang='lat' dir='ltr'>non</span> <span class='ocrx_word' id='word_1_176' title='bbox 1762 1903 2102 1977; x_wconf 78' lang='lat' dir='ltr'>pertingente</span> <span class='ocrx_word' id='word_1_177' title='bbox 2125 1902 2205 1968; x_wconf 68' lang='lat' dir='ltr'>,ad</span> <span class='ocrx_word' id='word_1_178' title='bbox 2234 1901 2507 1975; x_wconf 62' lang='lat' dir='ltr'>aequali-⁴:</span> 
     </span>
     <span class='ocr_line' id='line_1_20' title="bbox 479 1990 2509 2073; baseline 0 -26"><span class='ocrx_word' id='word_1_179' title='bbox 479 1997 649 2047; x_wconf 87' lang='lat' dir='ltr'>tatem</span> <span class='ocrx_word' id='word_1_180' title='bbox 694 2005 811 2048; x_wconf 85' lang='lat' dir='ltr'>suae</span> <span class='ocrx_word' id='word_1_181' title='bbox 846 2006 1046 2058; x_wconf 87' lang='lat' dir='ltr'>causae,</span> <span class='ocrx_word' id='word_1_182' title='bbox 1079 1991 1382 2057; x_wconf 82' lang='lat' dir='ltr'>attenditur</span> <span class='ocrx_word' id='word_1_183' title='bbox 1422 1991 1721 2049; x_wconf 87' lang='lat' dir='ltr'>secundum</span> <span class='ocrx_word' id='word_1_184' title='bbox 1768 1992 1892 2059; x_wconf 87' lang='lat' dir='ltr'>tria,</span> <span class='ocrx_word' id='word_1_185' title='bbox 1924 1990 2134 2049; x_wconf 87' lang='lat' dir='ltr'>scilicet</span> <span class='ocrx_word' id='word_1_186' title='bbox 2170 1990 2469 2047; x_wconf 87' lang='lat' dir='ltr'>secundum</span> <span class='ocrx_word' id='word_1_187' title='bbox 2494 2060 2509 2073; x_wconf 28' lang='grc' dir='ltr'>ι</span> 
     </span>
     <span class='ocr_line' id='line_1_21' title="bbox 480 2078 2470 2152; baseline 0.001 -21"><span class='ocrx_word' id='word_1_188' title='bbox 480 2092 825 2151; x_wconf 70' lang='lat' dir='ltr'>progressum</span> <span class='ocrx_word' id='word_1_189' title='bbox 840 2078 1066 2143; x_wconf 74' lang='lat' dir='ltr'>effectus</span> <span class='ocrx_word' id='word_1_190' title='bbox 1085 2094 1116 2135; x_wconf 87' lang='lat' dir='ltr'>a</span> <span class='ocrx_word' id='word_1_191' title='bbox 1134 2093 1322 2149; x_wconf 85' lang='lat' dir='ltr'>causa,</span> <span class='ocrx_word' id='word_1_192' title='bbox 1347 2084 1404 2135; x_wconf 89' lang='lat' dir='ltr'>et</span> <span class='ocrx_word' id='word_1_193' title='bbox 1420 2078 1717 2137; x_wconf 87' lang='lat' dir='ltr'>secundum</span> <span class='ocrx_word' id='word_1_194' title='bbox 1746 2078 1847 2137; x_wconf 85' lang='lat' dir='ltr'>hoc</span> <span class='ocrx_word' id='word_1_195' title='bbox 1866 2080 2013 2152; x_wconf 85' lang='lat' dir='ltr'>quod</span> <span class='ocrx_word' id='word_1_196' title='bbox 2027 2080 2255 2135; x_wconf 82' lang='lat' dir='ltr'>effectus</span> <span class='ocrx_word' id='word_1_197' title='bbox 2273 2092 2470 2135; x_wconf 87' lang='lat' dir='ltr'>conse-</span> 
     </span>
     <span class='ocr_line' id='line_1_22' title="bbox 479 2152 2503 2240; baseline 0.003 -20"><span class='ocrx_word' id='word_1_198' title='bbox 479 2165 752 2238; x_wconf 34' lang='lat' dir='ltr'>quitur-de</span> <span class='ocrx_word' id='word_1_199' title='bbox 771 2152 1328 2235; x_wconf 64' lang='lat' dir='ltr'>similitudine‘causae</span> <span class='ocrx_word' id='word_1_200' title='bbox 1351 2182 1487 2235; x_wconf 83' lang='lat' dir='ltr'>suae,</span> <span class='ocrx_word' id='word_1_201' title='bbox 1504 2175 1559 2223; x_wconf 91' lang='lat' dir='ltr'>et</span> <span class='ocrx_word' id='word_1_202' title='bbox 1574 2167 1873 2225; x_wconf 87' lang='lat' dir='ltr'>secundum</span> <span class='ocrx_word' id='word_1_203' title='bbox 1896 2167 1997 2224; x_wconf 86' lang='lat' dir='ltr'>hoc</span> <span class='ocrx_word' id='word_1_204' title='bbox 2020 2166 2167 2240; x_wconf 88' lang='lat' dir='ltr'>quod</span> <span class='ocrx_word' id='word_1_205' title='bbox 2186 2166 2372 2223; x_wconf 82' lang='lat' dir='ltr'>delicit</span> <span class='ocrx_word' id='word_1_206' title='bbox 2396 2166 2469 2223; x_wconf 85' lang='lat' dir='ltr'>ab</span> <span class='ocrx_word' id='word_1_207' title='bbox 2495 2222 2503 2227; x_wconf 77' lang='grc'>,</span> 
     </span>
     <span class='ocr_line' id='line_1_23' title="bbox 478 2244 2509 2329; baseline 0.001 -20"><span class='ocrx_word' id='word_1_208' title='bbox 478 2244 597 2324; x_wconf 73' lang='lat' dir='ltr'>eJus&#39;</span> <span class='ocrx_word' id='word_1_209' title='bbox 622 2254 862 2326; x_wconf 79' lang='lat' dir='ltr'>perfecta</span> <span class='ocrx_word' id='word_1_210' title='bbox 889 2256 1290 2323; x_wconf 86' lang='lat' dir='ltr'>consecutione,</span> <span class='ocrx_word' id='word_1_211' title='bbox 1309 2256 1467 2314; x_wconf 80' lang='lat' dir='ltr'>etsie</span> <span class='ocrx_word' id='word_1_212' title='bbox 1496 2244 1783 2329; x_wconf 80' lang='lat' dir='ltr'>tripliciter</span> <span class='ocrx_word' id='word_1_213' title='bbox 1808 2271 1962 2313; x_wconf 90' lang='lat' dir='ltr'>mens</span> <span class='ocrx_word' id='word_1_214' title='bbox 1994 2255 2468 2328; x_wconf 77' lang='lat' dir='ltr'>humanaprofioit</span> <span class='ocrx_word' id='word_1_215' title='bbox 2500 2312 2509 2320; x_wconf 77' lang='grc'><em>,</em></span> 
     </span>
     <span class='ocr_line' id='line_1_24' title="bbox 479 2341 2507 2418; baseline 0.001 -19"><span class='ocrx_word' id='word_1_216' title='bbox 479 2341 535 2399; x_wconf 86' lang='lat' dir='ltr'>in</span> <span class='ocrx_word' id='word_1_217' title='bbox 557 2342 863 2414; x_wconf 83' lang='lat' dir='ltr'>cognitione</span> <span class='ocrx_word' id='word_1_218' title='bbox 895 2343 1014 2411; x_wconf 81' lang='lat' dir='ltr'>Dei,</span> <span class='ocrx_word' id='word_1_219' title='bbox 1036 2345 1286 2417; x_wconf 86' lang='lat' dir='ltr'>quamvis</span> <span class='ocrx_word' id='word_1_220' title='bbox 1323 2344 1394 2401; x_wconf 86' lang='lat' dir='ltr'>ad</span> <span class='ocrx_word' id='word_1_221' title='bbox 1420 2345 1857 2417; x_wconf 81' lang='lat' dir='ltr'>cognoscendum</span> <span class='ocrx_word' id='word_1_222' title='bbox 1890 2345 2019 2418; x_wconf 87' lang='lat' dir='ltr'>quid</span> <span class='ocrx_word' id='word_1_223' title='bbox 2063 2351 2166 2413; x_wconf 86' lang='lat' dir='ltr'>est,</span> <span class='ocrx_word' id='word_1_224' title='bbox 2202 2359 2311 2401; x_wconf 92' lang='lat' dir='ltr'>non</span> <span class='ocrx_word' id='word_1_225' title='bbox 2337 2360 2470 2418; x_wconf 84' lang='lat' dir='ltr'>per·</span> <span class='ocrx_word' id='word_1_226' title='bbox 2498 2402 2507 2407; x_wconf 75' lang='grc'><strong>,</strong></span> 
     </span>
     <span class='ocr_line' id='line_1_25' title="bbox 480 2429 2468 2507; baseline 0.003 -22"><span class='ocrx_word' id='word_1_227' title='bbox 480 2429 674 2501; x_wconf 84' lang='lat' dir='ltr'>tingat,</span> <span class='ocrx_word' id='word_1_228' title='bbox 713 2430 808 2487; x_wconf 84' lang='lat' dir='ltr'>sed</span> <span class='ocrx_word' id='word_1_229' title='bbox 860 2446 932 2488; x_wconf 85' lang='lat' dir='ltr'>an</span> <span class='ocrx_word' id='word_1_230' title='bbox 975 2439 1058 2488; x_wconf 85' lang='lat' dir='ltr'>est</span> <span class='ocrx_word' id='word_1_231' title='bbox 1099 2431 1295 2489; x_wconf 86' lang='lat' dir='ltr'>solum.</span> <span class='ocrx_word' id='word_1_232' title='bbox 1325 2432 1395 2489; x_wconf 90' lang='lat' dir='ltr'>Et</span> <span class='ocrx_word' id='word_1_233' title='bbox 1436 2433 1631 2507; x_wconf 80' lang='lat' dir='ltr'>primo,</span> <span class='ocrx_word' id='word_1_234' title='bbox 1656 2434 1955 2491; x_wconf 89' lang='lat' dir='ltr'>secundum</span> <span class='ocrx_word' id='word_1_235' title='bbox 1996 2434 2142 2507; x_wconf 84' lang='lat' dir='ltr'>quod</span> <span class='ocrx_word' id='word_1_236' title='bbox 2174 2432 2468 2507; x_wconf 78' lang='lat' dir='ltr'>perfectius</span> 
     </span>
     <span class='ocr_line' id='line_1_26' title="bbox 479 2510 2507 2596; baseline -0 -19"><span class='ocrx_word' id='word_1_237' title='bbox 479 2518 824 2589; x_wconf 71' lang='lat' dir='ltr'>cognoscitur</span> <span class='ocrx_word' id='word_1_238' title='bbox 845 2510 1292 2595; x_wconf 62' lang='lat' dir='ltr'>ejus&#39;productim</span> <span class='ocrx_word' id='word_1_239' title='bbox 1316 2528 1372 2578; x_wconf 88' lang='lat' dir='ltr'>et</span> <span class='ocrx_word' id='word_1_240' title='bbox 1393 2521 1655 2579; x_wconf 83' lang='lat' dir='ltr'>efficacia.</span> <span class='ocrx_word' id='word_1_241' title='bbox 1672 2523 1939 2591; x_wconf 86' lang='lat' dir='ltr'>Secundo,</span> <span class='ocrx_word' id='word_1_242' title='bbox 1955 2530 2118 2596; x_wconf 86' lang='lat' dir='ltr'>prout</span> <span class='ocrx_word' id='word_1_243' title='bbox 2141 2520 2465 2580; x_wconf 85' lang='lat' dir='ltr'>nobiliorum</span> <span class='ocrx_word' id='word_1_244' title='bbox 2498 2576 2507 2583; x_wconf 78' lang='grc'><strong>,</strong></span> 
     </span>
     <span class='ocr_line' id='line_1_27' title="bbox 478 2598 2533 2683; baseline 0.001 -21"><span class='ocrx_word' id='word_1_245' title='bbox 478 2607 770 2679; x_wconf 73' lang='lat' dir='ltr'>effectuum</span> <span class='ocrx_word' id='word_1_246' title='bbox 791 2600 957 2677; x_wconf 78' lang='lat' dir='ltr'>eausa</span> <span class='ocrx_word' id='word_1_247' title='bbox 980 2610 1343 2681; x_wconf 84' lang='lat' dir='ltr'>cognoscitur,</span> <span class='ocrx_word' id='word_1_248' title='bbox 1376 2611 1507 2683; x_wconf 78' lang='lat' dir='ltr'>quia</span> <span class='ocrx_word' id='word_1_249' title='bbox 1542 2598 1666 2667; x_wconf 82' lang='lat' dir='ltr'>cum</span> <span class='ocrx_word' id='word_1_250' title='bbox 1690 2612 1807 2682; x_wconf 86' lang='lat' dir='ltr'>ejus</span> <span class='ocrx_word' id='word_1_251' title='bbox 1832 2611 2246 2668; x_wconf 68' lang='lat' dir='ltr'>similitudinem</span> <span class='ocrx_word' id='word_1_252' title='bbox 2284 2610 2465 2665; x_wconf 81' lang='lat' dir='ltr'>altiori</span> <span class='ocrx_word' id='word_1_253' title='bbox 2526 2648 2533 2653; x_wconf 77' lang='lat'><em>-</em></span> 
     </span>
     <span class='ocr_line' id='line_1_28' title="bbox 467 2695 2504 2781; baseline 0.002 -31"><span class='ocrx_word' id='word_1_254' title='bbox 467 2695 640 2775; x_wconf 78' lang='lat' dir='ltr'>‘modo</span> <span class='ocrx_word' id='word_1_255' title='bbox 664 2703 876 2767; x_wconf 82' lang='lat' dir='ltr'>gerant,</span> <span class='ocrx_word' id='word_1_256' title='bbox 911 2697 1084 2769; x_wconf 84' lang='lat' dir='ltr'>magis</span> <span class='ocrx_word' id='word_1_257' title='bbox 1121 2698 1471 2757; x_wconf 81' lang='lat' dir='ltr'>eminentiam</span> <span class='ocrx_word' id='word_1_258' title='bbox 1494 2699 1617 2769; x_wconf 83' lang='lat' dir='ltr'>ejus</span> <span class='ocrx_word' id='word_1_259' title='bbox 1655 2698 2057 2755; x_wconf 87' lang='lat' dir='ltr'>commendant.</span> <span class='ocrx_word' id='word_1_260' title='bbox 2084 2698 2287 2763; x_wconf 86' lang='lat' dir='ltr'>Tertio,</span> <span class='ocrx_word' id='word_1_261' title='bbox 2320 2697 2467 2769; x_wconf 88' lang='lat' dir='ltr'>quod</span> <span class='ocrx_word' id='word_1_262' title='bbox 2496 2772 2504 2781; x_wconf 18' lang='grc' dir='ltr'><strong><em>ἡ</em></strong></span> 
     </span>
     <span class='ocr_line' id='line_1_29' title="bbox 478 2779 2468 2859; baseline 0.002 -18"><span class='ocrx_word' id='word_1_263' title='bbox 478 2779 656 2854; x_wconf 86' lang='lat' dir='ltr'>magis</span> <span class='ocrx_word' id='word_1_264' title='bbox 697 2798 762 2842; x_wconf 87' lang='lat' dir='ltr'>ac</span> <span class='ocrx_word' id='word_1_265' title='bbox 798 2786 974 2857; x_wconf 85' lang='lat' dir='ltr'>magis</span> <span class='ocrx_word' id='word_1_266' title='bbox 1018 2788 1367 2859; x_wconf 84' lang='lat' dir='ltr'>cognoscitur</span> <span class='ocrx_word' id='word_1_267' title='bbox 1399 2788 1685 2858; x_wconf 82' lang='lat' dir='ltr'>elongatus</span> <span class='ocrx_word' id='word_1_268' title='bbox 1729 2786 1799 2842; x_wconf 89' lang='lat' dir='ltr'>ab</span> <span class='ocrx_word' id='word_1_269' title='bbox 1832 2785 1917 2841; x_wconf 89' lang='lat' dir='ltr'>his</span> <span class='ocrx_word' id='word_1_270' title='bbox 1958 2784 2226 2852; x_wconf 85' lang='lat' dir='ltr'>omnibns,</span> <span class='ocrx_word' id='word_1_271' title='bbox 2255 2801 2381 2857; x_wconf 84' lang='lat' dir='ltr'>quae</span> <span class='ocrx_word' id='word_1_272' title='bbox 2410 2788 2468 2844; x_wconf 87' lang='lat' dir='ltr'>in</span> 
     </span>
     <span class='ocr_line' id='line_1_30' title="bbox 479 2870 2465 2946; baseline 0.003 -19"><span class='ocrx_word' id='word_1_273' title='bbox 479 2870 762 2928; x_wconf 79' lang='lat' dir='ltr'>effectibus</span> <span class='ocrx_word' id='word_1_274' title='bbox 789 2881 1071 2946; x_wconf 81' lang='lat' dir='ltr'>apparent.</span> <span class='ocrx_word' id='word_1_275' title='bbox 1088 2876 1243 2932; x_wconf 90' lang='lat' dir='ltr'>Unde</span> <span class='ocrx_word' id='word_1_276' title='bbox 1275 2876 1409 2932; x_wconf 85' lang='lat' dir='ltr'>dicit</span> <span class='ocrx_word' id='word_1_277' title='bbox 1429 2875 1588 2931; x_wconf 87' lang='lat' dir='ltr'>Dion.</span> <span class='ocrx_word' id='word_1_278' title='bbox 1611 2874 1679 2929; x_wconf 92' lang='lat' dir='ltr'>de</span> <span class='ocrx_word' id='word_1_279' title='bbox 1707 2873 1850 2929; x_wconf 88' lang='lat' dir='ltr'>Divi.</span> <span class='ocrx_word' id='word_1_280' title='bbox 1871 2874 1976 2929; x_wconf 88' lang='lat' dir='ltr'>No.</span> <span class='ocrx_word' id='word_1_281' title='bbox 2008 2874 2152 2946; x_wconf 86' lang='lat' dir='ltr'>quod</span> <span class='ocrx_word' id='word_1_282' title='bbox 2177 2877 2465 2945; x_wconf 88' lang='lat' dir='ltr'>cognosci-</span> 
     </span>
     <span class='ocr_line' id='line_1_31' title="bbox 479 2960 2465 3035; baseline 0.002 -20"><span class='ocrx_word' id='word_1_283' title='bbox 479 2966 569 3015; x_wconf 90' lang='lat' dir='ltr'>tur</span> <span class='ocrx_word' id='word_1_284' title='bbox 593 2975 660 3015; x_wconf 86' lang='lat' dir='ltr'>ex</span> <span class='ocrx_word' id='word_1_285' title='bbox 681 2960 923 3019; x_wconf 90' lang='lat' dir='ltr'>omnium</span> <span class='ocrx_word' id='word_1_286' title='bbox 945 2978 1110 3019; x_wconf 85' lang='lat' dir='ltr'>causa</span> <span class='ocrx_word' id='word_1_287' title='bbox 1127 2970 1194 3031; x_wconf 59' lang='lat' dir='ltr'>⁴et</span> <span class='ocrx_word' id='word_1_288' title='bbox 1221 2978 1447 3020; x_wconf 85' lang='lat' dir='ltr'>excessu</span> <span class='ocrx_word' id='word_1_289' title='bbox 1474 2968 1531 3019; x_wconf 91' lang='lat' dir='ltr'>et</span> <span class='ocrx_word' id='word_1_290' title='bbox 1559 2961 1849 3019; x_wconf 86' lang='lat' dir='ltr'>ablatione.</span> <span class='ocrx_word' id='word_1_291' title='bbox 1877 2962 1939 3017; x_wconf 86' lang='lat' dir='ltr'>ln</span> <span class='ocrx_word' id='word_1_292' title='bbox 1981 2960 2083 3018; x_wconf 88' lang='lat' dir='ltr'>hoc</span> <span class='ocrx_word' id='word_1_293' title='bbox 2122 2967 2305 3018; x_wconf 87' lang='lat' dir='ltr'>autem</span> <span class='ocrx_word' id='word_1_294' title='bbox 2333 2980 2465 3035; x_wconf 91' lang='lat' dir='ltr'>pro-</span> 
     </span>
     <span class='ocr_line' id='line_1_32' title="bbox 477 3046 2463 3124; baseline 0.004 -22"><span class='ocrx_word' id='word_1_295' title='bbox 477 3046 623 3103; x_wconf 80' lang='lat' dir='ltr'>fectu</span> <span class='ocrx_word' id='word_1_296' title='bbox 651 3050 996 3121; x_wconf 79' lang='lat' dir='ltr'>cognitioniS,</span> <span class='ocrx_word' id='word_1_297' title='bbox 1023 3051 1258 3123; x_wconf 77' lang='lat' dir='ltr'>maxime</span> <span class='ocrx_word' id='word_1_298' title='bbox 1277 3052 1505 3123; x_wconf 86' lang='lat' dir='ltr'>juvatur</span> <span class='ocrx_word' id='word_1_299' title='bbox 1528 3065 1683 3107; x_wconf 85' lang='lat' dir='ltr'>mens</span> <span class='ocrx_word' id='word_1_300' title='bbox 1708 3050 1962 3119; x_wconf 88' lang='lat' dir='ltr'>humana,</span> <span class='ocrx_word' id='word_1_301' title='bbox 1987 3064 2111 3105; x_wconf 86' lang='lat' dir='ltr'>cum</span> <span class='ocrx_word' id='word_1_302' title='bbox 2138 3049 2321 3107; x_wconf 90' lang='lat' dir='ltr'>lumen</span> <span class='ocrx_word' id='word_1_303' title='bbox 2345 3053 2463 3124; x_wconf 86' lang='lat' dir='ltr'>ejus</span> 
     </span>
     <span class='ocr_line' id='line_1_33' title="bbox 479 3136 2461 3209; baseline 0.002 -18"><span class='ocrx_word' id='word_1_304' title='bbox 479 3136 726 3209; x_wconf 83' lang='lat' dir='ltr'>naturale</span> <span class='ocrx_word' id='word_1_305' title='bbox 753 3154 894 3195; x_wconf 89' lang='lat' dir='ltr'>nova</span> <span class='ocrx_word' id='word_1_306' title='bbox 930 3137 1290 3196; x_wconf 81' lang='lat' dir='ltr'>illustratione</span> <span class='ocrx_word' id='word_1_307' title='bbox 1318 3138 1691 3206; x_wconf 58' lang='lat' dir='ltr'>confortatum</span> <span class='ocrx_word' id='word_1_308' title='bbox 1718 3137 1861 3194; x_wconf 90' lang='lat' dir='ltr'>siout</span> <span class='ocrx_word' id='word_1_309' title='bbox 1901 3146 1985 3195; x_wconf 87' lang='lat' dir='ltr'>est</span> <span class='ocrx_word' id='word_1_310' title='bbox 2026 3142 2209 3196; x_wconf 86' lang='lat' dir='ltr'>tumen</span> <span class='ocrx_word' id='word_1_311' title='bbox 2254 3140 2379 3197; x_wconf 85' lang='lat' dir='ltr'>fidei</span> <span class='ocrx_word' id='word_1_312' title='bbox 2404 3147 2461 3196; x_wconf 90' lang='lat' dir='ltr'>et</span> 
     </span>
     <span class='ocr_line' id='line_1_34' title="bbox 476 3222 2463 3299; baseline 0.003 -22"><span class='ocrx_word' id='word_1_313' title='bbox 476 3222 605 3299; x_wconf 85' lang='lat' dir='ltr'>doni</span> <span class='ocrx_word' id='word_1_314' title='bbox 627 3226 912 3297; x_wconf 68' lang='lat' dir='ltr'>sapientiae</span> <span class='ocrx_word' id='word_1_315' title='bbox 939 3233 994 3282; x_wconf 89' lang='lat' dir='ltr'>et</span> <span class='ocrx_word' id='word_1_316' title='bbox 1022 3225 1350 3294; x_wconf 87' lang='lat' dir='ltr'>intellectus,</span> <span class='ocrx_word' id='word_1_317' title='bbox 1379 3241 1475 3299; x_wconf 89' lang='lat' dir='ltr'>per</span> <span class='ocrx_word' id='word_1_318' title='bbox 1498 3225 1647 3299; x_wconf 88' lang='lat' dir='ltr'>quod</span> <span class='ocrx_word' id='word_1_319' title='bbox 1676 3242 1830 3282; x_wconf 87' lang='lat' dir='ltr'>mens</span> <span class='ocrx_word' id='word_1_320' title='bbox 1858 3241 2024 3299; x_wconf 88' lang='lat' dir='ltr'>supra</span> <span class='ocrx_word' id='word_1_321' title='bbox 2051 3242 2110 3283; x_wconf 91' lang='lat' dir='ltr'>se</span> <span class='ocrx_word' id='word_1_322' title='bbox 2140 3227 2193 3283; x_wconf 88' lang='lat' dir='ltr'>in</span> <span class='ocrx_word' id='word_1_323' title='bbox 2216 3236 2463 3285; x_wconf 84' lang='lat' dir='ltr'>contem-</span> 
     </span>
     <span class='ocr_line' id='line_1_35' title="bbox 476 3310 2462 3389; baseline 0.004 -24"><span class='ocrx_word' id='word_1_324' title='bbox 476 3310 718 3384; x_wconf 86' lang='lat' dir='ltr'>platione</span> <span class='ocrx_word' id='word_1_325' title='bbox 745 3311 1007 3385; x_wconf 81' lang='lat' dir='ltr'>elevatur,</span> <span class='ocrx_word' id='word_1_326' title='bbox 1039 3313 1096 3369; x_wconf 90' lang='lat' dir='ltr'>in</span> <span class='ocrx_word' id='word_1_327' title='bbox 1123 3320 1388 3387; x_wconf 86' lang='lat' dir='ltr'>quantum</span> <span class='ocrx_word' id='word_1_328' title='bbox 1413 3314 1694 3387; x_wconf 84' lang='lat' dir='ltr'>cognoscit</span> <span class='ocrx_word' id='word_1_329' title='bbox 1735 3315 1908 3370; x_wconf 90' lang='lat' dir='ltr'>Deum</span> <span class='ocrx_word' id='word_1_330' title='bbox 1936 3330 2057 3372; x_wconf 86' lang='lat' dir='ltr'>esse</span> <span class='ocrx_word' id='word_1_331' title='bbox 2095 3330 2260 3389; x_wconf 85' lang='lat' dir='ltr'>supra</span> <span class='ocrx_word' id='word_1_332' title='bbox 2302 3332 2462 3373; x_wconf 88' lang='lat' dir='ltr'>omne</span> 
     </span>
     <span class='ocr_line' id='line_1_36' title="bbox 476 3397 2464 3476; baseline 0.004 -22"><span class='ocrx_word' id='word_1_333' title='bbox 476 3397 552 3464; x_wconf 88' lang='lat' dir='ltr'>id,</span> <span class='ocrx_word' id='word_1_334' title='bbox 596 3399 739 3472; x_wconf 86' lang='lat' dir='ltr'>quod</span> <span class='ocrx_word' id='word_1_335' title='bbox 786 3400 1108 3458; x_wconf 85' lang='lat' dir='ltr'>naturaliter</span> <span class='ocrx_word' id='word_1_336' title='bbox 1153 3401 1531 3474; x_wconf 86' lang='lat' dir='ltr'>apprehendit.</span> <span class='ocrx_word' id='word_1_337' title='bbox 1572 3402 1680 3461; x_wconf 89' lang='lat' dir='ltr'>Sed</span> <span class='ocrx_word' id='word_1_338' title='bbox 1721 3403 1851 3474; x_wconf 81' lang='lat' dir='ltr'>quia</span> <span class='ocrx_word' id='word_1_339' title='bbox 1891 3403 1959 3459; x_wconf 86' lang='lat' dir='ltr'>ad</span> <span class='ocrx_word' id='word_1_340' title='bbox 2010 3404 2129 3476; x_wconf 88' lang='lat' dir='ltr'>ejus</span> <span class='ocrx_word' id='word_1_341' title='bbox 2170 3404 2464 3462; x_wconf 87' lang='lat' dir='ltr'>essentiam</span> 
     </span>
     <span class='ocr_line' id='line_1_37' title="bbox 475 3487 2461 3565; baseline 0.004 -23"><span class='ocrx_word' id='word_1_342' title='bbox 475 3487 766 3545; x_wconf 83' lang='lat' dir='ltr'>videndam</span> <span class='ocrx_word' id='word_1_343' title='bbox 795 3494 1078 3562; x_wconf 82' lang='lat' dir='ltr'>penetrare</span> <span class='ocrx_word' id='word_1_344' title='bbox 1107 3504 1214 3547; x_wconf 89' lang='lat' dir='ltr'>non</span> <span class='ocrx_word' id='word_1_345' title='bbox 1242 3490 1461 3558; x_wconf 88' lang='lat' dir='ltr'>sufficit,</span> <span class='ocrx_word' id='word_1_346' title='bbox 1484 3490 1686 3548; x_wconf 88' lang='lat' dir='ltr'>dicitur</span> <span class='ocrx_word' id='word_1_347' title='bbox 1709 3490 1763 3546; x_wconf 89' lang='lat' dir='ltr'>in</span> <span class='ocrx_word' id='word_1_348' title='bbox 1796 3492 2032 3564; x_wconf 85' lang='lat' dir='ltr'>seipsum</span> <span class='ocrx_word' id='word_1_349' title='bbox 2062 3492 2461 3565; x_wconf 90' lang='lat' dir='ltr'>quodammodo</span> 
     </span>
     <span class='ocr_line' id='line_1_38' title="bbox 478 3575 2459 3655; baseline 0.004 -24"><span class='ocrx_word' id='word_1_350' title='bbox 478 3575 548 3655; x_wconf 76' lang='lat' dir='ltr'>ab</span> <span class='ocrx_word' id='word_1_351' title='bbox 575 3576 856 3633; x_wconf 85' lang='lat' dir='ltr'>excellenti</span> <span class='ocrx_word' id='word_1_352' title='bbox 885 3577 1086 3635; x_wconf 87' lang='lat' dir='ltr'>lumine</span> <span class='ocrx_word' id='word_1_353' title='bbox 1120 3577 1346 3645; x_wconf 82' lang='lat' dir='ltr'>reflecti,</span> <span class='ocrx_word' id='word_1_354' title='bbox 1379 3587 1436 3636; x_wconf 88' lang='lat' dir='ltr'>et</span> <span class='ocrx_word' id='word_1_355' title='bbox 1458 3578 1561 3637; x_wconf 89' lang='lat' dir='ltr'>hoc</span> <span class='ocrx_word' id='word_1_356' title='bbox 1588 3586 1671 3637; x_wconf 82' lang='lat' dir='ltr'>est</span> <span class='ocrx_word' id='word_1_357' title='bbox 1698 3580 1843 3653; x_wconf 88' lang='lat' dir='ltr'>quod</span> <span class='ocrx_word' id='word_1_358' title='bbox 1873 3580 2074 3638; x_wconf 88' lang='lat' dir='ltr'>dicitur</span> <span class='ocrx_word' id='word_1_359' title='bbox 2096 3580 2235 3638; x_wconf 89' lang='lat' dir='ltr'>Gen.</span> <span class='ocrx_word' id='word_1_360' title='bbox 2266 3597 2459 3651; x_wconf 84' lang='lat' dir='ltr'>xxxn,</span> 
     </span>
     <span class='ocr_line' id='line_1_39' title="bbox 477 3664 2459 3743; baseline 0.004 -23"><span class='ocrx_word' id='word_1_361' title='bbox 477 3680 639 3743; x_wconf 83' lang='lat' dir='ltr'>super</span> <span class='ocrx_word' id='word_1_362' title='bbox 676 3664 807 3724; x_wconf 87' lang='lat' dir='ltr'>illud</span> <span class='ocrx_word' id='word_1_363' title='bbox 835 3683 849 3721; x_wconf 74' lang='lat' dir='ltr'>x</span> <span class='ocrx_word' id='word_1_364' title='bbox 884 3685 911 3719; x_wconf 72' lang='grc' dir='ltr'><strong>α</strong></span> <span class='ocrx_word' id='word_1_365' title='bbox 944 3666 1066 3723; x_wconf 86' lang='lat' dir='ltr'>Vidi</span> <span class='ocrx_word' id='word_1_366' title='bbox 1105 3668 1396 3725; x_wconf 87' lang='lat' dir='ltr'>Dominum</span> <span class='ocrx_word' id='word_1_367' title='bbox 1422 3666 1561 3725; x_wconf 77' lang='lat' dir='ltr'>facie</span> <span class='ocrx_word' id='word_1_368' title='bbox 1595 3667 1666 3725; x_wconf 86' lang='lat' dir='ltr'>ad</span> <span class='ocrx_word' id='word_1_369' title='bbox 1713 3667 1925 3735; x_wconf 82' lang='lat' dir='ltr'>faciem,</span> <span class='ocrx_word' id='word_1_370' title='bbox 1946 3686 1971 3721; x_wconf 67' lang='lat' dir='ltr'>a</span> <span class='ocrx_word' id='word_1_371' title='bbox 2002 3668 2059 3724; x_wconf 90' lang='lat' dir='ltr'>in</span> <span class='ocrx_word' id='word_1_372' title='bbox 2087 3666 2197 3741; x_wconf 85' lang='lat' dir='ltr'>glo.</span> <span class='ocrx_word' id='word_1_373' title='bbox 2241 3668 2407 3741; x_wconf 89' lang='lat' dir='ltr'>Greg.</span> <span class='ocrx_word' id='word_1_374' title='bbox 2443 3686 2459 3727; x_wconf 68' lang='grc' dir='ltr'><em>ε</em></span> 
     </span>
     <span class='ocr_line' id='line_1_40' title="bbox 477 3754 2461 3830; baseline 0.006 -24"><span class='ocrx_word' id='word_1_375' title='bbox 477 3772 504 3805; x_wconf 78' lang='grc' dir='ltr'><strong>α</strong></span> <span class='ocrx_word' id='word_1_376' title='bbox 533 3754 694 3810; x_wconf 82' lang='lat' dir='ltr'>Visus</span> <span class='ocrx_word' id='word_1_377' title='bbox 721 3754 936 3822; x_wconf 85' lang='lat' dir='ltr'>animae,</span> <span class='ocrx_word' id='word_1_378' title='bbox 964 3770 1090 3813; x_wconf 89' lang='lat' dir='ltr'>cum</span> <span class='ocrx_word' id='word_1_379' title='bbox 1126 3756 1183 3815; x_wconf 86' lang='lat' dir='ltr'>in</span> <span class='ocrx_word' id='word_1_380' title='bbox 1219 3758 1394 3817; x_wconf 86' lang='lat' dir='ltr'>Deum</span> <span class='ocrx_word' id='word_1_381' title='bbox 1426 3756 1743 3830; x_wconf 83' lang='lat' dir='ltr'>intenditur,</span> <span class='ocrx_word' id='word_1_382' title='bbox 1776 3756 2158 3818; x_wconf 82' lang='lat' dir='ltr'>immensitatis</span> <span class='ocrx_word' id='word_1_383' title='bbox 2200 3771 2461 3819; x_wconf 84' lang='lat' dir='ltr'>corusca-</span> 
     </span>
     <span class='ocr_line' id='line_1_41' title="bbox 475 3840 1116 3905; baseline 0.011 -8"><span class='ocrx_word' id='word_1_384' title='bbox 475 3840 622 3899; x_wconf 85' lang='lat' dir='ltr'>tione</span> <span class='ocrx_word' id='word_1_385' title='bbox 658 3844 1060 3905; x_wconf 78' lang='lat' dir='ltr'>reverberatur.</span> <span class='ocrx_word' id='word_1_386' title='bbox 1086 3864 1116 3903; x_wconf 70' lang='lat' dir='ltr'>n</span> 
     </span>
    </p>
   </div>
  </div>
 </body>
</html>
