2800 4492
551 316 671 379 454
1029 332 1086 381 a.
1126 332 1362 379 ancum
1399 332 1733 384 noun-tuis
1772 332 2086 381 ornacum

555 446 1133 519 convenientissimum
1160 449 1471 523 objectum3
1511 449 1638 508 ideo
1670 449 2027 523 consequitur
2050 448 2289 507 maxima
2314 445 2590 507 delecta-

555 538 652 605 tio,
679 553 804 613 quae
828 538 1052 612 quidem
1073 539 1298 597 decorat
1320 538 1698 613 operationem
1724 538 1899 611 ipsam
1922 548 1980 597 et
2008 538 2222 612 perlicit
2243 553 2385 605 eam,
2420 536 2590 593 sicut

556 626 900 698 pulchritudo
922 627 1288 700 juventutem,
1314 634 1378 686 ut
1411 628 1618 685 dicitur
1642 630 1711 683 40
1737 627 1919 685 Ethic.
1954 630 2095 703 (cap.
2127 628 2242 699 iv);
2270 627 2417 684 unde
2445 626 2587 697 ipsa

556 714 852 773 delectatio
887 731 1013 791 quae
1065 715 1367 773 voluntatis
1399 722 1505 786 est,
1549 723 1636 777 cst
1672 715 1975 773 formaliter
2010 715 2287 790 complens
2316 714 2590 771 beatitu-

558 803 772 872 dinem;
799 812 857 861 et
891 805 970 862 ita
1007 804 1368 863 beatitudinis
1403 804 1615 863 ultimas
1651 804 1810 876 origo
1844 812 1929 861 est
1964 803 2022 860 in
2060 805 2286 871 visione,
2316 800 2587 877 comple-

558 899 804 974 mentum
828 899 1012 951 autem
1035 894 1094 951 in
1117 894 1398 951 fruitione.

629 972 780 1046 Tres'
802 996 933 1055 ergo
975 983 1166 1056 primae
1206 983 1448 1041 rationes
1494 983 1861 1042 concedendae
1900 990 2051 1051 sunt,
2094 982 2227 1057 quia
2268 980 2585 1038 ostendunt

561 1068 707 1144 quod
729 1070 1013 1128 beatitudo
1041 1071 1477 1131 substantialiter
1498 1072 1767 1129 consistat
1794 1073 1849 1130 in
1870 1078 1999 1130 actu
2022 1071 2349 1127 intellectuS.

631 1157 717 1215 Ad
745 1158 876 1217 illud
906 1165 1091 1219 autem
1115 1162 1262 1236 quod
1289 1168 1483 1219 contra
1510 1161 1787 1235 objicitur,
1807 1161 2121 1226 dicendum,
2142 1159 2286 1233 quod
2308 1158 2581 1215 meritum

563 1245 814 1304 consistit
837 1249 892 1305 in
929 1250 1158 1321 agendo,
1191 1252 1478 1322 praemium
1516 1258 1702 1307 autem
1742 1250 1795 1305 in
1826 1248 2161 1322 recipiendo.
2196 1248 2355 1305 Actio
2376 1240 2578 1303 autem

565 1334 740 1407 primo
762 1337 1000 1409 pertinet
1023 1339 1094 1395 ad
1116 1328 1474 1407 voluntatem,
1498 1341 1628 1415 quia
1655 1340 1773 1413 ipsa
1800 1346 1985 1396 movet
2012 1354 2201 1395 omnes
2228 1336 2363 1393 alias
2380 1336 2576 1407 vires;

565 1424 658 1479 sed
682 1427 924 1499 receptio
952 1428 1128 1501 primo
1151 1430 1388 1503 pertinet
1418 1429 1488 1487 ad
1516 1428 1853 1487 intellectum
1884 1439 2062 1503 quam·
2082 1426 2149 1484 ad
2183 1425 2529 1483 voluntatem
2554 1442 2570 1493 ;

568 1514 709 1569 unde
734 1516 1017 1587 praemium
1046 1534 1142 1591 per
1178 1518 1329 1593 prius
1367 1518 1691 1578 attribuitur
1729 1516 2053 1585 intellectui,
2089 1516 2339 1573 meritum
2372 1522 2575 1571 autem

569 1602 857 1663 voluntati.
1364 1614 1370 1620 ‘

1235 1746 1696 1850 ‘immunes
1744 1787 1887 1847 xx.

581 1912 798 1978 Utrum
837 1916 994 1980 beati
1035 1918 1104 1981 in
1145 1919 1351 1999 yloria
1381 1921 1569 2000 prius
1604 1924 1888 1997 ferantur
1931 1916 2014 1981 ad
2057 1912 2570 1996 contemplandam

815 2003 1048 2070 Christi
1073 2008 1475 2073 Divinitatem
1502 2026 1685 2090 quam
1711 2010 1836 2082 ejus
1875 2008 2323 2071 humanitatom.

641 2137 800 2195 Circa
823 2139 1124 2201 secundum
1153 2141 1234 2197 sic
1273 2141 1608 2217 proceditur.
1635 2143 1690 2197 l.
1723 2141 1949 2197 Videtur
1972 2140 2121 2215 quod
2143 2138 2290 2196 beati
2314 2137 2370 2194 in
2394 2137 2568 2209 gloria

574 2226 725 2297 prius
752 2227 997 2284 ferantur
1019 2228 1089 2286 ad
1125 2229 1601 2303 contemplandam
1627 2229 1828 2287 Christi
1865 2229 2221 2285 Divinitatem
2256 2242 2423 2300 quam
2448 2228 2570 2299 ejus

573 2316 990 2374 humanitatem.
1038 2317 1320 2375 Altissimo
1363 2320 1507 2375 enim
1553 2318 1721 2375 statui
1762 2318 2063 2375 altissimus
2104 2325 2261 2373 actus
2300 2316 2476 2388 primo
2512 2324 2568 2371 et

577 2406 949 2479 principaliter
987 2408 1270 2481 competit.
1315 2408 1422 2465 Sed
1471 2408 1617 2464 beati
1658 2415 1787 2463 sunt
1833 2406 1888 2463 in
1926 2411 2077 2462 statu
2118 2404 2407 2461 altissimo.
2432 2406 2569 2461 Cum
2646 2453 2654 2461 .
2757 2394 2758 2425 ³

577 2510 705 2566 ergo
746 2501 902 2553 actus
945 2495 1339 2568 intelligentias,
1371 2510 1499 2569 quae
1542 2504 1627 2551 est
1666 2496 1913 2571 potentia
1954 2494 2239 2560 altissima,
2284 2495 2440 2565 cujus
2486 2502 2570 2549 est

577 2582 707 2640 ferri
738 2586 792 2641 in
817 2585 1012 2652 Deum,
1039 2586 1112 2641 sit
1151 2592 1307 2642 actus
1345 2586 1644 2641 altissimus
1671 2590 1727 2639 et
1760 2584 2131 2641 nobilissimus
2172 2582 2391 2639 videtur
2425 2583 2567 2656 quod

577 2672 666 2729 hic
693 2679 850 2729 actus
873 2674 1050 2746 primo
1074 2672 1252 2730 beatis
1277 2679 1555 2746 competat
1586 2680 1645 2727 ut
1672 2673 1846 2729 Deum
1872 2671 2333 2745 contemplentur.

647 2764 701 2817 2.
733 2761 1023 2828 Praeterea,
1052 2761 1156 2816 hoc
1187 2760 1257 2817 ad
1286 2760 1749 2834 imperfectionem
1787 2762 1893 2817 viae
1923 2762 2155 2833 pertinet
2184 2759 2335 2834 quod,
2357 2765 2571 2832 oportet

578 2862 676 2903 nos
710 2847 780 2902 ab
815 2847 1160 2905 inferioribus
1189 2848 1259 2905 ad
1293 2851 1575 2921 superiora
1602 2848 2019 2922 contemplanda
2055 2848 2441 2905 conscendere.
2466 2847 2567 2904 Sed

577 2935 634 2991 in
670 2935 848 2992 beatis
885 2936 992 2992 erit
1028 2937 1290 3009 perfectio
1329 2938 1605 2994 contraria
1648 2935 2047 3011 imperfectioni
2088 2937 2213 2994 viae.
2240 2937 2385 3008 Ergo
2415 2936 2514 3011 ipsi
2538 2952 2570 2991 e

577 3040 839 3082 converso
895 3042 990 3099 per
1039 3026 1192 3099 prius
1240 3028 1522 3099 superiora
1570 3025 2118 3099 contemplabuntur;
2166 3031 2222 3081 et
2271 3026 2353 3080 sic
2396 3026 2570 3098 primo

576 3114 775 3171 Christi
801 3114 1154 3173 Divinitatem
1179 3132 1345 3189 quam
1373 3117 1493 3188 ejus
1522 3116 1935 3173 humanitatem.

565 3234 568 3237 ⁴
645 3204 751 3260 Sed
776 3211 986 3271 contra,
1020 3206 1088 3261 ad
1109 3212 1410 3261 extremum
1442 3222 1548 3261 non
1577 3206 1890 3277 pervenitur
1908 3204 2011 3260 nisi
2044 3220 2139 3276 per
2164 3202 2408 3259 medium
2436 3204 2572 3258 inter

578 3290 749 3345 Deum
779 3298 836 3347 et
862 3292 1108 3347 homines
1129 3299 1220 3354 ,est
1247 3294 1447 3351 Christi
1476 3293 1789 3350 humanitas
1808 3293 1864 3349 :1
1894 3293 1962 3350 ad
1994 3292 2136 3349 Tim.
2164 3307 2227 3352 u.
2256 3293 2291 3345 5
2318 3308 2333 3348 ε
2360 3290 2573 3349 Medica

579 3383 664 3433 tor
690 3378 792 3433 Dei
818 3386 868 3434 et
899 3379 1167 3437 hominum
1205 3381 1354 3439 homo
1383 3381 1635 3440 Christus
1668 3380 1837 3439 Iesus.
1866 3382 2009 3453 Ergo
2036 3382 2214 3438 sancti
2240 3396 2349 3436 non
2378 3394 2573 3452 perve-

577 3464 733 3521 niunt
761 3465 832 3521 ad
857 3466 1372 3539 contemplationem
1416 3469 1733 3528 Divinitatis
1750 3468 1977 3536 Christi,
2010 3468 2111 3523 nisi
2141 3468 2295 3541 prius
2324 3474 2574 3523 contem-

576 3553 776 3627 plando
803 3558 920 3628 ejus
944 3556 1358 3613 humanitatem.

647 3643 967 3717 Respondeo
995 3644 1306 3714 dicendum,
1334 3647 1483 3720 quod
1514 3647 1885 3721 unusquisque
1908 3648 2061 3720 prius
2093 3646 2409 3704 considerat
2441 3644 2576 3701 illud

575 3733 721 3805 quod
759 3740 843 3789 est
890 3734 1030 3809 ratio
1080 3734 1328 3807 alicujus,
1355 3751 1524 3809 quam
1562 3735 1618 3791 id
1650 3738 1805 3809 cujus
1843 3738 1988 3791 ratio
2034 3743 2149 3803 est;
2184 3734 2327 3791 sicut
2378 3734 2576 3791 artifex

577 3822 728 3891 prius
766 3824 1077 3881 considerat
1117 3825 1362 3897 regulam
1406 3825 1587 3897 operis
1626 3822 1792 3898 quam
1826 3825 2126 3881 secundum
2168 3822 2414 3895 regulam
2440 3838 2577 3897 ope-

579 3914 758 3966 retur.·
775 3910 930 3969 Beati
959 3920 1143 3972 autem
1181 3914 1318 3972 adeo
1345 3921 1475 3971 sunt
1500 3908 1615 3971 Deo
1652 3909 1928 3987 conjuncti
1954 3918 2015 3970 ut
2050 3914 2168 3987 ipse
2206 3916 2281 3971 sit
2314 3912 2397 3969 eis
2434 3912 2577 3969 ratio
