2800 4492
520 321 640 382 242
1001 335 1054 382 a.
1097 335 1332 380 meum.
1370 335 1701 387 novrum-ts
1743 333 2053 384 opuscum

524 453 687 513 Nune
713 451 859 530 enim
885 451 1152 508 dormiens
1188 452 1413 522 silerem)
1444 468 1463 510 .·
1491 451 1552 508 Si
1572 457 1851 524 parentem
1874 450 2118 524 primum
2144 451 2295 510 vtulla
2312 451 2549 525 putredo

516 541 723 615 peccati
766 547 1153 614 corrumperet,
1191 556 1526 612 nequaquam
1566 557 1631 595 ece
1664 557 1718 596 se
1758 541 1898 612 filios
1938 541 2185 612 gehennae
2221 548 2511 612 ⁸ueneror-et
2526 558 2548 609 ,-

521 630 610 686 sed
637 632 694 686 hi
735 630 828 704 qui
858 645 1001 686 nunc
1033 645 1135 702 per
1170 628 1578 700 redemptionem
1617 628 1861 685 salvandi
1895 635 2044 696 sunt,
2070 629 2172 684 soli
2203 629 2269 684 ab
2308 647 2367 686 eo
2396 631 2549 687 electi

521 725 888 776 nascerentur.
933 718 1039 775 Sed
1082 717 1177 791 qui
1224 733 1370 774 nune
1419 717 1669 774 salvandi
1722 725 1871 784 sunt,
1922 733 2029 774 non
2068 724 2196 773 sunt
2253 719 2549 792 aequaliter

523 824 704 866 mares
731 814 787 863 et
815 807 1050 864 feminee.
1082 807 1224 878 Ergo
1255 821 1433 880 neque
1466 804 1521 862 in
1552 813 1701 863 statu
1726 806 2055 864 innocentiae
2076 808 2371 881 aequaliter
2402 807 2549 866 fuis-

523 902 649 953 sent
678 911 858 953 mares
881 904 937 952 et
961 895 1200 952 feminae.

593 983 916 1055 Respondeo
943 982 1254 1048 dicendum,
1288 981 1435 1055 quod
1464 982 1510 1038 si
1537 982 1714 1039 Adam
1743 997 1850 1039 non
1880 989 2181 1056 peccasset,
2214 998 2318 1040 nec
2341 983 2550 1057 aliquis

525 1073 596 1128 de
634 1072 806 1145 stirpe
843 1074 995 1144 eju3‚
1025 1071 1176 1127 satis
1206 1069 1561 1143 probabiliter
1600 1071 1819 1127 videtur
1847 1071 2257 1128 concedendum
2286 1072 2433 1145 quod
2464 1079 2548 1130 tot

527 1166 884 1216 nascerentur
913 1175 1094 1216 mares
1115 1166 1251 1232 quot
1292 1158 1529 1226 feminae,
1554 1159 1700 1215 sicut
1723 1158 1865 1215 ratio
1891 1158 2107 1232 probat.
2172 1224 2176 1228 ,

595 1247 680 1304 Ad
719 1247 849 1304 illud
887 1263 1026 1322 vero⁸
1055 1248 1202 1320 quod
1237 1248 1292 1302 in
1331 1247 1669 1303 contrarium
1703 1246 1978 1319 objicitur,
2010 1255 2194 1320 potest
2230 1247 2341 1304 dici
2396 1247 2549 1320 quod

522 1351 654 1391 cum
690 1336 792 1392 soli
821 1337 935 1392 Deo
959 1337 1033 1392 sit
1053 1341 1245 1392 'certus
1275 1351 1535 1392 numerus
1563 1335 1881 1402 electorum,
1922 1335 2191 1392 incertum
2221 1342 2326 1403 est,
2358 1344 2548 1394 utrum

525 1424 824 1497 inaequales
867 1424 1147 1481 salventur
1177 1439 1356 1480 mares
1395 1431 1453 1479 et
1499 1423 1733 1491 feminae,
1780 1423 1865 1480 vel
1913 1424 2203 1497 aequaliter
2250 1431 2334 1480 tot
2362 1441 2548 1482 mares

526 1520 660 1587 quot
685 1513 920 1570 feminae.
946 1513 1050 1570 Sed
1078 1512 1126 1568 si
1147 1512 1475 1584 supponitur
1506 1513 1653 1585 quod
1684 1527 1791 1568 non
1816 1513 1873 1570 in
1888 1513 2089 1585 aequali
2112 1529 2339 1570 numero
2362 1529 2549 1570 mares

525 1602 804 1660 salventur
833 1591 888 1659 et
929 1602 1164 1668 feminae,
1202 1608 1383 1672 potest
1411 1601 1541 1668 dici,
1579 1600 1726 1673 quod
1754 1616 1879 1656 cum
1915 1601 2151 1658 dicitur:
2178 1602 2255 1658 Hi
2278 1602 2375 1675 qui
2401 1619 2549 1658 nune

519 1681 637 1763 per'
659 1690 1069 1762 redemptionem
1095 1689 1342 1745 salvandi
1371 1696 1521 1754 sunt,
1548 1697 1680 1755 ete„
1709 1704 2007 1761 pronomen
2035 1704 2143 1746 non
2180 1689 2314 1748 facit
2344 1707 2549 1764 perso-

525 1778 704 1834 nalem
743 1778 1286 1844 demonstrationem,
1317 1779 1417 1832 sed
1445 1776 1777 1850 simplicem3
1805 1778 1948 1834 sieut
1976 1794 2101 1833 cum
2126 1778 2331 1835 dicitur
2359 1795 2374 1833 ε
2412 1780 2549 1836 Haec

526 1865 692 1921 herba
726 1867 924 1922 crescit
953 1869 1009 1922 in
1039 1866 1197 1923 horto
1217 1881 1377 1933 ,meo;
1412 1873 1473 1920 ut
1510 1863 1849 1936 intelligatur
1881 1864 2013 1920 nihil
2048 1865 2196 1922 aliud
2240 1865 2546 1937 significari

526 1969 691 2026 qnam
719 1955 863 2028 quod
895 1955 996 2011 soli
1024 1954 1270 2010 salvandi
1299 1953 1370 2009 ab
1397 1967 1463 2008 eo
1493 1961 1869 2020 nascerentur,
1900 1954 2031 2026 quia
2057 1953 2237 2010 nullus
2266 1954 2549 2011 nascendo

528 2043 598 2098 ab
625 2059 688 2101 eo
719 2044 962 2100 traheret
997 2042 1362 2100 damnationis
1389 2058 1635 2099 causam.
1666 2044 1785 2099 Non
1822 2047 2005 2098 autem
2044 2051 2227 2116 potest
2254 2044 2365 2100 dici
2396 2045 2551 2117 quod

527 2131 692 2186 iidem
730 2132 976 2189 homines
1005 2147 1230 2188 numero
1260 2137 1612 2187 nascerentur
1640 2131 1733 2202 qui
1764 2147 1907 2187 nune
1933 2140 2251 2190 nascuntur.
2278 2133 2549 2189 Manifes-

529 2225 644 2274 tum
673 2227 755 2275 est
781 2221 924 2276 enim
951 2220 1094 2292 quod
1125 2235 1229 2275 non
1261 2225 1442 2291 potest
1469 2235 1588 2274 esse
1614 2219 1760 2274 idem
1790 2218 1949 2275 homo
1979 2235 2224 2286 onmem,
2254 2220 2302 2290 si
2332 2220 2402 2276 ab
2434 2220 2547 2276 alio

529 2313 683 2378 patre
709 2308 792 2362 vel
820 2308 928 2365 alia
960 2316 1132 2364 matre
1173 2315 1450 2363 nascatur.
1485 2308 1619 2362 Cum
1648 2313 1833 2363 autem
1858 2307 2015 2364 multi
2051 2308 2161 2365 siut
2186 2308 2284 2382 qui
2323 2325 2390 2364 ex
2418 2309 2548 2382 pln-

529 2395 680 2451 ribus
710 2397 968 2453 uxoribus
1006 2397 1142 2452 filios
1171 2395 1494 2469 suscipiunt,
1528 2396 1620 2468 qui
1649 2395 1961 2463 salvantur3
2010 2397 2058 2451 si
2101 2397 2157 2452 in
2195 2404 2349 2453 statu
2382 2399 2547 2454 inno-

529 2486 725 2542 eentiae
749 2485 1031 2557 pluralitas
1055 2502 1284 2548 uxorum
1307 2501 1412 2540 non
1438 2483 1650 2550 suisset,
1674 2483 2009 2557 impossibile
2036 2491 2181 2540 esset
2203 2486 2350 2559 quod
2374 2487 2545 2543 iidem

528 2574 776 2633 homines
805 2591 1029 2632 numero
1058 2581 1190 2631 tune
1217 2580 1573 2632 nascerentur
1596 2575 1690 2648 qui
1720 2589 1864 2632 nunc
1890 2575 2195 2634 salvantur.

1106 2857 1112 2862 ,
1162 2888 1167 2893 ,
1236 2789 1633 2868 QUAESTIO
1673 2791 1826 2859 XII.

596 2947 806 3004 Deinde
851 2947 1143 3020 quaesitum
1189 2953 1271 3004 est
1301 2943 1369 3004 de
1395 2948 1613 3006 actibus
1654 2949 2031 3006 communibus
2072 2950 2329 3007 omnibus
2359 2951 2544 3008 homi-

527 3037 686 3096 nibus
722 3043 823 3093 :et
862 3037 1036 3110 primo
1075 3037 1142 3093 de
1183 3038 1547 3107 conscientia;
1592 3038 1829 3094 secundo
1873 3038 1941 3094 de
1984 3039 2333 3111 poenitentia.
2382 3041 2543 3098 Circa

525 3127 760 3198 primum
790 3128 1022 3200 quaesita
1057 3135 1191 3183 sunt
1220 3128 1327 3184 duo
1360 3143 1373 3182 τ
1419 3129 1481 3181 110
1511 3134 1694 3183 utrum
1722 3127 2057 3184 conscientia
2097 3136 2281 3200 posset
2320 3145 2538 3201 errare;

528 3218 590 3270 20
619 3221 798 3270 utrum
829 3216 1162 3272 conscientia
1191 3231 1419 3273 erronea
1445 3215 1599 3286 liget.

1161 3430 1615 3494 ARTICULUS
1656 3431 1885 3491 XXVI.

536 3577 754 3641 Utrum
783 3578 1142 3641 conscientia
1165 3597 1367 3644 errare
1377 3582 1598 3660 possit.
1626 3616 1705 3627 —
1729 3581 1890 3662 (1-2,
1923 3587 2133 3661 qoeccest.
2172 3584 2271 3661 19,
2304 3585 2535 3661 a9·t..5;

961 3673 1018 3730 et
1043 3668 1104 3746 2,
1139 3669 1285 3732 dist.
1313 3671 1373 3746 2,
1408 3674 1618 3752 quaest.
1654 3673 1710 3747 1,
1740 3681 1860 3733 art.
1890 3674 1949 3747 4,
1983 3670 2089 3750 e.).

594 3817 676 3872 Ad
705 3818 940 3899 primum
977 3818 1058 3874 sie
1086 3823 1418 3892 proceditur.
1450 3825 1502 3877 4.
1540 3823 1767 3878 Videtur
1800 3822 1945 3894 quod
1975 3822 2315 3880 conscientia
2349 3841 2538 3882 errare

528 3917 634 3964 non
662 3907 852 3984 possit.
884 3907 1023 3990 Quia
1049 3909 1118 3978 ad
1147 3910 1304 3982 Rom,
1346 3927 1435 3980 ιιι,
1478 3910 1613 3973 dicit
1652 3910 1865 3979 Glossa,
1898 3911 2044 3984 quod
2081 3912 2423 3977 conscientia
2451 3920 2535 3978 est
