2800 4492
2504 23 2797 119 W*

517 344 640 410 290
996 361 1049 412 s,
1094 362 1327 412 ‘momn-
1367 363 1697 418 sommus
1737 361 2049 412 ornacum
2095 406 2100 410 .

589 480 696 540 Sed
733 479 882 556 quod
923 480 1152 541 ulterius
1190 483 1476 558 quaeritur‚
1508 500 1578 542 an
1614 488 1744 542 ante
1773 482 2052 556 religionis
2082 482 2389 556 ingressum
2418 472 2535 535 sint
2582 528 2587 535 .

519 576 648 627 voto
677 570 763 628 vol
784 572 1098 644 juramento
1121 573 1191 629 ad
1221 572 1538 646 religione-m
1565 571 1861 645 obligandi,
1891 571 2179 629 manifesto
2202 576 2357 644 patet
2378 566 2534 642 quod

521 658 621 714 sic.
655 658 809 716 Sicut
851 661 996 717 enim
1024 661 1082 717 in
1120 662 1262 738 malo
1292 670 1499 736 quanto
1528 661 1778 728 voluntas
1807 669 1893 718 est
1923 661 2100 733 magis
2126 659 2416 717 obfirmata
2460 657 2533 720 ad

524 745 745 814 malum,
780 754 932 805 tanto
958 750 1109 823 pejor
1135 757 1240 818 est,
1266 750 1410 808 sicut
1435 751 1487 806 in
1512 750 1801 808 obstinatis
1825 754 1995 823 patet,
2024 749 2198 825 etqui
2224 765 2291 804 ex
2317 746 2534 805 malitia

525 843 784 907 peccant;
818 838 894 894 ita
923 839 1089 895 etiam
1119 839 1175 895 in
1206 839 1364 896 bonis
1387 839 1821 896 tanto'voluntas
1854 838 2045 895 melior
2072 847 2175 904 est,
2212 842 2419 911 quanto
2445 843 2534 892 est

527 921 700 996 magis
725 925 939 983 firmata
974 936 1028 985 et
1061 928 1325 986 adstricta
1361 928 1431 986 ad
1459 928 1683 986 bonum.
1720 930 1857 985 Cum
1894 942 2023 1000 ergo
2050 926 2250 983 bonum
2279 926 2353 982 sit
2380 923 2531 999 quod

526 1015 678 1086 pueri
703 1015 774 1071 ad
799 1015 1114 1088 religionem
1143 1018 1383 1084 veniant,
1418 1018 1590 1075 multo
1620 1017 1812 1074 melius
1836 1025 1919 1074 est
1946 1017 2093 1090 quod
2119 1031 2306 1072 eorum
2330 1014 2535 1071 volun-

527 1109 612 1159 tas
635 1103 708 1160 sit
736 1104 804 1160 ad
835 1109 936 1162 boc
961 1091 1193 1171 firmata,
1219 1107 1364 1178 quod
1391 1107 1453 1162 lit
1476 1116 1603 1164 voto
1624 1105 1707 1162 vel
1724 1108 2035 1179 juramento
2068 1123 2081 1161 ε
2110 1104 2253 1160 unde
2276 1110 2331 1158 et
2353 1102 2532 1158 David

526 1190 745 1248 dicebat
791 1183 1008 1262 (Psalm.
1047 1209 1246 1262 cxvm,
1299 1197 1420 1265 ⁴06)
1472 1212 1484 1249 ε
1516 1193 1713 1251 Intravi
1739 1200 1790 1250 et
1828 1192 1999 1252 statui
2036 1192 2299 1250 custodire
2315 1189 2537 1264 judicia

520 1278 748 1352 justilioe
775 1287 911 1349 tuoe3
942 1290 996 1337 et
1035 1284 1370 1355 Augustinus
1397 1284 1533 1340 dicit
1552 1284 1623 1338 :in
1662 1283 1891 1355 epistola
1930 1283 1998 1340 ad
2028 1281 2307 1338 Paulinam
2336 1287 2394 1336 et
2420 1283 2541 1346 Are

527 1371 856 1427 mentarium
886 1387 900 1425 ε
934 1370 1092 1427 Felix
1119 1374 1413 1438 necessitas,
1444 1389 1560 1444 quoe
1587 1372 1659 1427 ad
1684 1370 1907 1428 meliora
1931 1371 2208 1443 compellit.

600 1458 798 1516 Ultimo
821 1466 1006 1516 autem
1026 1460 1481 1517 considerandum
1501 1467 1688 1527 restat,
1717 1476 1788 1518 an
1802 1460 1911 1516 sint
1935 1455 2210 1516 beneficiis
2231 1457 2535 1514 alliciendi.

529 1543 596 1602 Et
617 1548 661 1601 si
688 1548 907 1620 quidem
936 1550 1295 1606 conventione
1313 1549 1397 1605 vel
1421 1557 1580 1621 pacto
1595 1549 1837 1622 pretium
1856 1547 2015 1604 alicui
2037 1551 2220 1616 detur,
2243 1545 2328 1602 vel
2350 1547 2537 1620 quod-

531 1649 764 1708 cumque
800 1647 1076 1694 terrenum
1116 1638 1460 1705 beneficium,
1494 1647 1554 1694 ut
1591 1637 1905 1708 religionem
1934 1637 2134 1705 intret3
2167 1635 2269 1692 boc
2306 1643 2391 1690 est
2422 1635 2537 1690 illi-

530 1724 721 1778 citum.
761 1725 815 1778 Si
856 1732 1039 1781 autem
1076 1725 1270 1798 aliquis
1309 1729 1361 1782 ei
1403 1727 1589 1800 aliqua
1625 1725 1891 1784 beneficia
1928 1724 2246 1796 temporalia
2284 1723 2534 1779 conferat

533 1815 592 1864 ut
620 1810 833 1866 auferat
875 1811 1264 1884 impedimenta
1305 1813 1505 1885 quibus
1546 1813 1839 1885 impeditur
1868 1827 1900 1868 a
1941 1811 2219 1883 religionis
2260 1810 2531 1882 ingressu,

534 1897 616 1953 vel
642 1897 809 1956 etiam
844 1907 901 1956 ut
941 1915 1064 1956 eum
1101 1902 1324 1969 nutriat,
1357 1901 1443 1958 vel
1481 1901 1667 1958 doceri
1696 1902 1863 1958 saciat
1890 1899 1959 1958 ad
1986 1899 2091 1956 hoc
2112 1898 2258 1972 quod
2296 1900 2368 1954 sit
2400 1899 2536 1952 reli-

531 1986 678 2058 gioni
705 1995 895 2058 aptus;
934 1987 1036 2045 boc
1071 2005 1179 2045 non
1217 1997 1301 2045 est
1328 1990 1599 2058 illicitum,
1627 1991 1722 2046 sed
1752 1996 1836 2047 est
1870 1987 2161 2045 laudabile.
2192 1986 2457 2044 Similiter
2482 1993 2538 2042 et

533 2077 576 2130 si
605 2075 883 2132 beneficiis
907 2078 1294 2156 temporalibus
1315 2080 1517 2153 aliquis
1540 2080 1776 2152 aliquem
1805 2078 2028 2147 alliciat,
2058 2084 2120 2133 ut
2147 2092 2274 2134 eum
2311 2075 2537 2132 favora-

536 2163 696 2220 bilem
732 2165 836 2221 sibi
880 2165 1100 2236 reddat,'
1124 2184 1226 2224 non
1255 2169 1539 2225 intendens
1579 2169 1807 2240 gloriam
1835 2167 2129 2242 propriam,
2172 2165 2267 2220 sod
2302 2162 2535 2236 gloriam

533 2252 630 2307 Dei
673 2258 729 2309 et
756 2253 988 2325 proximi
1026 2255 1279 2324 salutem,
1320 2254 1593 2312 laudabile
1620 2261 1724 2321 est,
1767 2256 1910 2312 sicut
1950 2261 2005 2310 et
2042 2252 2334 2327 Apostolus
2378 2252 2447 2306 de
2476 2267 2535 2306 se

530 2342 648 2415 ipso
676 2343 829 2410 dicit,
865 2345 888 2399 1
917 2345 1040 2402 Cor.
1078 2361 1138 2413 x,
1181 2348 1255 2411 33,
1295 2363 1308 2400 ε
1339 2344 1450 2402 Per
1482 2343 1663 2401 omnia
1689 2342 1929 2400 omnibus
1955 2343 2155 2416 placeo,
2189 2342 2335 2396 Deus
2364 2341 2534 2398 etiam

531 2431 744 2504 aliquos
769 2433 1158 2506 temporalibus
1182 2435 1461 2491 beneficiis
1486 2433 1657 2490 allicit
1679 2433 1748 2490 ad
1772 2433 1908 2489 bene
1932 2432 2222 2504 agendum.
2254 2431 2314 2486 ln
2338 2429 2535 2486 Eccle-

529 2518 626 2575 siis
669 2522 835 2576 etiam
891 2521 1216 2594 quibusdam
1266 2521 1646 2595 temporalium
1703 2517 2177 2576 distributionibus
2219 2517 2536 2575 alliciuntur

531 2607 699 2678 aliqui
731 2608 800 2665 ad
829 2609 1087 2667 Ecclesiae
1113 2610 1567 2680 deserviendum
1597 2625 1703 2666 non
1736 2609 1881 2682 quod
1925 2608 2208 2680 praemium
2237 2607 2533 2680 accipiant,

529 2697 626 2750 sed
665 2703 792 2752 sunt
828 2699 1081 2770 quaedam
1119 2698 1443 2755 secundario
1476 2699 1715 2755 illectiva
1744 2698 1813 2755 ad
1850 2696 2193 2770 serviendum
2224 2695 2358 2766 De0,
2392 2697 2537 2751 sicut
2628 2753 2633 2758 ,
2782 2675 2786 2793 Ι’

530 2791 586 2838 et
621 2783 882 2840 Dominus
919 2786 1053 2842 dicit
1091 2787 1282 2843 Mattb.
1316 2803 1396 2855 vt,
1440 2791 1507 2860 33
1542 2804 1554 2841 :
1594 2786 1780 2844 Primo
1815 2784 2039 2859 quoerite
2084 2801 2309 2858 regnum
2346 2783 2445 2839 Dei
2487 2791 2537 2840 et

524 2870 796 2942 justitiam
825 2873 958 2946 eJ'us,
997 2880 1049 2929 et
1078 2874 1186 2930 hoec
1215 2875 1418 2941 omnia,
1448 2875 1657 2934 scilicet
1683 2876 1988 2932 necessaria
2019 2874 2166 2943 vitas,
2206 2873 2523 2946 adjicientur

532 2959 694 3017 vobis.

600 3048 685 3123 ᾼά
714 3049 947 3122 primum
972 3065 1101 3122 ergo
1129 3049 1439 3117 dicendum,
1469 3050 1615 3124 quod
1646 3050 1786 3107 sicut
1814 3051 2061 3107 Christus
2089 3048 2160 3107 ad
2188 3048 2415 3106 consilia
2446 3052 2536 3105 in-

531 3137 730 3194 vitavit
754 3139 1153 3196 adolescentem
1185 3140 1239 3196 in
1268 3141 1555 3214 praeceptis
1592 3140 1969 3206 exercitatum,
2002 3141 2080 3197 ita
2110 3137 2277 3196 etiam
2315 3139 2537 3194 vocavit

528 3224 846 3283 Matthaeum
865 3226 1215 3300 publicanum
1243 3244 1347 3285 non
1372 3229 1732 3286 exercitatum
1759 3229 1811 3284 in
1842 3228 2147 3302 praeceptis,
2176 3226 2269 3282 sed
2291 3227 2536 3298 peccatis
2568 3297 2577 3304 .

527 3313 868 3386 implicatum
902 3333 916 3370 ε
946 3333 1012 3372 ex
1049 3333 1157 3390 quo
1187 3319 1433 3391 accipere
1474 3333 1763 3392 possumus
1788 3317 1934 3391 quod
1973 3316 2042 3372 ad
2081 3313 2305 3372 consilia
2340 3313 2535 3370 obser-

527 3404 708 3464 vanda
754 3405 810 3459 in
852 3404 1114 3477 religione
1148 3407 1449 3462 advocandi
1474 3415 1601 3464 sunt
1630 3423 1737 3463 non
1779 3406 1953 3462 solum
1978 3404 2263 3462 exercitati
2292 3403 2345 3458 in
2386 3417 2534 3476 prae-

531 3494 726 3566 cepi-ia,
754 3493 850 3550 sed
876 3494 1043 3552 etiam
1071 3509 1175 3550 non
1207 3496 1515 3553 exercitati.

599 3582 684 3640 Ad
731 3581 1030 3640 secundum
1075 3585 1383 3651 dicendum,
1431 3583 1576 3660 quod
1606 3583 1896 3640 dlversitas
1936 3582 2203 3654 graduum
2241 3579 2535 3654 dupliciter

528 3670 739 3727 attendi
777 3678 975 3746 potest.
1007 3667 1126 3730 Uno
1163 3673 1324 3729 modo
1362 3673 1418 3728 in
1445 3671 1678 3728 diversis
1702 3672 1940 3728 statibus
1963 3686 2059 3726 seu
2087 3667 2491 3727 conditionibus
2518 3687 2532 3738 3

529 3765 586 3814 et
609 3759 689 3815 sic
723 3775 826 3817 non
852 3767 1079 3835 oportet·
1099 3762 1243 3836 quod
1274 3761 1367 3836 qui
1401 3761 1575 3817 tendit
1608 3760 1678 3818 ad
1705 3762 1963 3834 majorem
1992 3765 2196 3816 statum
2228 3759 2311 3813 vel
2336 3758 2535 3813 condi·

528 3846 753 3915 tionem,
783 3849 932 3920 prius
955 3849 1284 3907 exercitetur
1312 3850 1364 3905 in
1394 3850 1584 3905 minori
1616 3858 1766 3906 statu
1790 3849 1872 3905 vel
1901 3849 2241 3914 condition03
2273 3847 2416 3922 sicut
2447 3847 2536 3902 vi-

533 3933 722 3990 demus
745 3935 890 4009 quod
919 3935 994 3992 illi
1026 3938 1121 4010 qui
1147 3936 1337 3995 volunt
1365 3939 1478 3995 fieri
1508 3937 1726 4007 militeS,
1754 3953 1858 3994 non
1883 3939 2035 4014 prius
2070 3937 2443 3996 exercitantur
2470 3936 2535 4007 in
