2800 4492
733 306 822 350 ιι.
850 318 928 335 --·
954 302 1018 351 m
1073 302 1340 351 nonnum
1381 300 1461 351 nn
1503 301 1853 355 mmmm·
2204 300 2309 365 45⁷

277 420 456 499 possit
482 420 668 477 haberi
693 420 944 488 scientia,
975 427 1030 477 et
1061 437 1092 478 a
1122 421 1446 492 quibusdam
1484 422 1769 491 habeatur,
1800 431 1981 481 tamen
2024 440 2281 487 necessa-

277 511 425 568 rium
473 518 555 567 est
609 510 807 566 habere
861 510 1022 565 fidem
1070 517 1290 583 propter
1345 512 1585 583 quinque
1641 514 1899 583 rationes,
1928 531 2064 588 quas
2107 518 2278 574 Rabbi

277 602 495 674 Moyses
512 600 691 673 ponit.
719 600 920 665 Primo,
948 606 1169 672 propter
1207 598 1635 672 profunditatem
1674 609 1729 657 et
1774 604 2135 663 subtilitatem
2164 622 2282 662 ma-

281 688 456 755 neriae,
483 705 577 760 per
601 703 767 761 quam
792 681 1135 744 occultantur
1163 688 1348 745 divina
1379 688 1450 743 ab
1481 688 1761 745 hominum
1802 683 2101 749 intellectu.
2130 696 2283 752 Unde
2316 704 2323 707 ·

281 795 352 835 ne
387 779 460 833 sit
488 777 647 833 homo
671 777 788 832 sine
816 776 1201 848 qualicumque
1225 776 1419 833 horum
1447 779 1775 849 cognitione,
1810 781 2087 851 provisum
2124 792 2207 839 est
2233 784 2281 840 ei

280 876 346 924 ut
368 866 562 939 saltem
589 882 683 937 per
709 864 868 921 fidem
907 865 1093 923 divina
1121 872 1435 937 cognoscat.
1465 866 1619 923 Unde
1657 867 2016 926 Ecclesiastes
2052 873 2283 944 septimo

279 956 464 1028 capite
495 971 508 1009 z
535 955 668 1010 Alta
700 953 1072 1026 profunditas,
1097 954 1212 1025 quis
1243 962 1507 1026 coqnoscet
1540 956 1732 1011 illam?
1761 957 2028 1028 Secund0,
2061 970 2283 1034 propter
2318 1030 2320 1035 .

278 1042 712 1100 imbecillitatem
740 1041 1050 1099 intellectus
1078 1041 1294 1097 humani
1327 1057 1359 1098 a
1385 1042 1671 1115 principio.
1701 1045 1819 1100 Non
1855 1047 1998 1103 enim
2034 1052 2283 1124 provenit
2310 1108 2317 1111 ,

282 1134 334 1188 ei
357 1148 458 1187 sua
484 1130 764 1203 perfectio,
793 1130 896 1187 nisi
922 1132 977 1185 in
1003 1131 1108 1186 fine
1129 1137 1215 1187 :et
1242 1130 1366 1185 ideo
1392 1138 1450 1185 ut
1476 1130 1682 1187 nullum
1714 1142 1927 1205 tempus
1950 1136 2024 1191 sit
2051 1152 2283 1195 vacuum

281 1237 316 1277 a
344 1220 442 1275 Dei
469 1219 796 1291 cognitione,
828 1219 1038 1291 indiget
1061 1219 1184 1285 fide,
1213 1235 1310 1291 per
1339 1235 1503 1291 quam
1535 1220 1605 1275 ab
1631 1222 1750 1293 ipso
1794 1224 2057 1297 principio
2100 1225 2283 1283 divina

283 1308 539 1379 accipiat.
588 1308 792 1372 Terti0‚
841 1314 1062 1378 propter
1108 1306 1300 1371 multa⁴
1329 1308 1663 1379 praeambula
1704 1325 1831 1381 quae
1870 1313 2164 1383 exiguntur
2214 1316 2283 1371 ad

282 1394 590 1451 habendum
618 1394 986 1465 cognitionem
1008 1393 1077 1449 de
1101 1394 1214 1449 Deo
1253 1394 1550 1450 secundum
1578 1395 1726 1451 viam
1766 1398 2011 1453 rationis
2038 1391 2285 1471 Exigitur

283 1484 428 1539 enim
455 1484 522 1539 ad
543 1482 645 1538 hoc
669 1480 782 1537 sere
802 1483 1043 1537 omnium
1069 1482 1423 1538 scientiarum
1451 1484 1711 1553 cognitio,
1741 1499 1863 1539 cum
1897 1487 2139 1543 omnium
2163 1490 2285 1546 finis

284 1573 357 1629 sit
379 1573 616 1643 cognitio
641 1571 948 1628 divinorum
978 1588 990 1625 ε
1019 1586 1144 1643 quae
1168 1570 1390 1642 quidem
1428 1572 1756 1641 praeambula
1789 1574 2103 1644 paucissimi
2130 1589 2285 1633 com-

283 1661 654 1734 prehendunt,
697 1660 780 1716 vel
823 1664 1252 1730 consequuntur.
1281 1658 1455 1726 Unde,
1488 1676 1557 1714 ne
1593 1660 1883 1717 multitudo
1925 1662 2201 1721 hominum
2253 1684 2284 1723 a

283 1749 470 1804 divina
491 1748 802 1819 cognitione
830 1754 1111 1803 remaneat
1135 1761 1328 1815 vacua,
1357 1747 1577 1819 provisa
1604 1754 1687 1803 est
1710 1748 1761 1803 ei
1786 1748 2049 1807 divinitus
2079 1752 2165 1809 via
2191 1771 2286 1826 per

281 1836 470 1892 fidem.
500 1835 724 1905 Quart0‚
759 1836 888 1907 quia
917 1834 1072 1889 multi
1098 1834 1376 1889 hominum
1399 1850 1467 1889 ex
1492 1834 1725 1891 naturali
1760 1837 2133 1910 complexione
2162 1848 2313 1897 sunt·

281 1922 592 1996 indispositi
626 1922 696 1979 ad
734 1922 1123 1994 perfectionem
1165 1921 1475 1977 intellectus
1508 1922 1946 1995 consequendam
1984 1928 2282 1984 secundum

281 2012 571 2079 rationem,
598 2010 698 2068 vel·
727 2011 872 2067 viam
917 2010 1146 2066 rationis
1176 2026 1189 2064 ε
1215 2010 1377 2077 unde,
1412 2016 1472 2065 ut
1508 2010 1563 2065 hi
1602 2011 1785 2067 divina
1822 2014 2131 2084 cognitione
2178 2032 2285 2073 non

280 2105 524 2166 careant,
556 2098 775 2171 provisa
799 2094 880 2153 est
907 2098 996 2153 via
1024 2096 1168 2155 fidei.
1196 2097 1421 2167 Quinto,
1447 2104 1670 2171 propter
1700 2103 2087 2172 occupationes
2115 2104 2309 2177 pluri-.
2346 2104 2353 2108 ’

281 2205 422 2255 maS‚
469 2188 666 2261 quibus
706 2192 933 2258 oportet,
961 2185 1208 2241 homines
1250 2186 1505 2257 occupari
1563 2203 1575 2239 ε
1626 2188 1769 2243 unde
1819 2189 2154 2261 impossibile
2204 2202 2289 2249 est

281 2277 431 2351 quod
455 2292 643 2332 omnes
665 2280 1190 2347 consequantur·per
1225 2274 1372 2329 viam
1403 2274 1633 2331 rationis
1671 2276 1724 2330 id
1762 2277 1907 2348 quod
1946 2285 2029 2333 est
2061 2280 2135 2348 *de
2176 2283 2287 2338 Deo

281 2365 653 2423 mecessarium
677 2364 746 2420 ad
775 2362 1228 2434 cognoscendum,
1249 2371 1304 2417 et
1333 2370 1555 2433 propter
1577 2363 1681 2418 hoc
1704 2364 1793 2419 via
1820 2366 1945 2421 fidei
1977 2378 2283 2439 procurata,

281 2465 341 2513 et
364 2454 470 2510 hoc
493 2460 760 2527 quantum
785 2452 852 2507 ad
881 2450 973 2505 illa
1003 2466 1128 2522 quae
1169 2456 1296 2504 sunt
1321 2449 1879 2525 abaliquipigssc'ita,
1912 2460 1967 2507 et
2006 2455 2127 2510 aliis
2156 2474 2281 2528 pro-

280 2550 560 2619 ponuntur
577 2549 640 2598 ut
652 2534 942 2596 credenda.
963 2537 1227 2607 Quaedam
1248 2553 1376 2605 vero
1399 2528 1873 2611 divi’nufufflsimss
1894 2539 1964 2595 ad
1984 2558 2109 2613 quae
2129 2544 2290 2615 plene

281 2630 662 2702 cognoscenda
697 2628 1004 2684 nullatenus
1050 2626 1192 2682 ratio
1232 2624 1470 2681 humana
1512 2624 1733 2693 sufficit,
1762 2626 1856 2682 sed
1904 2644 2093 2687 eorum
2130 2632 2288 2704 plena

282 2721 528 2793 cognitio
567 2724 933 2790 expectatur}
973 2716 1027 2771 in
1080 2715 1264 2771 futura
1305 2713 1452 2796 vita,
1490 2713 1578 2769 ubi
1620 2715 1724 2771 erit
1769 2715 1923 2786 plena
1980 2716 2305 2790 beatitud0,

281 2811 432 2867 sicut
454 2809 710 2873 Trinitas»,
739 2811 795 2862 et
819 2804 1001 2861 unitas
1034 2804 1196 2859 unius
1219 2803 1320 2859 Dei
1354 2820 1366 2857 :
1395 2810 1449 2858 et
1472 2803 1537 2858 ad
1570 2802 1708 2860 hanc
1732 2805 2101 2876 cognitionem
2126 2810 2286 2867 homo

279 2898 606 2973 perducitur
627 2910 731 2951 non
759 2910 827 2957 ex
854 2892 1037 2949 debito
1065 2907 1182 2948 suae
1209 2896 1444 2959 naturae,
1474 2892 1667 2974 sedlex
1702 2892 1818 2950 sola
1861 2896 2045 2953 divina
2086 2883 2284 2969 gratia.

279 2986 444 3045 Unde
481 2990 696 3055 oportet
745 2981 888 3056 quod
934 2980 1002 3037 ad
1054 2980 1358 3051 hujusmodi
1400 2980 1569 3035 etiam
1613 2982 1859 3039 scientiae
1900 2984 2287 3055 perfectionem

281 3073 540 3148 quaedam
569 3071 968 3143 suppositiones
987 3069 1034 3123 ei
1063 3068 1235 3140 primo
1264 3068 1551 3125 credendae
1579 3082 1967 3142 proponantur,
1996 3090 2061 3129 ex
2090 3077 2287 3146 quibus

281 3161 554 3233 dirigatur
585 3160 641 3213 in
671 3158 888 3230 plenam
927 3156 1292 3227 cognitionem
1334 3172 1520 3211 eorum
1556 3172 1681 3228 quae
1722 3174 1753 3213 a
1792 3160 2056 3233 principio
2088 3166 2280 3235 credit,

279 3254 430 3310 sicut
455 3250 624 3306 etiam
653 3247 710 3303 in
733 3246 855 3304 aliis
873 3246 1118 3303 scientiis
1141 3246 1360 3313 accidit,
1395 3255 1456 3301 ut
1479 3246 1688 3301 dictum
1716 3256 1818 3317 est,
1851 3257 1907 3305 et
1935 3252 2058 3309 ideo
2086 3255 2287 3312 dicitur

276 3343 394 3399 lsa.
423 3338 656 3411 septimo
681 3336 848 3408 capit.
879 3334 1178 3391 secundum
1213 3334 1375 3390 aliam
1401 3334 1813 3393 translationem
1847 3355 1859 3393 ε
1886 3340 2015 3397 Nisi
2048 3344 2290 3401 credide-

276 3428 433 3494 ritis,
461 3443 568 3483 non
595 3423 918 3497 intelliyetiS.
950 3423 1030 3479 Et
1064 3424 1372 3495 hujusmodi
1419 3426 1820 3497 suppositiones
1860 3438 1989 3485 sunt
2034 3432 2125 3489 illa
2160 3432 2287 3506 qnae

274 3525 413 3577 sunt
440 3516 650 3572 credita
679 3521 945 3588 quantum
971 3512 1038 3569 ad
1070 3528 1276 3580 omneS‚
1305 3520 1360 3568 et
1385 3528 1417 3569 a
1444 3513 1588 3569 nullo
1623 3514 1675 3569 in
1707 3514 1806 3572 hac
1828 3518 1939 3575 vita
1969 3530 2095 3578 sunt
2124 3524 2279 3592 scita,

275 3602 372 3665 vel
402 3602 698 3659 intellecta.

355 3692 438 3749 Ad
462 3692 697 3763 primurn
726 3690 894 3762 igitur
921 3688 1230 3754 dicendum,
1259 3687 1404 3760 quod
1444 3687 1570 3743 licet
1604 3705 1669 3745 ea
1698 3707 1823 3763 quae
1851 3700 1977 3749 sunt
2006 3692 2149 3756 fidei,
2172 3696 2288 3759 sint,

273 3782 492 3852 majora
519 3780 754 3843 homine,
786 3777 997 3833 viribus
1019 3784 1230 3832 naturae
1257 3776 1639 3845 consideratis,
1664 3794 1769 3834 non
1801 3788 1979 3835 tamen
2008 3789 2133 3836 sunt
2161 3800 2282 3841 ma-

274 3871 402 3931 'ora
417 3868 639 3929 homine
661 3867 848 3927 divino
871 3865 1075 3948 lumine
1099 3865 1394 3933 illustrato,
1420 3872 1473 3921 et
1514 3865 1636 3923 ideo
1675 3882 1779 3923 non
1809 3875 1892 3925 est
1920 3884 2139 3932 necesse
2180 3872 2285 3931 he·-
