2800 4492
523 307 650 370 232
1005 318 1062 372 a.
1105 287 1348 372 rnen&-
1379 325 1709 378 nomm-ns
1748 326 2063 376 causeum

510 453 651 497 ‘eam
693 440 926 498 ulterius
972 439 1133 498 alteri
1179 441 1334 510 dare,
1385 449 1521 516 puta
1567 456 1770 517 equum
1813 445 2171 518 vel-vestem,
2218 456 2277 508 et
2316 452 2549 526 similia,

512 531 743 586 etiamsi
793 530 1142 603 postmodum
1172 531 1330 588 alteri
1368 532 1575 589 donare
1609 533 1877 602 voluerit,
1904 539 2144 596 secunda
2170 539 2397 598 donatio
2434 559 2551 600 non

471 651 476 656 ·
526 619 694 676 valet.
739 620 894 677 Unde
936 625 1230 693 postquam
1274 620 1495 693 aliquis·
1524 637 1622 694 per
1663 630 1853 680 votum
1902 625 2144 685 solemne
2184 632 2549 691 continentiae

524 723 722 780 corpus
747 723 908 763 suum
931 709 1046 764 Deo
1076 725 1182 765 nou
1201 710 1378 764 solum
1403 711 1676 781 promisit,
1706 711 1802 770 sed
1830 713 2001 770 etiam
2028 716 2260 776 tradidit
2284 719 2354 775 ad
2381 721 2549 778 >cmli-

511 795 646 852 bem
671 797 844 854 vitam
867 797 1154 869 agendam,
1183 813 1288 853 non
1313 805 1498 871 petest
1526 799 1657 855 illud
1682 799 1913 857 ulterius
1936 804 2056 876 conj
2068 806 2155 876 u-gi
2182 806 2333 875 dare,
2367 818 2429 865 ut
2456 811 2547 868 sic

523 899 590 940 ex
618 887 946 943 necessitate
975 886 1205 943 reddere
1240 886 1485 943 debitum
1513 894 1787 945 teneatur.
1816 889 1921 960 Qui
1953 907 2081 948 vero
2120 896 2396 967 promittit
2430 897 2543 953 ali-

521 973 652 1045 quid
688 973 870 1040 alicui,
917 961 1160 1031 nondum
1201 980 1386 1031 tamen
1418 975 1645 1034 tradidit
1692 975 1825 1038 illud
1858 993 1873 1032 =
1905 979 1952 1034 si
1994 974 2343 1052 postmodum
2372 985 2540 1042 alteri

521 1061 811 1118 actualiter
847 1063 980 1121 illud
1029 1063 1231 1133 tradat,
1271 1064 1400 1121 licet
1442 1065 1821 1138 promissionis
1868 1067 2032 1124 fidem
2074 1069 2311 1143 frangat,
2351 1082 2538 1132 tamen

487 1159 490 1162 ⁴
518 1151 757 1206 secunda
781 1152 1006 1209 donatio
1031 1153 1212 1222 valet;
1245 1154 1324 1209 ita
1353 1153 1501 1225 quod
1531 1153 1623 1210 ille
1650 1155 1737 1210 cui
1774 1155 1957 1225 datur,
1992 1164 2173 1230 potest
2201 1177 2261 1216 re
2290 1163 2421 1220 data
2448 1166 2532 1221 uti

478 1234 581 1296 -u't
615 1239 752 1296 vult.
791 1240 880 1297 Sic
926 1257 1054 1312 ergo
1099 1256 1330 1313 persona
1373 1257 1499 1314 quae
1539 1257 1637 1314 per
1682 1241 1912 1315 simplex
1948 1253 2138 1302 votum
2180 1249 2294 1305 Deo
2330 1266 2536 1326 corpus

515 1342 674 1383 suum
702 1328 954 1400 promisit
979 1329 1049 1385 ad
1083 1328 1330 1386 caelibem
1357 1331 1532 1386 vitam
1575 1330 1903 1399 ducendam,
1936 1333 1984 1390 si
2011 1337 2363 1408 postmodum
2400 1355 2531 1398 cor-

517 1416 664 1488 poris
698 1417 792 1478 sui,
820 1423 1152 1498 potestatem
1183 1419 1368 1474 tradat
1406 1419 1624 1490 conjugi
1664 1420 1955 1478 actualiter
1988 1439 2083 1496 per
2118 1427 2531 1489 matrimonium

515 1497 969 1572 consummatum,
995 1511 1189 1579 peccat
1207 1507 1432 1580 quidem
1454 1506 1711 1578 frangens
1731 1509 1895 1566 fidem
1915 1512 2063 1580 voti;
2098 1519 2279 1572 tamen
2301 1517 2527 1576 donatio

508 1587 684 1660 'tenetss
730 1601 786 1649 et
831 1596 1030 1666 conjux
1073 1595 1237 1668 babet
1280 1596 1332 1649 in
1371 1597 1493 1666 ejus
1533 1611 1733 1668 corpus
1776 1606 2107 1671 potestatem
2156 1618 2173 1659 z
2222 1604 2365 1661 unde
2418 1623 2522 1664 non

514 1688 706 1751 peccat
735 1681 980 1738 debitum
1022 1683 1274 1738 reddens.
1303 1683 1459 1738 Unde
1494 1689 1713 1755 oportet
1750 1686 1819 1741 ad
1848 1692 2141 1762 utrumque
2170 1693 2521 1765 respondere.

584 1756 665 1824 Ad
707 1770 940 1840 primum
983 1785 1113 1841 ergo
1154 1771 1467 1838 dicendum,
1516 1772 1664 1844 quod
1710 1774 1905 1830 mulier
1942 1793 2068 1849 quae.
2108 1779 2291 1836 emisit
2332 1792 2518 1842 votum

513 1857 866 1914 continentiae
909 1857 1128 1914 trahens
1174 1859 1230 1914 iu
1277 1858 1419 1914 facie
1463 1859 1742 1928 Ecclesiae,
1788 1878 1897 1919 non
1944 1867 2146 1939 accipit
2182 1868 2237 1924 in
2276 1870 2521 1931 Ecclesia

513 1944 900 2001 auctoritatem
927 1951 989 2002 ut
1013 1945 1220 2003 carnali
1245 1946 1443 2018 copula
1471 1953 1659 2004 utatur
1683 1965 1697 2019 3
1729 1951 1858 2022 quia
1882 1952 1929 2008 si
1952 1943 2213 2012 'Ecclesiae
2240 1967 2521 2018 constaret

436 2104 443 2110 ι
507 2031 580 2088 de
606 2040 734 2089 voto
763 2035 981 2101 emisso,
1009 2033 1418 2091 matrimonium
1444 2035 1737 2116 inhiberet.
1768 2038 1824 2095 Si
1871 2050 2055 2098 autern
2098 2046 2283 2113 sciret,
2312 2057 2369 2104 et
2402 2051 2521 2105 dis-

510 2129 765 2194 pensaret
799 2121 854 2177 in
881 2128 1009 2180 voto
1038 2123 1271 2196 simplici
1300 2123 1655 2182 continentiae
1685 2127 2015 2210 auctoritate
2042 2123 2365 2204 apostolica,
2395 2145 2533 2212 post·

511 2210 974 2282 dispensationem
999 2225 1106 2267 non
1147 2217 1403 2285 peccaret
1447 2212 1641 2269 mulier
1666 2229 1844 2287 neque
1872 2217 2137 2290 exigendo
2169 2237 2349 2296 neque
2386 2228 2521 2284 red-

507 2297 687 2354 dendo
713 2297 978 2360 debitum.
1391 2331 1394 2334 ⁴
1584 2336 1591 2342 ,

577 2387 662 2444 Ad
691 2385 1011 2455 secundum,
1043 2387 1195 2466 quod·
1215 2394 1298 2445 est
1333 2388 1388 2444 in
1418 2390 1775 2459 contrarium,
1806 2391 2116 2462 dicendum,
2150 2399 2297 2469 quod
2320 2403 2515 2462 eadem

507 2476 647 2532 ratio
671 2483 754 2533 est
782 2484 839 2534 et
867 2477 925 2532 in
947 2485 1076 2536 voto
1105 2477 1457 2536 continentiae
1480 2486 1536 2536 et
1564 2478 1620 2534 in
1643 2486 1773 2538 voto
1798 2481 2161 2542 abstinentiae.
2188 2487 2341 2546 Sicut
2364 2494 2513 2550 enim

507 2580 742 2636 persona
770 2581 894 2638 quae
919 2570 1044 2639 post
1078 2571 1265 2622 votum
1303 2566 1535 2639 simplex
1561 2568 1915 2626 continentiae
1938 2573 2196 2629 emissum
2224 2577 2309 2632 sui
2340 2577 2513 2651 ipsius

411 2684 415 2688 -
507 2659 834 2736 potestatem
874 2653 1091 2725 conjugi
1124 2654 1312 2720 tradit,
1345 2654 1554 2727 absque
1590 2662 1819 2729 peceato
1858 2659 2065 2717 carnali
2106 2664 2303 2735 copula
2336 2670 2511 2725 utitur

506 2739 750 2796 debitum
779 2741 1046 2810 reddens;
1078 2742 1158 2797 ita
1188 2743 1235 2797 si
1260 2749 1382 2814 post
1407 2750 1597 2800 votum
1626 2744 1971 2804 abstinentiae
2004 2750 2089 2805 sui
2118 2751 2291 2823 ipsius
2318 2763 2509 2828 potes-

505 2833 676 2881 tatem
720 2829 879 2884 alteri
920 2829 1090 2884 tradit
1128 2828 1445 2900 religionem
1492 2830 1763 2900 intrando,
1812 2834 2017 2908 absque
2057 2848 2282 2910 peccato
2325 2851 2507 2916 potest

499 2914 766 2984 Jejunium
796 2914 1006 2974 solvere
1032 2918 1330 2973 secundum
1371 2917 1739 2978 obedientiam
1769 2923 1982 2996 praelati
2012 2931 2067 2982 et
2099 2928 2505 2992 observantiam

506 3001 782 3074 religionis
810 3021 823 3060 ε
847 3005 978 3078 quia
1003 3021 1102 3079 per
1125 3013 1314 3065 votum
1337 3006 1754 3068 solemnizatum
1777 3011 1849 3070 ab
1875 3013 1999 3072 aliis
2020 3015 2162 3074 votis
2178 3018 2503 3085 absolvit-ur.

1050 3293 1053 3298 Α
1157 3241 1613 3305 ARTIGULus
1662 3244 1863 3332 XIX„

507 3385 726 3452 Utrmn
753 3388 892 3468 quis
929 3387 1170 3452 reddere
1220 3393 1491 3454 teneatur
1526 3393 1689 3472 quod
1728 3411 1801 3458 em
1833 3413 2025 3462 usura
2067 3400 2346 3472 lucratus
2383 3414 2495 3477 est.

722 3476 884 3560 (1-2,
915 3479 1126 3557 quoest.
1151 3477 1252 3554 78,
1276 3483 1398 3543 art.
1426 3481 1497 3556 33
1524 3486 1582 3545 et
1610 3499 1809 3562 opusc.
1842 3487 1943 3563 73,
1976 3505 2106 3570 cap.
2142 3493 2267 3574 19).

561 3627 648 3684 Ad
683 3627 982 3684 secundum
1007 3628 1090 3684 sic
1117 3629 1535 3701 procedebatur.
1560 3633 1791 3693 Videtur
1827 3639 1975 3710 quod
2000 3642 2267 3718 quidquid
2294 3649 2494 3724 aliquis

491 3717 559 3772 de
582 3717 811 3790 pecunia
845 3719 1097 3775 usuraria
1124 3717 1368 3775 lucratus
1399 3719 1585 3788 fuerit,
1614 3724 1841 3781 reddere
1871 3734 2140 3788 teneatur.
2174 3735 2320 3792 Dicit
2348 3739 2493 3798 enim

490 3808 782 3878 Apostolus
818 3808 887 3866 ad
923 3809 1152 3864 Roman.
1201 3824 1264 3875 11,
1293 3809 1403 3864 ⁴6:
1440 3808 1500 3865 si
1536 3811 1702 3868 radim
1728 3823 1932 3884 sancta,
1975 3825 2026 3875 et
2066 3823 2231 3880 rami.
2282 3827 2425 3900 Ergo
2460 3847 2494 3888 e

490 3905 771 3965 converso,
803 3897 850 3953 si
873 3895 1032 3955 radix
1069 3895 1290 3963 infecta,
1319 3901 1375 3953 et
1416 3899 1576 3955 rami.
1606 3901 1713 3958 Sed
1738 3904 1893 3962 radix
1926 3905 2088 3980 hujus
2126 3909 2263 3970 lucri
2288 3923 2373 3974 est
2404 3917 2495 3978 in·-
