2800 4492
753 341 869 389 111.
899 355 980 374 -—
1005 340 1432 396 ouonmnnruu
1472 343 1769 395 Quaerunt
2147 330 2267 391 277

251 464 476 538 oportet
487 458 857 518 determinare
874 455 1205 534 quaestiones
1221 477 1316 534 per
1335 461 1577 519 rationes
1596 477 1761 535 qnam
1776 477 1872 536 per
1887 431 2280 540 auctoritates.³

323 549 654 624 Respondeo
686 548 998 618 dicendum,
1031 549 1174 622 quod
1215 549 1444 623 quilibet
1473 557 1629 608 actus
1671 551 2019 627 exequendas
2047 559 2130 608 est
2175 569 2269 610 se-

257 639 498 698 cundum
530 636 676 712 quod
701 637 955 694 convenit
980 637 1048 693 ad
1086 653 1247 694 suum
1276 637 1458 692 finem.
1501 636 1809 710 Disputatio
1847 645 2032 694 autem
2061 638 2129 696 ad
2159 639 2290 708 du-,

257 723 458 802 plicem
488 727 650 784 finem
679 731 860 799 potest
885 724 1146 782 ordinari.
1188 725 1451 795 Quaedam
1479 726 1625 782 enim
1654 726 1955 798 disputatio
1984 728 2270 785 ordinatur

261 817 328 874 ad
357 814 753 873 removendum
794 812 1190 869 dubitationem
1217 828 1288 869 an
1331 813 1409 869 ita
1437 811 1537 881 sit;
1578 819 1633 868 et
1676 813 1730 869 in
1774 813 1870 870 tali
1900 814 2271 888 disputatione

263 905 572 976 theologica
615 903 852 958 maxime
890 902 1150 958 utendum
1193 907 1276 958 est
1331 901 1772 970 auctoritatibus,
1826 919 1965 976 quas
2000 905 2273 978 recipiunt

264 995 335 1051 ini
361 1011 490 1051 cum
519 990 716 1065 quibus
744 992 1086 1064 disputatum
1115 997 1266 1064 puta,
1291 991 1338 1047 si
1366 1007 1491 1048 curn
1515 989 1718 1072 Judaeis
1742 991 2075 1065 disputatur,
2104 1010 2273 1068 opor-

265 1081 342 1142 tet
382 1083 646 1140 inducere
672 1081 1028 1138 auctoritates
1054 1080 1255 1137 veteris
1283 1081 1617 1137 Testamenti
1651 1097 1665 1136 ε
1700 1080 1747 1138 si
1775 1097 1901 1138 cum
1936 1083 2267 1152 ManichaeiS,

265 1173 356 1247 qui
380 1178 545 1229 vetus
569 1175 954 1227 testamentum
979 1176 1271 1240 respuunt;
1301 1174 1519 1241 oportet
1543 1169 1621 1224 uti
1648 1159 1825 1226 solum
1850 1171 2272 1231 auctoritatibus

265 1263 389 1320 novi
413 1259 752 1318 Testamenti
784 1275 798 1312 ε
825 1257 872 1314 si
899 1264 1084 1314 autem
1108 1273 1233 1314 eum
1271 1258 1653 1325 schismaticiS,
1692 1259 1786 1331 qui
1815 1261 2086 1332 recipiunt
2116 1270 2274 1318 vetus

265 1361 319 1410 et
341 1367 546 1409 novum
571 1350 999 1415 Testamentum,
1025 1362 1133 1402 non
1163 1351 1348 1402 autem
1369 1345 1676 1402 doctrinam
1698 1349 2023 1406 Sanctorum
2052 1360 2272 1407 nostro-

268 1456 406 1508 rum,
451 1439 597 1496 sicut
625 1444 752 1494 sunt
779 1436 978 1500 Graeci‚
1024 1440 1237 1508 oportet
1272 1451 1396 1490 cum
1425 1435 1505 1491 eis
1546 1435 1829 1508 disputare
1870 1455 1937 1493 ex
1966 1441 2272 1496 auctorita-

268 1531 412 1585 tibus
441 1525 571 1584 novi
604 1525 687 1583 vel
731 1527 930 1581 veteris
972 1525 1327 1590 Testamenti,
1360 1533 1417 1580 et
1456 1524 1669 1580 illorum
1699 1526 1982 1583 doctorum
2007 1544 2146 1600 quos
2171 1530 2271 1602 ipsi

269 1617 558 1691 recipiunt.
609 1616 665 1674 Si
709 1622 892 1671 autem
940 1613 1141 1670 nuliam
1185 1613 1571 1670 auctoritatem
1610 1615 1899 1688 recipiunt,
1941 1624 2156 1688 oportet
2204 1617 2274 1674 ad

272 1723 360 1763 eos
381 1705 805 1768 convincendos,
838 1702 909 1759 ad
939 1703 1180 1758 rationes
1203 1701 1480 1758 naturales
1509 1702 1818 1775 confugere.
1845 1704 2107 1775 Quaedam
2143 1722 2275 1763 vero

273 1795 571 1868 disputatio
593 1800 676 1849 est
701 1791 1032 1862 magistralis
1057 1791 1114 1845 in
1143 1789 1340 1847 scholis
1366 1807 1472 1847 non
1498 1791 1565 1848 ad
1597 1794 1986 1850 removendum
2011 1812 2270 1864 errorem,

273 1886 361 1942 sed
401 1883 473 1941 ad
507 1881 886 1939 instruendum
916 1881 1193 1937 auditores
1219 1889 1277 1937 ut
1309 1880 1635 1937 inducantur
1665 1882 1733 1938 ad
1764 1882 2098 1940 intellectum
2128 1888 2276 1942 veri-

277 1975 400 2031 tatis
429 1987 599 2047 quam
629 1968 860 2026 intendit
901 1985 914 2024 ε
947 1977 1001 2025 ει
1028 1974 1157 2025 tunc
1181 1974 1394 2042 oportet
1427 1969 1728 2026 rationibus
1754 1972 1911 2029 inniti
1940 1973 2277 2048 investigan-

277 2061 416 2118 tibus
458 2060 709 2116 veritatis
745 2055 1004 2125 radicem,
1050 2066 1106 2113 et
1133 2057 1460 2114 facientibus
1487 2059 1629 2115 seire
1672 2061 1945 2134 quomodo
1974 2063 2045 2118 sit
2088 2079 2277 2120 verum

275 2151 416 2226 quod
447 2149 652 2206 dieitur
681 2163 696 2202 ε
729 2147 969 2219 alioquin
1005 2146 1049 2201 si
1089 2144 1250 2202 nuffls
1282 2145 1703 2203 auctoritatibus
1729 2149 1987 2221 magister
2012 2152 2277 2223 quaestio-

277 2256 394 2298 nem
432 2237 781 2303 determinet,
813 2234 1204 2293 certificabitur
1233 2235 1455 2309 quidem
1494 2236 1711 2292 auditor
1752 2238 1898 2310 quod
1932 2239 2008 2296 ita
2037 2248 2151 2312 est;
2182 2243 2280 2300 sed

276 2328 405 2386 nibil
429 2328 676 2385 scientiae
705 2325 789 2381 vel
814 2322 1122 2381 intellec-tus
1151 2324 1419 2397 acquiret,
1446 2325 1541 2381 sed
1568 2339 1773 2383 vacuus
1797 2326 2074 2386 abscedet.

343 2419 411 2475 Et
435 2433 534 2492 per
557 2415 676 2472 haec
697 2422 851 2488 patet
875 2413 1153 2486 responsio
1178 2412 1248 2469 ad
1272 2411 1507 2484 objecta.

1013 2605 1409 2688 QUAESTIO
1454 2606 1546 2676 X.
1620 2619 1626 2626 '

349 2771 560 2830 Deinde
588 2769 880 2844 quaesitnm
907 2773 992 2823 est
1027 2765 1096 2846 de
1130 2767 1292 2822 rebus
1335 2761 1733 2839 pertinentibus
1769 2767 1837 2825 ad
1868 2765 1975 2826 vim
2020 2769 2283 2846 appetiti.-

281 2878 405 2920 vam
439 2879 452 2916 ε
485 2867 541 2916 ει
579 2860 754 2934 primo
785 2857 855 2912 de
895 2855 1080 2924 bonis;
1107 2855 1345 2912 secundo
1367 2855 1438 2911 de
1463 2855 1640 2912 malis·
1684 2857 1841 2914 Circa
1870 2859 2102 2934 primum
2128 2880 2285 2935 quae-

283 2957 478 3007 runtur
515 2939 622 3005 duo
658 2947 726 3004 de
753 2945 1020 3019 martyrio
1053 2962 1066 2999 ε
1097 2947 1158 2998 40
1195 2950 1379 3000 utrum
1406 2941 1604 3016 aliquis
1640 2944 1845 3018 absque
1869 2948 2109 3018 perfecta
2138 2951 2287 3006 cari-

284 3017 398 3097 tate
425 3041 597 3111 possit
621 3053 680 3094 se
699 3035 768 3093 ad
793 3031 1115 3106 martyrium
1137 3033 1360 3102 offerre;
1388 3037 1452 3090 2⁰
1477 3039 1656 3088 utrum
1676 3034 1945 3090 sustinere
1966 3037 2289 3110 martyrium

285 3144 382 3201 pro
411 3127 627 3184 Christo
655 3125 727 3182 sit
757 3123 810 3180 in
839 3130 1135 3196 praecepto,
2180 3123 2184 3128 ·

948 3283 1404 3346 ARTICULUS
1455 3281 1628 3345 XIX.

302 3425 520 3490 Utrum
553 3418 782 3501 aliquis
811 3418 1025 3497 absque
1050 3417 1320 3495 perfecta
1359 3416 1616 3480 caritate
1651 3435 1715 3481 se
1740 3419 1943 3499 possit
1988 3423 2290 3502 martyrio

307 3517 315 3528 '
368 3516 603 3594 offerre.
630 3543 712 3555 --
741 3508 837 3588 (4,
870 3507 1014 3568 dist.
1048 3506 1147 3566 49.
1180 3509 1391 3584 quest.
1419 3505 1479 3579 5,
1508 3511 1630 3568 arc.
1664 3507 1726 3582 3,
1770 3515 1980 3588 quoest.
2008 3513 2069 3587 2,
2103 3512 2185 3574 ad
2210 3515 2287 3588 73

342 3607 427 3670 ,et
455 3601 556 3676 22,
586 3601 796 3680 quast.
828 3596 927 3671 12,
953 3597 1078 3656 art.
1107 3594 1204 3672 4).

363 3737 444 3792 Ad
472 3735 710 3808 primum
734 3733 814 3788 sio
836 3729 1170 3808 proceditur.
1191 3725 1423 3784 Videtur
1441 3727 1586 3800 quod
1612 3728 1810 3801 aliquis
1830 3729 2037 3804 absque
2059 3731 2301 3805 perfecta

297 3826 528 3882 caritate
548 3823 721 3896 possit
743 3836 803 3876 se
826 3819 1093 3891 martyrio
1115 3817 1328 3872 offerre.
1356 3816 1495 3886 Quia
1516 3832 1679 3889 super
1702 3817 1833 3873 iilud
1855 3819 2053 3876 Psalm.
2082 3830 2265 3882 cxvur
2288 3843 2304 3879 ι

300 3912 418 3970 Ideo
445 3911 614 3968 dilexi
640 3909 899 3966 mandata
938 3913 1036 3964 tua
1072 3919 1233 3976 super
1277 3919 1479 3962 aurum
1516 3912 1569 3962 et
1597 3905 1867 3978 topazion,
1908 3907 2045 3966 dicit
2089 3911 2305 3981 (Nossa,

2384 2069 2577 2174 §04⁹⁵
