2800 4492
715 436 723 445 ,
768 392 890 439 xu.
910 407 990 423 —
1019 392 1443 443 enectinermu
1484 392 1704 438 Nonou
2115 374 2241 436 483

225 506 417 565 anima
437 506 510 565 sit
541 520 574 566 a
597 508 904 578 creatione3
931 514 994 566 20
1019 518 1199 567 utrum
1227 510 1506 583 imperare
1520 510 1597 564 sit
1622 513 1781 583 aetus
1810 505 2126 575 voluntatis»,
2156 507 2243 564 vel

227 596 481 652 rationis.
2106 598 2112 603 ’

930 776 1388 838 ARTICULUS
1430 774 1541 837 XI.

238 908 459 971 Utrum
501 908 707 970 anima
734 908 1084 989 voye-labilis
1111 915 1169 972 et
1194 910 1497 973 sensibilis
1532 899 1868 973 educantur
1893 911 1962 973 in
1998 927 2117 973 esse
2130 926 2245 990 per

307 996 684 1059 creationem.
713 1030 792 1043 --
816 998 988 1076 (Art.
1023 1003 1122 1071 44,
1152 1000 1291 1071 216,
1321 1000 1402 1061 ad
1428 1001 1456 1059 1
1485 1004 1543 1061 et
1565 1003 1634 1072 43
1662 1003 1719 1062 et
1742 1000 1773 1059 1
1796 1004 1997 1079 part„
2026 1004 2237 1079 quast.

313 1086 452 1160 118,
485 1090 608 1147 art.
642 1087 708 1161 13
740 1090 800 1148 et
820 1086 892 1148 de
916 1086 1089 1163 Pot„
1122 1092 1332 1167 quaest.
1362 1088 1424 1159 3,
1452 1092 1574 1151 art.
1607 1088 1696 1167 2).

297 1222 379 1289 Ad
411 1218 652 1291 primum
675 1218 756 1275 sic
781 1218 1117 1290 proceditur.
1142 1222 1194 1274 ⁴.
1227 1220 1453 1277 Videtur
1489 1219 1634 1293 quod
1684 1218 1867 1276 anima
1916 1218 2241 1291 vegetabilis

227 1316 280 1363 et
306 1307 583 1363 sensibilis
610 1306 912 1364 educantur
943 1308 995 1363 in
1023 1323 1142 1363 esse
1163 1325 1258 1380 per
1285 1309 1643 1365 creationem.
1668 1308 1740 1365 Ut
1774 1308 1918 1365 enim
1956 1308 2091 1364 dicit
2122 1302 2241 1363 Au-

2732 336 2760 447 Δ.--(.
2729 258 2760 311 4⁴.
2742 149 2758 224 -a-0
2739 111 2748 119 ·
2753 0 2756 13 <

227 1396 482 1467 gustinus
529 1396 581 1450 in
632 1395 724 1449 lib.
778 1394 848 1449 de
892 1411 1024 1451 vera
1075 1396 1376 1467 Religione,
1423 1396 1729 1452 substantia
1782 1396 1970 1452 vivens
2026 1402 2241 1451 naturae
2322 1410 2325 1415 ·

227 1484 420 1539 ordine
452 1483 740 1555 praesertur
767 1482 1092 1540 substantiae
1126 1500 1230 1539 nen
1257 1485 1486 1541 viventi.
1516 1484 1622 1539 Sed
1654 1485 1835 1541 anima
1878 1484 2153 1539 sensibilis
2182 1491 2239 1538 et

228 1572 574 1643 vegetabilis,
607 1579 732 1627 sunt
755 1572 1077 1629 substantiae
1102 1573 1373 1629 viventeS.
1393 1573 1539 1644 Ergo
1567 1580 1693 1629 sunt
1723 1571 2017 1628 nobiliores
2056 1571 2240 1627 emni-

228 1660 330 1716 bus
375 1660 698 1717 substantiis
737 1678 845 1717 nen
888 1662 1218 1717 viventibus.
1253 1662 1469 1734 Aliquae
1514 1668 1700 1718 autem
1750 1660 2075 1717 snbstantias
2133 1676 2237 1715 nen

228 1751 479 1806 viventes
503 1756 629 1805 sunt
661 1750 975 1807 immediate
1003 1767 1033 1806 a
1062 1752 1171 1806 Dee
1195 1757 1417 1817 creatae,
1448 1759 1506 1807 ut
1536 1750 1805 1806 ele-menta
1836 1749 1997 1821 hujus
2025 1747 2234 1804 mundi.

228 1840 371 1910 Ergo
397 1847 452 1894 et
473 1839 652 1894 anima
678 1838 952 1895 sensibilis
976 1848 1031 1895 et
1053 1839 1376 1911 vegetabilis
1408 1840 1721 1895 immediate
1751 1854 1781 1895 a
1806 1840 1920 1895 Deo
1954 1840 2234 1908 creantur,

228 1944 352 1983 cum
378 1927 635 1983 nobilitas
655 1926 908 1989 facientis
934 1928 1272 1988 demonstret
1301 1929 1642 1986 nobilitatem
1668 1928 1819 1985 facti.
1964 1996 1971 2005 ,

299 2021 352 2073 2.
389 2017 677 2082 Praeterea,
709 2031 868 2072 omne
895 2017 981 2072 cui
1027 2018 1244 2089 proprie
1279 2016 1544 2089 competit
1571 2018 1722 2084 fieri3
1750 2015 1835 2071 vel
1867 2018 1926 2071 fit
1956 2032 2023 2072 ex
2044 2015 2232 2083 nihile,

229 2104 313 2160 vel
340 2104 402 2159 sn
426 2122 492 2159 ex
522 2105 725 2177 alique.
757 2104 860 2160 Sed
892 2105 1090 2162 animae
1114 2105 1402 2175 vegetabili
1433 2105 1517 2159 vel
1544 2104 1785 2160 sensibili
1817 2106 2079 2177 competit
2106 2120 2237 2176 pro·

229 2194 346 2265 prie
371 2192 509 2247 fieri.
535 2192 697 2264 Ergo,
724 2208 854 2248 cum
887 2208 993 2247 non
1027 2193 1159 2248 fiant
1189 2209 1256 2248 ex
1281 2192 1487 2265 alique,
1515 2194 1642 2265 quia
1669 2207 1772 2247 nen
1822 2191 2021 2250 babent
2060 2200 2239 2247 mate-

227 2282 368 2337 riam
396 2291 607 2353 partem
629 2283 734 2346 sui,
764 2281 1089 2355 relinquitur
1112 2281 1257 2354 qued
1290 2282 1424 2337 [iant
1446 2298 1514 2336 ex
1540 2280 1726 2348 nihilo,
1759 2286 1813 2335 et
1850 2282 1930 2335 sic
1954 2288 2153 2335 exeunt
2182 2279 2243 2335 in

229 2386 350 2427 esse
379 2387 478 2443 per
501 2371 856 2427 creationem.
884 2370 1139 2426 Probatie
1187 2370 1401 2427 mediae.
1426 2369 1598 2425 Omne
1636 2369 1778 2441 quod
1815 2370 2031 2442 proprie
2075 2368 2241 2423 babet

228 2472 370 2525 esse,
401 2458 448 2514 si
483 2475 589 2514 non
637 2474 852 2530 semper
900 2458 1020 2527 suit,
1051 2458 1266 2531 proprie
1303 2457 1506 2513 dicitur
1532 2456 1668 2512 fieri.
1697 2455 1802 2511 Sed
1833 2457 2015 2511 anima
2052 2454 2234 2510 sensi-

228 2547 354 2603 bilis
400 2548 615 2619 proprie
645 2536 722 2603 'et
769 2564 895 2605 vere
943 2547 1105 2602 habet
1156 2563 1293 2612 esse,
1349 2562 1477 2603 cum
1515 2545 1588 2602 sit
1626 2544 1932 2601 substantia
1979 2558 2235 2616 operans»,

229 2643 414 2691 movet
437 2638 580 2691 enim
607 2652 806 2709 cerpus
831 2654 842 2689 ε
869 2635 997 2691 nihil
1025 2646 1208 2691 autem
1238 2634 1402 2691 habet
1432 2636 1709 2709 propriam
1731 2632 2103 2706 operationem
2128 2631 2231 2687 nisi

229 2726 376 2799 quod
426 2725 588 2780 babet
628 2726 906 2797 preprium
949 2740 1088 2779 esse.
1127 2724 1288 2795 Erg0‚
1339 2739 1465 2779 cum
1509 2723 1690 2779 anima
1740 2720 2015 2777 sensibilis
2070 2720 2235 2792 hujus

230 2813 485 2871 animalis
510 2829 613 2867 nen
633 2828 848 2885 semper
877 2812 1058 2881 suerit,
1091 2813 1309 2887 proprie
1332 2813 1595 2887 competit
1622 2812 1673 2868 ei
1700 2810 1851 2881 fieri3
1876 2817 1932 2867 et
1961 2810 2041 2867 sic
2062 2816 2235 2867 restat

229 2902 377 2975 qued
408 2908 646 2957 creetur.
771 2952 775 2956 ,
2082 2964 2087 2969 ,

299 2992 355 3045 i.
385 2991 489 3046 Sed
521 2996 711 3045 contra
741 2990 991 3063 estquod
1023 2990 1555 3064 Philosophusdicit
1582 2990 1635 3045 in
1672 3004 1714 3045 11
1755 2988 1823 3044 de
1852 2989 2049 3044 Anima
2082 2988 2239 3056 (text.

227 3096 430 3137 comm.
459 3082 566 3150 59),
596 3079 739 3152 quod
784 3080 1032 3136 sensitivi
1076 3082 1250 3152 prima
1298 3078 1536 3135 mutatio
1559 3078 1621 3133 fit
1657 3093 1686 3132 a
1714 3083 2028 3147 generante.
2060 3076 2242 3131 Prima

230 3180 416 3227 autem
442 3170 673 3223 mutatio
704 3168 950 3225 sensitivi
981 3174 1064 3224 est
1087 3168 1386 3224 secundum
1420 3180 1587 3239 quam
1634 3164 1872 3236 acquirit
1908 3170 2093 3219 actum
2124 3162 2243 3236 pri-

229 3273 400 3324 mum,
425 3258 519 3335 qui
548 3264 632 3312 est
662 3258 843 3312 anima
871 3257 1157 3314 sensitiva.
1185 3255 1327 3326 Ergo
1368 3255 1429 3309 fit
1456 3269 1552 3326 per
1588 3251 2017 3323 generationem,
2050 3248 2107 3307 et'
2131 3258 2239 3306 non

229 3347 708 3420 per‘creationem.
2062 3404 2065 3412 Ι

299 3437 357 3491 2.
385 3434 674 3499 Praeterea,
703 3447 862 3488 omne
891 3432 1022 3487 illud
1053 3430 1198 3505 quod
1229 3428 1493 3505 praecedit
1523 3429 1577 3485 in
1607 3428 1815 3485 semine
1844 3427 2081 3485 heminis
2110 3434 2242 3483 ante

229 3521 689 3578 introductionem
726 3523 923 3579 animae
966 3519 1267 3587 rationalis,
1301 3525 1384 3575 est
1421 3535 1518 3592 per
1573 3514 2000 3591 generationem,
2034 3523 2090 3570 et
2134 3529 2241 3569 nen

228 3628 326 3683 per
354 3611 709 3666 creationem.
739 3604 845 3667 Sed
887 3610 1069 3665 anima
1101 3607 1423 3681 vegetabilis
1451 3614 1507 3663 et
1532 3606 1806 3663 sensibilis
1836 3603 2153 3677 praecedunt
2184 3600 2240 3655 in

226 3698 437 3753 semine
483 3696 733 3763 bominiS,
767 3696 895 3769 qnia
929 3698 1164 3769 primum
1189 3704 1272 3752 est
1300 3696 1482 3752 vivum
1510 3709 1675 3766 quam
1708 3690 1929 3755 animal,
1958 3704 2013 3744 et
2039 3686 2243 3744 animal

226 3802 394 3861 quam
437 3786 616 3850 home,
648 3787 948 3842 secundum
997 3784 1400 3857 Philosophum,
1434 3798 1537 3838 xiv
1584 3782 1651 3836 de
1695 3777 2054 3835 Animalibus.
2099 3776 2243 3847 Ergo

226 3878 396 3933 etiam
429 3876 483 3933 in
526 3876 742 3935 homine
780 3883 864 3934 est
907 3876 1089 3935 anima
1131 3873 1404 3935 sensibilis
1434 3877 1496 3929 et
1533 3867 1853 3945 vegetabilis
1886 3882 1984 3953 per
2010 3880 2245 3948 genera-

228 3965 436 4025 tionem
489 4019 496 4031 ,
