2800 4492
599 427 719 501 324
893 422 902 428 ’
1076 451 1407 500 s.·‘1·110MAE
1447 452 1772 505 Aoumms
1814 434 2132 502 ornscum'

601 573 770 629 fuisse
795 585 1108 637 consensuS,
1141 571 1489 627 manifestum
1514 575 1597 628 est
1623 571 1767 644 quod
1800 587 1904 627 non
1934 571 2037 628 fuit
2067 561 2475 630 matrimonium
2504 587 2516 627 ε
2544 578 2597 628 et

602 663 731 738 quia
776 663 956 735 posita
986 676 1151 718 causa
1192 661 1413 734 ponitur
1442 661 1687 727 effectus,
1726 667 2064 734 consequens
2097 667 2180 718 est
2210 669 2271 717 ut
2312 661 2599 718 secundum

603 748 1220 816 fueritmatrimonium,
1260 749 1314 804 in
1344 764 1453 822 quo
1482 749 1701 822 ponitur
1739 749 1906 806 fuisse
1936 749 2156 806 mutuus
2184 741 2599 823 consensus'per

601 839 768 896 verba
797 841 865 895 de
896 839 1148 918 praesenti
1173 853 1463 910 expressus
1485 837 1628 893 inter
1660 853 1916 910 personas
1940 855 1971 895 a
2006 839 2355 896 matrimonio
2382 839 2597 896 solutas,

670 928 754 985 Ad
781 930 1013 999 primum
1037 943 1166 999 ergo
1189 927 1497 992 dicendum,
1532 925 1676 999 quod
1702 927 2025 985 Ecclesia'in
2055 927 2138 984 his
2162 944 2287 1002 quae
2316 929 2386 985 ad
2417 929 2598 985 matri-

602 1017 844 1074 monium
890 1005 1183 1089 pertinent,
1232 1015 1520 1088 tripliciter
1557 1031 1616 1070 se
1662 1015 1845 1072 habet.
1892 1017 2008 1072 Uno
2056 1017 2277 1090 quidem
2325 1018 2483 1072 modo
2512 1033 2600 1090 per

604 1106 823 1161 modum
853 1105 1152 1178 judicantis
1185 1122 1197 1158 :
1229 1111 1284 1160 et
1313 1105 1443 1178 quia
1470 1104 1714 1160 homines
1738 1105 1925 1161 vident
1956 1121 2018 1161 ea
2048 1122 2173 1178 quae
2197 1112 2479 1180 apparent,
2514 1121 2601 1162 se-

603 1193 840 1248 cundum
882 1193 1028 1266 quod
1071 1192 1273 1248 dicitur
1315 1193 1499 1262 IReg.
1537 1200 1901 1264 xv1‚oportet
1940 1192 2085 1265 quod
2122 1193 2291 1264 judex
2322 1193 2601 1249 ecclesias-

604 1283 746 1338 ticus
782 1281 993 1354 judicet
1029 1279 1329 1336 secundum
1381 1295 1448 1334 ea
1492 1295 1616 1351 quae
1657 1279 1761 1333 sibi
1800 1288 2063 1352 apparent
2106 1297 2203 1352 per
2245 1281 2600 1336 confessiones

601 1369 860 1444 partium,
892 1373 947 1425 et
977 1368 1338 1444 per'idoneos
1365 1373 1549 1432 testes,
1581 1373 1635 1421 et
1666 1385 1759 1440 per
1790 1368 1898 1426 alia
1932 1366 2187 1440 'legitima
2226 1369 2548 1425 documenta
2586 1387 2598 1425 :

603 1459 802 1533 quibus
829 1459 1088 1514 omnibus-
1117 1453 1376 1513 adhibitis
1413 1455 1681 1526 contingit
1717 1457 2045 1530 quandoque
2069 1458 2361 1514 veritatem
2407 1458 2599 1527 latere;

603 1553 658 1602 et
682 1547 958 1621 praecipue
983 1544 1145 1600 iuliis
1169 1559 1294 1616 quffl
1317 1542 1591 1616 pertinent
1621 1541 1689 1596 ad
1716 1542 1975 1598 interiora
1995 1543 2197 1608 cordiS,
2226 1559 2351 1616 quae
2376 1543 2604 1600 humano

605 1631 1193 1706 testimonioprobari·
1220 1647 1325 1687 non
1368 1635 1613 1702 possunt,
1646 1631 1748 1685 etsi
1792 1639 1887 1703 per
1929 1629 2113 1704 aliqua
2154 1632 2309 1702 signa
2340 1630 2604 1687 exteriora

604 1724 672 1779 de
697 1723 780 1779 his
811 1723 986 1795 'possit
1013 1721 1196 1793 aliqua
1230 1720 1542 1790 conjectura
1570 1717 1778 1773 haberi.
1810 1718 1877 1774 Et
1907 1718 2029 1774 ideo
2046 1719 2318 1791 judicium
2352 1720 2607 1778 Ecclesiae

603 1798 751 1866 circa
794 1827 859 1866 ea
899 1801 1127 1882 quae'ad
1175 1807 1585 1863 matrimonium
1630 1807 1921 1878 pertinent,
1971 1808 2018 1872 ei
2047 1808 2250 1864 veritas
2285 1808 2471 1876 lateat,
2502 1827 2605 1866 non

604 1898 836 1970 impedit
877 1912 1112 1970 sequens
1156 1896 1564 1950 matrimonium
1602 1895 2051 1962 contrahendum,
2104 1913 2203 1954 nec
2249 1895 2460 1952 dirimit
2494 1901 2608 1970 jam

604 1993 966 2042 contractum.
998 1984 1118 2040 Alio
1153 1984 1401 2039 modo-se
1431 1981 1595 2038 habet
1637 1973 1976 2071 per-modum
2014 1985 2353 2058 prohibentis
2389 1986 2477 2043 vel
2506 2005 2611 2061 pu-

603 2075 804 2130 nientis
836 2090 849 2127 :
881 2080 937 2128 et
967 2072 1070 2128 hoc
1098 2072 1319 2146 quidem
1348 2071 1575 2146 impedit
1602 2073 2008 2128 matrimonium
2036 2071 2487 2148 contrahendum,
2516 2078 2611 2133 sed

603 2180 713 2220 non
757 2155 964 2218 dirimit
1003 2163 1120 2234 jam
1159 2168 1533 2228 contractum3
1576 2169 1725 2234 puta,
1777 2161 2072 2218 uxoricidae
2117 2178 2333 2235 poenam
2382 2165 2614 2236 imponit

603 2245 846 2309 Ecclesia
875 2258 936 2307 ut
957 2251 1184 2307 ulterius
1213 2267 1245 2307 a
1273 2251 1621 2306 matrimonio
1647 2249 1947 2318 abstineam
1974 2251 2018 2306 si
2046 2259 2227 2307 tamen
2253 2239 2613 2320 contraxerit,

605 2330 1011 2410 matrimonium
1053 2356 1158 2396 non
1200 2333 1511 2395 dirimitur.
1546 2339 1729 2394 Tertio
1762 2339 1919 2394 modo
1960 2355 2020 2394 se
2060 2339 2225 2395 habet
2255 2357 2349 2412 per
2390 2343 2620 2416 modum

604 2431 915 2498 statuentis,
943 2429 1088 2504 quod
1113 2429 1175 2484 fit
1199 2428 1373 2484 solum
1399 2427 1727 2508 anctoritate
1750 2428 1947 2484 summi
1972 2427 2249 2504 Pontificis
2282 2446 2295 2483 ι
2328 2438 2382 2486 et
2412 2446 2621 2488 secun-

605 2521 736 2574 dum
761 2519 862 2575 hoc
888 2523 1134 2592 pe'rsonae
1158 2517 1358 2590 aliquae
1386 2505 1686 2572 redduntur
1720 2514 2021 2586 illegitimae
2052 2516 2120 2572 ad
2154 2517 2619 2588 contrahendum,

606 2608 684 2663 ita
723 2606 867 2680 quod
903 2605 950 2660 si
993 2605 1159 2660 etiam
1209 2604 1557 2672 contrahant,
1588 2602 1992 2659 matrimonium
2030 2591 2323 2672 dirimitur,
2364 2615 2425 2662 ut
2464 2614 2624 2679 patet

605 2697 661 2748 in
685 2683 1018 2767 ‘quibusdam
1060 2693 1317 2763 gradibus
1355 2691 1849 2762 consanguinitatis
1882 2697 1938 2748 et
1988 2692 2300 2762 affinitatis;
2332 2693 2417 2750 vel
2448 2696 2624 2752 etiam

609 2784 677 2836 de
713 2781 983 2847 adultera,
1023 2785 1150 2837 cum
1192 2781 1314 2852 quis
1357 2780 1511 2834 dedit
1546 2782 1596 2835 ei
1639 2780 1801 2836 fidem
1830 2780 1897 2836 de
1935 2779 2327 2848 contrahendo,
2374 2783 2460 2838 vel
2491 2795 2627 2841 cum

549 2921 554 2925 .
610 2869 954 2926 machinatus
977 2875 1059 2923 cst
1084 2867 1137 2923 in
1162 2876 1389 2923 mortem
1415 2862 1621 2922 uxoris.

1268 3044 1722 3104 ARTIOULUS
1774 3045 1943 3106 XVI.

620 3177 1083 3252 Utrummulier
1105 3159 1388 3240 accusata
1413 3175 1483 3236 de
1510 3175 1808 3237 adulterio
1840 3176 2090 3250 occulto,
2124 3133 2399 3248 teneatur·
2439 3159 2665 3244 suum·

675 3273 994 3347 peccatum
1031 3267 1099 3328 in
1123 3264 1360 3342 judicio
1403 3264 1695 3340 confiteri.
1729 3299 1807 3309 —
1838 3265 1921 3343 (4,
1955 3263 2101 3328 dista
2142 3268 2241 3340 37,
2286 3273 2519 3347 quoest.
2570 3271 2639 3344 2,

689 3361 816 3418 art.
846 3357 903 3429 1,
935 3359 991 3432 et
1015 3355 1158 3417 dist.
1187 3355 1286 3429 42,
1319 3357 1443 3416 art.
1476 3357 1535 3426 4,
1568 3356 1777 3432 quaest.
1810 3353 1871 3430 3,
1898 3353 1980 3414 ad
2004 3354 2092 3434 2).

678 3487 764 3545 Ad
791 3486 1088 3542 secundum
1123 3485 1202 3540 sic
1229 3484 1561 3558 proceditur.
1591 3484 1820 3542 Videtur
1845 3486 1989 3558 quod
2026 3487 2223 3544 mulier
2253 3497 2533 3547 accusata
2576 3491 2653 3547 do

610 3575 879 3636 adulterio
907 3573 1141 3640 occulto,
1183 3589 1288 3629 non
1321 3580 1570 3630 teneatur
1606 3588 1764 3629 suum
1792 3583 2079 3647 peccatum
2118 3577 2171 3632 in
2200 3574 2415 3650 judicio
2444 3581 2659 3636 confi-

612 3666 736 3723 teri.
777 3663 970 3721 Nullus
1015 3663 1158 3718 enim
1203 3668 1419 3719 tenetur
1459 3678 1620 3718 suum
1668 3669 1955 3735 peccatum
1997 3665 2270 3721 occultum
2308 3666 2658 3738 publicare.

607 3755 718 3813 Sed
742 3753 1072 3812 adulterium
1110 3749 1353 3807 mulieris
1380 3756 1464 3806 est
1494 3750 1787 3807 oecultum.
1818 3753 1874 3808 Si
1900 3759 2081 3808 autem
2108 3752 2163 3809 in
2187 3754 2401 3826 judicio
2446 3759 2667 3814 confi-

612 3851 820 3902 teretur
845 3845 1042 3917 ipsum,
1074 3843 1286 3900 veniret
1317 3841 1374 3896 in
1407 3839 1702 3914 publicum.
1734 3842 1873 3912 Ergo
1902 3857 2010 3899 non
2042 3849 2256 3900 tenetur
2294 3829 2511 3902 mulier
2550 3865 2671 3906 ac·

609 3941 801 3996 cusata
825 3934 893 4013 de
921 3931 1190 3989 adulterio
1217 3945 1376 3986 suum
1404 3934 1691 4004 peccatum
1718 3931 1770 3984 in
1793 3930 2001 4002 judicio
2026 3933 2294 3989 confiteri.

661 4017 785 4081 'Sed
827 4020 1022 4082 'contra
1058 4025 1162 4089 est,
1205 4019 1334 4096 quia
1371 4019 1535 4078 debet
1568 4023 1831 4092 praestare
1858 4021 2233 4095 juramentum
2274 4020 2681 4088 ‹ie-veritato
