2800 4492
747 335 859 380 x11.
890 347 971 364 -
998 329 1423 383 euenum-run
1465 329 1754 376 ocrAvuM
2137 314 2263 376 425

253 469 470 512 sensum
518 468 551 510 a
599 449 973 518 sensibilibuS,
1021 447 1472 520 imaginationem
1521 463 1553 503 a
1603 462 1786 516 sensu,
1839 444 2176 506 intellectum
2223 463 2258 506 a

252 541 721 618 phantasmatibus
751 539 999 612 accipere
1028 538 1253 596 fatetur.

286 675 291 679 .
317 631 639 705 Respondeo
665 628 975 695 dicendum,
1009 627 1155 701 quod
1185 626 1366 684 anima
1395 625 1636 684 humana
1664 625 2052 684 similitudines
2076 644 2257 684 rerum

254 722 449 796 quibus
471 719 771 792 cognoscit,
800 717 1001 789 accipit
1021 733 1054 774 a
1077 716 1241 773 rebus
1270 716 1361 772 illo
1387 717 1552 773 modo
1582 715 1886 789 accipiendi
1910 732 2020 789 quo
2045 718 2260 788 patiens

256 808 451 881 accipit
476 806 546 864 ab
572 813 807 878 agente:
832 803 980 878 quod
1010 819 1115 860 non
1144 810 1228 862 est
1252 803 1663 876 intelligendum
1687 804 1846 877 quasi
1871 821 2042 877 agens
2065 805 2257 862 influat

256 898 307 954 in
337 896 551 970 patiens
578 894 828 952 eamdem
868 908 1095 950 numero
1123 894 1361 966 speciem
1390 908 1558 966 quam
1593 892 1760 950 habet
1787 894 1846 950 in
1885 909 1948 950 se
1987 894 2128 967 ipso,
2156 895 2253 950 sed

256 994 476 1058 generat
498 985 579 1040 sui
606 982 840 1040 similem
868 982 1150 1041 educendo
1178 982 1245 1038 de
1281 983 1532 1055 potentia
1555 982 1612 1039 in
1637 989 1822 1040 actum
1855 999 1870 1039 ε
1902 990 1958 1039 et
1987 1000 2082 1056 per
2110 983 2258 1042 hunc

256 1071 475 1129 modum
514 1072 717 1129 dicitur
768 1072 979 1145 species
1033 1071 1232 1128 coloris
1278 1071 1480 1126 deferri
1528 1087 1561 1128 a
1616 1086 1844 1143 corpore
1893 1070 2137 1129 colorato
2184 1073 2254 1130 ad
2332 1074 2338 1079 '

257 1162 454 1218 visum.
726 1185 731 1190 ·
1210 1215 1215 1220 .

321 1251 425 1307 Sed
446 1251 509 1307 in
541 1251 825 1323 agentibus
861 1255 918 1306 et
960 1250 1296 1323 patientibus
1334 1248 1786 1321 distinguendum
1823 1255 1930 1308 est.
1967 1249 2065 1308 Est
2111 1251 2256 1308 enim

258 1339 529 1412 quoddam
560 1355 725 1412 agens
750 1339 896 1412 quod
931 1339 1001 1395 de
1033 1355 1091 1394 se
1118 1337 1394 1394 sufficiens
1425 1343 1510 1392 est
1535 1337 1605 1393 ad
1635 1338 2001 1396 inducendum
2029 1339 2258 1398 formam

257 1443 409 1484 suam
430 1429 484 1482 in
510 1428 741 1500 patienS,
768 1429 910 1484 sicut
935 1428 1076 1500 ignis
1100 1427 1169 1482 de
1192 1441 1254 1482 se
1272 1425 1477 1482 sufficit
1501 1425 1570 1481 ad
1591 1425 2041 1484 calefaciendum.
2070 1428 2258 1498 Quod-

256 1521 381 1576 dam
408 1534 542 1576 vero
570 1533 737 1590 agens
766 1521 849 1574 est
881 1516 1027 1589 quod
1070 1531 1177 1572 non
1201 1514 1402 1572 sufficit
1436 1515 1504 1571 de
1545 1531 1606 1572 se
1649 1517 1718 1573 ad
1749 1516 2114 1574 inducendum
2145 1519 2262 1574 for-

255 1624 400 1665 mam
429 1621 589 1663 suam
623 1607 681 1662 in
710 1605 943 1678 patiens,
974 1605 1079 1661 nisi
1116 1605 1472 1678 superveniat
1505 1603 1655 1662 aliud
1698 1621 1898 1677 agens;
1929 1606 2072 1663 sicut
2112 1607 2259 1666 calor

255 1698 398 1770 ignis
432 1711 539 1752 non
586 1695 787 1752 sufficit
833 1695 901 1752 ad
930 1694 1313 1769 complendum
1340 1695 1613 1751 actionem
1659 1695 1978 1753 nutritionis
2017 1698 2121 1754 nisi
2164 1715 2260 1772 per

257 1787 517 1844 virtutem
538 1785 734 1842 animae
765 1784 1075 1852 nutritivae;
1099 1785 1240 1840 unde
1265 1784 1442 1840 virtus
1466 1784 1664 1840 animae
1687 1785 1968 1843 nutritivae
1996 1792 2082 1842 est
2107 1789 2261 1860 prin-

257 1875 506 1948 cipaliter
529 1890 695 1946 agens
718 1873 901 1930 :calor
928 1888 1057 1931 vero
1089 1874 1279 1944 igneus
1297 1873 1779 1930 intrumentaliter.
1809 1875 2074 1932 Similiter
2093 1877 2258 1934 otiam

257 1970 341 2020 est
385 1964 676 2022 diversitas
702 1980 770 2019 ex
809 1969 967 2038 parte
1008 1961 1357 2035 patientium.
1390 1961 1677 2031 Quoddam
1725 1962 1870 2020 enim
1916 1970 2001 2020 est
2043 1965 2257 2038 patiens

256 2053 403 2126 quod
430 2053 485 2108 in
526 2051 674 2109 nullo
711 2058 1039 2124 cooperatur
1072 2051 1289 2122 agenti;
1323 2052 1467 2107 sicut
1505 2050 1646 2123 lapis
1672 2068 1798 2108 cum
1840 2049 2060 2110 'sursum
2085 2049 2258 2127 proji-

258 2143 417 2207 citur,
448 2140 535 2199 vel
556 2140 763 2212 lignum
792 2155 917 2196 cum
946 2156 1012 2195 ex
1048 2155 1113 2194 eo
1152 2140 1213 2194 fit
1240 2155 1544 2196 scamnum.
1572 2138 1859 2208 Quoddam
1883 2156 2016 2198 vero
2043 2144 2258 2216 patiens

257 2235 341 2286 est
368 2227 515 2302 quod
542 2233 867 2300 cooperatur
905 2224 1124 2297 agenti3
1157 2224 1299 2281 sicut
1336 2224 1478 2297 lapis
1513 2239 1639 2281 cum
1669 2225 1920 2283 deorsum
1949 2229 2256 2302 projicitur,

257 2325 313 2376 et
334 2333 532 2391 corpus
560 2315 793 2374 hominis
828 2330 954 2370 cum
987 2321 1213 2370 sanatur
1236 2329 1334 2387 per
1368 2320 1564 2370 artem.
1595 2311 1666 2370 Et
1693 2316 1994 2372 secundum
2017 2316 2139 2384 hoc,
2173 2335 2259 2374 res

258 2425 383 2484 quae
406 2415 533 2464 sunt
563 2415 720 2462 extra
744 2405 1003 2470 animam,
1038 2403 1326 2474 tripliciter
1362 2417 1424 2458 se
1456 2401 1659 2459 habent
1696 2403 1764 2458 ad
1795 2403 2039 2462 diversas
2063 2407 2259 2464 animae

257 2496 531 2570 potentias
573 2513 584 2550 ε
626 2494 696 2550 ad
734 2508 926 2548 sensus
968 2492 1113 2547 enim
1159 2491 1460 2547 exteriores
1497 2506 1556 2546 se
1605 2490 1808 2548 habent
1853 2491 1995 2548 sicut
2040 2497 2260 2566 agentia

256 2584 602 2651 sufficientia,
635 2581 834 2656 quibus
858 2579 1123 2654 patientia
1152 2595 1260 2636 non
1294 2585 1682 2652 cooperantur,
1709 2579 1807 2636 sed
1833 2581 2104 2655 recipiunt
2135 2591 2263 2640 tan-

256 2685 397 2732 tum.
424 2672 579 2742 Quod
608 2677 792 2728 autem
835 2669 983 2726 color
1013 2685 1111 2742 per
1138 2685 1197 2725 se
1234 2683 1338 2724 non
1370 2668 1543 2740 possit
1574 2684 1794 2726 movere
1819 2669 1999 2728 visum
2027 2671 2133 2728 uisi
2167 2672 2260 2730 lux

256 2761 627 2838 superveniat,
659 2775 767 2817 non
792 2772 876 2814 est
904 2765 1096 2815 contra
1132 2758 1234 2814 hoc
1262 2757 1408 2828 quod
1433 2756 1643 2814 dictum
1670 2766 1788 2828 est;
1817 2759 1948 2832 quia
1974 2765 2087 2818 tam
2111 2762 2260 2819 color

257 2868 423 2926 quam
448 2850 557 2918 lux,
585 2849 731 2906 inter
753 2863 820 2904 ea
847 2862 971 2920 quae
998 2854 1125 2902 sunt
1150 2852 1305 2902 extra
1331 2845 2026 2919 animam-computantur.
2057 2850 2260 2907 Sensus

257 2946 443 2998 autem
470 2937 767 2994 exteriores
795 2936 1100 3010 suscipiunt
1128 2940 1343 2992 tantum
1374 2950 1404 2990 a
1435 2935 1599 2992 rebus
1625 2951 1724 3008 per
1743 2935 1966 2993 modum
1995 2938 2256 3012 patiendi,

228 3029 377 3086 sine
406 3027 509 3083 hoc
531 3026 674 3100 quod
706 3025 914 3097 aliquid
944 3030 1305 3097 cooperentur
1334 3023 1402 3079 ad
1443 3025 1525 3080 sui
1565 3023 1980 3095 formationem3
2011 3031 2264 3098 quamvis

253 3119 373 3189 jam
402 3115 619 3169 formati
644 3113 885 3170 habeant
908 3113 1183 3185 propriam
1212 3111 1606 3184 operationem,
1637 3126 1761 3184 quae
1791 3120 1875 3168 est
1903 3113 2172 3184 judicium
2196 3117 2264 3172 de

262 3203 521 3278 priopriis
546 3201 795 3274 obJectiS.
822 3201 927 3256 Sed
957 3199 1024 3256 ad
1066 3199 1515 3270 imaginationem
1547 3213 1634 3254 res
1658 3215 1782 3272 quae
1809 3207 1936 3257 sunt
1959 3209 2114 3261 extra
2141 3205 2266 3262 ani-

258 3308 429 3359 mam,
451 3295 837 3363 comparantur
857 3293 918 3343 ut
946 3288 1163 3358 agentia
1191 3285 1539 3345 sufficientia.
1565 3289 1726 3344 Actio
1748 3291 1894 3346 enim
1921 3291 2000 3348 rei
2028 3295 2266 3352 sensibi-

261 3381 331 3438 lis
354 3397 457 3436 non
480 3379 628 3436 sistit
655 3378 711 3433 in
741 3391 923 3443 sensu,
946 3375 1041 3431 sed
1062 3375 1293 3442 ulterius
1312 3376 1574 3449 pertingit
1601 3393 1776 3450 usque
1804 3380 1872 3436 ad
1895 3379 2261 3454 phantasiam,

260 3471 379 3528 sive
420 3467 900 3540 imaginationem;
929 3471 1109 3520 tamen
1152 3464 1472 3536 imaginatio
1505 3472 1590 3523 est
1633 3469 1847 3540 patiens
1889 3471 2035 3543 quod
2063 3487 2266 3544 coope-

261 3554 417 3616 ratu'r
444 3556 626 3629 agenti
660 3573 674 3610 z
704 3549 825 3627 ipsa'
851 3554 995 3608 enim
1027 3552 1343 3624 imaginatio
1378 3553 1578 3613 format
1609 3557 1715 3613 sibi
1745 3557 2054 3631 aliquarum
2083 3575 2266 3615 rerum

263 3646 667 3712 similitudines»,
695 3659 835 3716 quas
872 3658 1151 3714 nunquam
1178 3659 1340 3699 sensu
1391 3647 1654 3716 percepit,
1687 3662 1755 3702 ex
1797 3645 1881 3702 his
1927 3652 2111 3703 tamen
2141 3663 2268 3721 quoe

262 3751 428 3793 sensu
457 3734 813 3808 recipiuntur,
845 3731 1218 3805 componendo
1261 3748 1327 3788 ea
1363 3739 1422 3788 et
1449 3733 1779 3802 dividend03
1813 3734 1952 3802 sicut
1994 3737 2267 3808 imagina-

262 3839 389 3880 mur
416 3830 627 3895 montes
652 3837 865 3889 aureosi,
890 3837 1029 3895 quos
1058 3837 1339 3894 nunquam
1367 3821 1624 3888 vidimuS,
1649 3838 1715 3877 ex
1730 3821 1833 3878 hoc
1856 3825 2002 3897 quod
2031 3825 2266 3885 vidimus

266 3928 463 3990 aurum
492 3918 549 3970 et
576 3918 807 3968 montes·
838 3909 946 3970 Sed
974 3909 1045 3968 ad
1071 3909 1412 3981 intellectum
1429 3908 1744 3996 possibilem
1768 3923 2152 3986 comparantur
2179 3931 2268 3980 res
