2800 4492
549 277 661 338 154
1017 293 1069 339 3.
1113 293 1350 338 'rfloMAE
1390 291 1717 345 Actum-ns
1758 291 2069 339 orusoumt

545 426 669 484 quae
697 415 876 482 potest
904 409 1046 467 scire
1068 417 1124 466 et
1150 417 1386 471 tenetur.
1411 411 1871 467 constitutionem
1890 409 2034 465 enim
2058 409 2217 482 Papae
2238 422 2431 464 omnes
2452 423 2552 463 suo

549 498 707 552 modo
748 497 888 554 scire
941 501 1212 554 tenentur.
1243 497 1298 553 Si
1347 512 1475 568 ergo
1515 495 1713 570 aliquis
1753 495 1960 552 nesciat
1994 511 2089 570 per
2134 494 2547 566 negligentiam,

549 601 653 640 non
683 592 975 642 excusatur
1005 601 1036 642 a
1059 585 1238 658 culpa,
1262 585 1308 642 si
1337 594 1529 644 contra
1552 585 1998 642 constitutionem
2024 589 2171 658 agat.
2200 584 2258 640 Si
2290 598 2420 638 vero
2446 583 2551 638 ali-

547 675 669 748 quis
691 673 889 730 habeat
916 673 1191 730 sufficiens
1219 675 1691 748 impedimentum,
1720 680 1941 747 propter
1966 673 2112 747 quod
2142 673 2284 728 scire
2312 687 2417 728 non
2451 686 2551 744 po-

551 763 746 830 tuerit3
777 771 908 835 puta
944 763 988 818 si
1036 761 1137 817 fuit
1178 763 1234 818 in
1276 777 1517 831 carcere,
1548 763 1630 819 vel
1676 764 1729 818 in
1770 764 1931 818 terris
1967 763 2262 826 extraneis»,
2292 759 2361 816 ad
2412 775 2551 832 quas

548 851 864 907 constitutio
892 866 995 906 non
1026 851 1306 924 pervenit;
1335 851 1421 907 vel
1464 860 1685 924 propter
1726 851 1935 924 aliquid
1972 849 2182 916 simile;
2226 843 2353 906 talis
2392 848 2548 920 igno·

550 940 726 996 rantia
755 949 998 1000 excusat,
1028 948 1086 996 ut
1115 956 1220 997 nou
1248 949 1436 1013 peccet
1465 948 1656 998 contra
1680 939 2128 998 constitutionem
2153 931 2317 1011 Papae
2360 952 2543 1010 agens.

620 1027 686 1086 Et
715 1044 809 1102 per
831 1029 933 1086 hoc
962 1035 1111 1102 patet
1131 1029 1329 1086 solutio
1361 1029 1433 1086 ad
1462 1029 1697 1104 objecta.

1219 1263 1675 1324 ARTICULUS
1724 1261 1867 1322 XX.

600 1387 1161 1476 Utrum⁰monaohus
1176 1417 1376 1492 peccet
1408 1412 1769 1485 mortaliter,
1802 1385 2142 1473 comedendo
2172 1427 2401 1473 carnes.
2430 1379 2531 1458 -1

667 1502 825 1582 (2-2.
854 1507 1061 1582 quast.
1093 1503 1230 1578 185,
1253 1504 1373 1564 art.
1403 1503 1463 1576 8,
1493 1518 1687 1580 corp.,·
1709 1505 1767 1563 et
1786 1505 1995 1580 quoert.
2028 1499 2163 1575 186,
2187 1504 2313 1562 art.
2340 1500 2425 1578 9.)

620 1655 774 1711 Circa
801 1661 1056 1727 quartum
1085 1654 1165 1709 sic
1193 1653 1527 1726 proceditur.
1555 1655 1606 1713 l.
1642 1653 1868 1708 Videtur
1894 1650 2039 1724 quod
2085 1650 2384 1708 monachus
2420 1667 2547 1723 pec-

553 1747 642 1796 cat
667 1741 970 1798 mortaliter
996 1741 1330 1797 comedendo
1357 1756 1569 1797 carnes,
1598 1741 1742 1797 Dicit
1772 1740 1917 1797 enim
1946 1754 2119 1796 canon
2149 1739 2219 1795 de
2244 1741 2389 1796 Cous
2406 1755 2546 1795 §cra-

556 1830 720 1895 tione,
743 1829 880 1903 dist.
911 1845 962 1896 v,
997 1845 1118 1901 cap.
1147 1829 1395 1899 Carnem,
1430 1828 1574 1900 quod
1607 1827 1853 1886 monachi
1884 1843 1988 1884 non
2027 1827 2226 1886 debent
2262 1821 2545 1884 comedere

551 1931 771 1984 carnos;
803 1925 879 1984 31,
910 1913 1178 1974 si'conira
1219 1917 1463 1984 fecerint,
1494 1915 1692 1973 debent
1722 1916 2071 1973 incarcerari.
2097 1917 2201 1973 Sed
2236 1917 2361 1973 talis
2392 1932 2545 1990 poena

547 1993 653 2058 'non
684 2003 947 2078 infligitur
971 2005 1072 2062 nisi
1105 2020 1201 2078 pro
1231 2011 1455 2077 peccato
1483 2004 1721 2063 mortali.
1748 2005 1890 2078 Ergo
1922 2002 2167 2060 monachi
2198 2004 2545 2061 comedentes

549 2107 640 2148 cai
647 2108 738 2148 nes
764 2101 992 2166 peccant
1022 2094 1346 2152 mortaliter.

619 2185 668 2240 2.
705 2183 990 2249 Praeter-,ea
1024 2182 1202 2239 facere
1244 2191 1398 2240 contr
1402 2200 1436 2241 a
1482 2189 1669 2241 votum
1707 2190 1789 2240 est
1840 2189 2125 2255 peccatum
2157 2179 2413 2238 mortale.
2442 2179 2540 2237 Sed

548 2270 795 2326 monachi
822 2285 888 2328 ex
913 2276 1039 2328 voto
1079 2271 1390 2346 obligantur
1429 2272 1499 2329 ad
1540 2271 1865 2328 servandam
1910 2267 2150 2340 regulam
2179 2269 2335 2325 Beati
2373 2271 2541 2325 Bene-

547 2360 730 2427 dicti,
717 2376 770 2416 tn
801 2374 911 2434 qua
929 2361 1236 2418 continetur
1261 2361 1408 2434 quod
1433 2361 1682 2418 monachi
1713 2378 1746 2418 a
1769 2359 2027 2418 carnibus
2050 2359 2383 2416 abstineant.
2406 2361 2539 2432 Ergo

549 2448 793 2506 monachi
819 2455 1046 2521 peccant
1075 2448 1380 2508 mortaliter
1401 2449 1735 2506 comedendo
1764 2463 1992 2506 carnes„

612 2538 716 2596 Sed
739 2547 947 2604 contra,
985 2539 1189 2596 nullum
1220 2546 1505 2611 peccatum
1535 2537 1765 2595 mortale
1792 2537 2110 2594 conceditur
2139 2526 2306 2594 alicui
2336 2539 2540 2600 ratione

543 2627 935 2699 cnjuscumque
961 2627 1316 2686 infirmitatis.
1346 2629 1451 2684 Sed
1476 2628 1762 2684 comedere
1789 2641 1985 2684 carnes
2011 2626 2332 2683 conceditur
2357 2643 2542 2685 mona-

541 2714 642 2771 cho
672 2714 882 2771 ratione
912 2715 1264 2772 infirmitatis·
1296 2715 1438 2788 Ergo
1460 2716 1745 2774 comedere
1771 2731 1964 2774 carnee
1992 2731 2099 2773 non
2138 2723 2221 2774 est
2258 2728 2538 2790 peccatum

543 2802 772 2861 mortale
797 2803 1081 2862 monacho

612 2893 932 2964 Respondeo
967 2892 1274 2961 dicendum,
1309 2895 1455 2968 quod
1491 2895 1621 2951 nihil
1652 2903 1735 2953 est
1760 2901 2044 2968 peccatum
2081 2894 2313 2952 mortale
2353 2911 2537 2952 mona·

541 2980 642 3036 clio
667 2977 750 3036 iiel
782 2981 1034 3056 religioso
1061 2976 1536 3057 cuicumqu0,'per
1560 3001 1619 3041 33
1645 2983 1934 3057 loquendo,
1967 2983 2112 3058 quod
2161 2999 2267 3040 non
2308 2985 2381 3040 sit
2412 3000 2537 3058 prc-

532 3075 726 3126 catum
753 3071 982 3128 mortale
1010 3071 1192 3141 alteri,
1223 3073 1323 3130 nisi
1355 3073 1429 3129 sit
1459 3072 1793 3130 contrarium
1817 3073 1866 3130 ei
1894 3072 1961 3128 ad
1988 3061 2131 3148 quod
2163 3088 2223 3128 33
2251 3080 2379 3130 voto
2412 3075 2533 3146 pr'o-

542 3158 788 3215 fessionis
816 3158 1110 3232 obligavit3
1145 3177 1238 3232 per
1282 3160 1536 3218 accidens
1560 3165 1763 3228 tamen,
1797 3170 1855 3218 ut
1897 3160 2109 3217 ratione
2156 3161 2423 3226 scandali,
2457 3159 2531 3216 vil

530 3245 770 3326 „alicujus
814 3246 1140 3320 huiusmodi,
1187 3256 1368 3322 posset
1414 3249 1621 3324 aliquid
1664 3251 1714 3306 ei
1756 3264 1875 3308 esse
1918 3256 2204 3322 peccatum
2249 3249 2395 3324 quod
2436 3266 2529 3351 non

541 3342 685 3390 osset
715 3334 806 3391 alii
835 3343 1140 3407 peccatum.

608 3422 703 3479 Est
729 3437 859 3496 ergo
882 3423 1337 3484 considerandum
1365 3427 1497 3500 quid
1535 3427 1607 3484 sit
1636 3425 1768 3483 illud
1799 3425 1868 3484 ad
1907 3426 2053 3500 quod
2100 3424 2388 3498 religiosus
2414 3433 2527 3484 voto

537 3510 888 3584 professionis
908 3527 966 3568 se
991 3512 1281 3587 adstringit
1305 3532 1316 3570 ι
1339 3522 1394 3572 et
1423 3517 1467 3573 si
1495 3516 1713 3591 quidem
1736 3515 2023 3588 religiosus
2044 3515 2349 3587 profitendo
2370 3531 2525 3572 vove-

537 3607 619 3655 ret
646 3615 706 3656 33
736 3599 980 3670 regulam
1009 3608 1373 3671 servaturum,
1407 3603 1684 3661 videretur
1710 3619 1767 3660 33
1794 3604 2034 3675 obligare
2063 3611 2191 3660 voto
2229 3604 2297 3660 ad
2326 3601 2522 3675 singula

537 3703 660 3759 quae
680 3687 1028 3745 continentur
1050 3689 1106 3748 in
1134 3690 1418 3764 regula3et
1441 3693 1539 3760 sic,
1563 3702 1751 3753 contra
1778 3691 2059 3767 quodlibet
2086 3703 2273 3748 eorum
2304 3690 2516 3763 agendo,

536 3784 788 3852 peccaret
816 3777 1116 3840 mortaliter
1146 3797 1158 3836 ε
1187 3787 1241 3834 3ι
1279 3797 1352 3838 ex
1377 3781 1477 3838 hoc
1517 3787 1836 3858 sequeretur
1878 3781 2023 3856 quod
2054 3781 2330 3854 religionis
2358 3786 2519 3834 status

535 3869 679 3928 esset
715 3863 983 3944 religiosis
1020 3868 1073 3929 in
1122 3868 1374 3951 laqueum
1415 3873 1624 3948 peccati
1670 3869 1934 3944 mortaliS,
1966 3869 2115 3954 quod
2146 3871 2235 3932 vix
2265 3873 2357 3932 aut
2386 3879 2516 3929 nun·
