2800 4492
275 341 306 354 n.

740 445 755 453 ,
783 381 900 450 311·
929 397 1010 449 ·.·-.·
1033 349 1488 456 suosmssssss'zu,
1513 383 1782 449 *amnne
2146 374 2265 446 361

253 503 517 558 mentum
539 498 746 578 patitur
761 497 1056 578 defunotus
1075 515 1142 556 ex
1164 499 1426 572 praedicta
1451 499 1736 575 tarditate,
1760 501 1998 574 maxime
2024 503 2068 560 si
2090 521 2269 577 quan-

259 595 390 648 tum
407 588 478 668 ἰ-ιι
502 588 620 660 ipso
655 585 782 668 fuit,
813 589 1004 666 curam
1037 587 1284 648 adhibuit
1315 595 1374 648 ut
1420 589 1727 662 hujusmodi
1766 591 2125 668 eleemosynae
2158 595 2267 653 cito

259 677 552 744 darentur,
584 677 714 750 quia
748 661 1008 735 meritum
1047 677 1423 754 principaliter
1452 693 1521 738 ex
1548 669 1831 738 voluntate
1868 687 1927 738 et
1962 683 2268 748 intentione

255 764 576 850 dependet3
601 765 703 844 sed
731 774 1010 846 quantum
1032 765 1102 828 ad
1139 765 1394 822 effectum
1428 766 1796 856 eleemosynae
1822 769 2030 842 patitur
2066 771 2270 838 destri-

261 860 534 922 mentum,
566 869 672 911 non
717 854 946 926 quidem
975 861 1038 910 ut
1082 869 1180 925 pro
1220 847 1529 927 hujusmodi
1562 847 1825 914 tarditate
1833 859 2145 932 puniatur;
2172 849 2268 925 sed

265 943 405 1016 quia
447 942 748 999 remedium
781 943 830 998 ei
873 957 980 998 non
1016 941 1324 1012 adhibetur,
1356 943 1489 1000 dum
1525 945 1783 1018 suffragia
1828 945 2169 1016 differuntur,
2203 963 2269 1004 ex

267 1031 469 1108 quibus
489 1030 778 1105 plurimum
796 1031 1104 1118 juvaretur.

339 1120 422 1179 Ad
447 1121 684 1194 primum
709 1135 838 1205 ergo
861 1105 1174 1187 dicendum,
1205 1119 1353 1192 quod
1392 1119 1724 1192 negligentia
1754 1122 1913 1190 unius
1951 1138 2054 1178 ιιοιι
2086 1123 2268 1202 ἰιιιριι-

263 1194 421 1267 tatur
445 1207 604 1266 alteri
627 1207 698 1264 ad
725 1221 972 1280 poenam·
957 1249 972 1278 ‚
1001 1213 1183 1281 potest
1209 1214 1391 1264 tamen
1418 1209 1763 1266 redundare
1750 1227 1804 1267 ιιι
1830 1211 2062 1270 alterum
2090 1229 2270 1287 quan-

265 1305 388 1354 tum
429 1297 500 1355 ad
537 1291 813 1354 defectum
856 1296 1114 1364 remedii,
1132 1296 1432 1355 seeundum
1478 1299 1623 1370 quod
1666 1313 1805 1358 unus
1848 1298 2013 1358 homo
2047 1301 2117 1358 ab
2160 1301 2267 1358 alio

262 1387 445 1465 juvari
469 1389 675 1464 potest.
1363 1417 1374 1422 -
1542 1417 1549 1421 ·
1618 1417 1625 1420 ·
1798 1413 1803 1416 ·
2156 1409 2163 1415 ·

923 1535 1382 1616 Assrroums
1436 1535 1606 1600 XIV.

275 1666 502 1734 Utrum
527 1635 798 1729 executor
826 1659 1028 1727 debeat
1063 1661 1310 1726 tardare
1349 1660 1831 1726 distributionem
1873 1627 2266 1744 elemosyna-Q
2308 1673 2311 1677 ’
2403 1730 2413 1740 .

343 1758 508 1827 rum,
535 1753 618 1839 od
638 1751 748 1818 hoo
768 1751 932 1833 quod
952 1766 1048 1816 ros
1073 1750 1348 1828 defuncti
1373 1750 1587 1815 meiius
1614 1751 1973 1818 vendantur.

267 1875 274 1882 ’
333 1865 504 1936 Ωιι-(ιιι
538 1875 836 1932 secundum
869 1873 948 1931 sio
992 1872 1322 1947 procediturL
1348 1873 1581 1932 Videtur
1624 1877 1769 1950 quod
1806 1886 2065 1956 executor
2101 1870 2265 1939 debet

267 1965 490 2027 tardare
514 1964 951 2021 distributionem
976 1962 1461 2038 eleemosynarum,
1496 1963 1566 2021 ad
1594 1965 1695 2022 bo‘c
1718 1965 1863 2040 quod
1900 1982 1989 2024 res
2022 1967 2261 2027 defuncti

271 2057 466 2114 melius
485 2053 776 2112 vendatur.
807 2052 946 2122 Quia
975 2063 1044 2108 ex
1079 2051 1185 2110 boo
1211 2053 1459 2127 sequitur
1486 2053 1631 2127 quod
1680 2055 1860 2127 plures
1893 2041 2262 2134 eleemosynas

269 2143 474 2218 poterit
496 2143 673 2200 faeere
697 2157 794 2214 pro
819 2141 1093 2208 defuncto,
1121 2156 1188 2196 ex
1216 2141 1415 2214 quibus
1448 2141 1735 2199 defunctus
1765 2144 1937 2216 magis
1960 2146 2261 2218 juvabitur.

269 2233 412 2306 Ergo
455 2233 502 2288 si
547 2230 780 2299 differat,
809 2229 1026 2286 videtur
1051 2229 1198 2303 quod
1225 2227 1572 2286 laudabiliter
1594 2235 1649 2285 et
1676 2230 1911 2287 fideliter
1940 2231 2044 2290 boo
2078 2232 2261 2293 saciat.

337 2321 448 2394 Sed
462 2327 652 2376 contra
680 2327 783 2388 est,
802 2319 930 2393 quia
947 2334 1014 2375 ex
1041 2317 1300 2374 tarditate
1327 2316 1794 2391 eleemosynarum
1818 2320 2065 2394 sequitur
2089 2329 2265 2382 retar-

271 2411 422 2468 datio
463 2408 711 2475 remedii,
744 2421 851 2481 quo
891 2407 1030 2463 forte
1072 2405 1360 2462 defunctus
1401 2403 1631 2476 indiget.
1662 2403 1803 2478 Ergo
1854 2407 2073 2465 videtur
2122 2411 2266 2485 quod

269 2499 582 2572 hujusmodi
607 2497 974 2556 retardatione
1006 2502 1265 2568 gravetur
1289 2493 1578 2550 desu'nctus
1604 2495 1786 2566 potius
1827 2510 1993 2568 quam
2022 2497 2266 2570 Juvetur.

339 2587 664 2661 Respondeo
710 2585 1001 2642 dicendum
1035 2601 1050 2639 t
1083 2581 1136 2639 in
1181 2597 1331 2639 mora
1365 2581 1568 2639 modici
1606 2584 1867 2657 temporis
1904 2599 2010 2643 ιιοιι
2054 2585 2268 2646 videtur

273 2692 393 2736 esse
424 2691 680 2748 magnum
707 2673 1042 2748 periculum3
1069 2671 1215 2728 unde
1242 2672 1289 2728 si
1323 2677 1583 2728 executor
1610 2687 1705 2744 per
1742 2669 2017 2732 modicum
2060 2681 2271 2751 tempus

273 2766 678 2838 eleemosynam
719 2763 850 2819 dare
897 2763 1130 2828 differat,
1163 2767 1224 2816 ut
1275 2760 1437 2817 rebus
1482 2758 1723 2819 defuncti
1775 2761 1985 2820 melius
2012 2765 2266 2833 venditis,

275 2853 569 2947 ampliores
596 2851 973 2925 eleemosynas
993 2850 1124 2906 dare
1153 2849 1344 2922 possit,
1369 2847 1715 2906 laudabiliter
1743 2849 1845 2906 hoc
1876 2850 2027 2908 facit.
2058 2853 2114 2912 si
2143 2869 2271 2912 vero

275 2941 306 2999 e
334 2955 598 3000 converso
624 2959 688 3014 pe
694 2958 719 2997 r
747 2940 978 2996 multum
1009 2948 1222 3013 tempus
1263 2937 1481 2996 differat
1522 2937 1898 3013 eleemosynas
1924 2939 2269 3011 distribuere,

274 3039 336 3088 'ut
379 3045 488 3086 non
531 3029 700 3086 multo
749 3028 1037 3102 ampliores
1083 3027 1459 3104 eleemosynas
1503 3025 1689 3094 faciat,
1741 3043 1845 3083 ιιοιι
1887 3027 2104 3085 videtur
2154 3044 2275 3086 esse

278 3119 487 3193 absque
522 3118 712 3192 eulpa3
740 3118 868 3190 quia
911 3115 1052 3173 sorte
1093 3115 1380 3172 defunctus
1424 3131 1455 3171 a
1495 3114 1812 3188 purgatorio
1850 3113 2191 3186 liberaretur,
2220 3117 2274 3174 iu

277 3224 388 3282 quo
413 3208 690 3264 existenti·
711 3204 1011 3262 remedium
1049 3203 1429 3276 suffragiorum
1474 3202 1710 3260 maxime
1745 3205 2112 3264 necessarium
2136 3213 2276 3264 erat.

277 3298 395 3354 Hoc
444 3303 630 3354 autem
676 3293 906 3368 requirit
953 3292 1238 3364 prudentis
1285 3292 1594 3348 executoris
1634 3307 1907 3350 examen:
1938 3303 1999 3351 ut
2046 3294 2275 3370 scilicet,

280 3377 644 3442 consideratis
671 3383 932 3440 dilatione
962 3381 1223 3454 temporis
1259 3385 1316 3436 et
1345 3377 1657 3437 conditione
1682 3397 1926 3454 personae
1951 3391 2075 3457 quae
2099 3384 2283 3441 oredi-

280 3481 370 3530 tur
411 3474 578 3530 citius
624 3471 710 3528 vel
757 3463 968 3530 tardius
1010 3469 1309 3539 liberanda,
1337 3476 1392 3525 et
1444 3469 1612 3526 etiam
1657 3473 1967 3544 quantitate
2004 3472 2279 3546 augmenti

280 3561 771 3640 eleemosynarum,
803 3557 969 3620 faeiat
997 3557 1143 3632 quod
1167 3555 1443 3615 videbitur
1467 3559 1723 3636 expedire
1746 3557 2025 3629 defuncto,

992 3707 1386 3820 QUAESTIO
1450 3731 1576 3800 ῙΧ.

353 3873 564 3935 Deinde
600 3875 895 3950 quesitum
936 3877 1039 3934 est
1061 3871 1130 3932 de
1172 3873 1441 3946 peccatis-3
1463 3875 1521 3930 et
1564 3870 1713 3930 eirea
1753 3871 1859 3932 hoo
1894 3871 2131 3948 quaeslta
2157 3882 2284 3933 sunt

284 3964 438 4044 ttia·
465 3967 529 4026 4⁰
553 3962 623 4024 de
665 3969 892 4037 peceato
933 3959 1224 4035 originali·
1250 3965 1437 4045 utrum
1454 3958 1683 4022 scilieet
1722 3959 1812 4022 ille
1846 3961 1941 4036 qui
1973 3961 2285 4039 baptizatus
