2800 4492
626 353 714 400 ιι.
742 369 823 384 --
847 354 916 397 m
964 354 1234 399 nonrmu
1271 355 1351 398 nn
1391 353 1722 400 mmmmm
2095 335 2181 401 83
2284 345 2291 348 “

182 468 448 538 perficitur
469 485 567 541 per
596 467 961 539 intellectum,
994 469 1087 542 qui
1117 477 1201 526 est
1232 469 1455 526 habitus
1488 469 1902 541 principiorum,
1934 483 2043 542 quo
2073 467 2182 526 ali-.

184 572 274 625 qua
302 574 368 612 ex
392 557 592 628 seipsis
623 561 752 614 nota
775 563 922 624 sunt,
945 563 1002 612 et
1036 556 1176 614 alius
1218 573 1326 629 quo
1368 563 1771 628 cognoscuntur
1798 555 2176 614 conclusiones

185 658 239 697 cx
259 644 564 715 hujusmodi
593 645 880 718 principiis
911 645 1320 712 demonstratas,
1349 645 1469 702 sive
1492 644 1888 702 demonstratio
1912 644 2175 717 procedat

187 747 242 786 ox
263 733 442 788 causis
485 733 854 800 inferior-ibae,
891 733 1036 790 sicut
1076 735 1309 790 scientia
1339 734 1499 792 :sive
1540 750 1608 791 ex
1648 733 1829 790 causis
1868 732 2170 798 altissimis„

188 820 309 877 sicut
333 821 776 894 sapientia.Cum
805 829 992 879 autem
1020 822 1431 894 distinguuntur
1458 821 1703 880 scientiae
1727 828 1787 877 ut
1814 821 1926 878 sint
1953 821 2175 878 habitus

190 908 407 978 quidam,
438 917 655 982 oportet
697 910 844 983 quod
884 927 1050 982 penes
1090 911 1309 983 objecta
1349 910 1775 982 distinguantur,
1807 909 1863 966 id
1892 915 1977 966 est
2004 924 2176 982 penes

191 1012 276 1062 res,
306 997 374 1052 de
401 999 600 1071 quibus
623 1005 750 1055 sunt
775 999 1040 1066 scicntiae,
1060 1005 1116 1055 et
1149 999 1228 1054 sic
1256 999 1668 1070 distinguuntur
1693 996 1803 1066 hic,
1826 1005 1883 1054 et
1906 998 1961 1056 iu
1991 1005 2177 1060 metae

193 1083 392 1158 physica
419 1094 529 1141 tres
555 1095 742 1158 partes
766 1087 1122 1159 philosopbiae
1145 1087 1519 1159 speculativae.

247 1175 322 1228 Ad
350 1175 650 1230 secundum
675 1175 988 1242 dicendum,
1021 1176 1166 1250 quod
1193 1177 1439 1232 scientiae
1460 1175 1833 1248 speculativas,
1856 1181 1915 1230 ut
1936 1180 2088 1248 patet
2117 1175 2173 1233 in

195 1262 437 1334 principio
457 1263 905 1337 Metaphy.,.sunt
931 1263 1002 1320 de
1027 1263 1134 1320 illis
1155 1280 1387 1336 quorum
1417 1264 1657 1336 cognitio
1672 1265 1937 1338 quaeritur
1952 1269 2173 1336 propter

195 1351 368 1422 scipsa.
397 1352 503 1407 Res
529 1359 712 1408 autem
741 1353 810 1408 de
839 1351 1038 1424 quibus
1060 1358 1145 1408 est
1175 1351 1370 1423 logica,
1403 1367 1511 1409 non
1555 1360 1875 1425 quaeruntur
1922 1352 1990 1408 ad
2038 1367 2175 1422 cog-⁴

198 1439 500 1495 noscendum
525 1446 746 1512 propter
773 1441 1002 1512 seipsas,
1017 1441 1113 1496 sed
1138 1447 1201 1496 ut
1225 1439 1619 1498 adminiculum
1644 1441 1921 1512 quoddam
1937 1439 2005 1495 ad
2035 1439 2175 1494 alias

199 1527 445 1583 scientias.
471 1529 539 1584 Et
586 1527 710 1584 ideo
759 1526 934 1600 logica
975 1543 1082 1583 non
1127 1529 1443 1586 continetur
1484 1527 1587 1584 sub
1622 1528 1791 1601 philo.
1830 1527 2173 1600 speculativa

200 1615 333 1684 quasi
372 1616 683 1688 principalis
731 1632 877 1687 pars,
917 1617 1014 1673 sed
1048 1617 1207 1689 quasi
1254 1615 1529 1689 quoddam
1570 1617 1857 1674 reductum
1904 1615 1973 1672 ad
2024 1630 2168 1681 eam,

200 1709 336 1770 prout
361 1704 629 1760 ministrat
657 1704 1015 1776 speculationi
1044 1721 1143 1761 sua
1158 1705 1540 1772 instrumenta,
1564 1704 1775 1764 scilicet
1802 1702 2169 1781 syllogismoe,

203 1799 248 1846 et
267 1792 610 1860 definitioneS,
635 1798 692 1849 et
720 1793 828 1850 alia
863 1793 1193 1865 hujusmodi,
1227 1794 1425 1866 quibus
1454 1794 1511 1850 in
1535 1793 1885 1866 speculativis
1923 1792 2175 1858 scientiis

203 1878 497 1951 indigemus.
539 1882 694 1938 Unde
735 1891 790 1938 et
833 1883 1130 1938 secundum
1175 1883 1329 1938 Boet.
1363 1882 1419 1938 in
1447 1883 1724 1940 Commen.
1750 1897 1915 1954 super
1942 1879 2167 1953 Porph.,

203 1983 290 2022 non
312 1975 419 2026 tam·
435 1977 516 2027 est
544 1971 796 2038 scientia,
823 1986 990 2043 quam
1019 1971 1265 2028 scientiae
1297 1971 1740 2029 instrumentum.

259 2057 330 2112 Ad
372 2059 588 2116 tertium
628 2059 939 2126 dicendum,
969 2059 1116 2130 quod
1157 2067 1368 2130 septem
1406 2059 1659 2116 liberales
1694 2065 1843 2116 artes
1871 2073 1976 2116 non
2016 2057 2171 2114 suffi-

205 2144 379 2201 cienter
419 2147 669 2204 dividunt
709 2147 1108 2221 philosophiam
1151 2147 1468 2215 theoricam,
1504 2148 1618 2213 sed,
1664 2153 1726 2204 ut
1763 2147 1899 2204 dicit
1926 2147 2069 2218 Hug.
2100 2147 2171 2203 de

207 2234 250 2288 S.
273 2235 400 2290 Vict.
431 2238 482 2291 in
507 2252 575 2293 ιιι
607 2237 692 2292 sui
721 2236 1067 2305 Didascalon‚
1104 2236 1487 2308 praetermissis
1516 2236 1843 2309 quibusdam
1872 2235 1995 2294 aliis
2032 2250 2171 2292 con-

211 2331 538 2392 numerantur,
559 2325 689 2398 quia
716 2325 798 2380 his
825 2327 1058 2398 primum
1089 2324 1607 2398 erudiebantur,qui
1634 2323 2027 2396 philosophiam
2051 2325 2173 2384 dis«.

211 2424 306 2464 cere
322 2412 582 2479 volebant,
612 2420 668 2469 et
697 2413 820 2468 ideo
846 2414 902 2468 in
931 2414 1152 2470 trivium
1181 2420 1237 2468 et
1267 2412 1619 2486 quadrivium
1648 2413 2077 2482 distinguuntur,
2106 2427 2173 2468 eo

211 2499 322 2568 quod
346 2499 422 2555 his
447 2501 604 2572 quasi
635 2501 960 2574 quibusdam
999 2503 1103 2556 viis
1130 2502 1300 2558 vivax
1324 2501 1539 2558 animus
1567 2500 1633 2556 ad
1676 2505 1890 2556 secreta
1928 2498 2172 2576 philoso-

211 2586 321 2656 phiae
347 2589 596 2646 introeat.
623 2591 683 2645 In
708 2589 812 2645 hoc
834 2590 999 2646 etiam
1023 2596 1289 2647 consonat
1315 2588 1543 2645 verbum
1574 2586 1775 2645 Philas,
1792 2585 1897 2658 'qui
1938 2586 2071 2647 dicit
2114 2587 2172 2644 iu

213 2689 242 2729 ιι
261 2676 400 2732 Meta.
425 2677 570 2749 quod
587 2677 784 2732 modus
812 2678 1058 2735 scientiae
1078 2678 1240 2734 debet
1257 2677 1429 2750 quaeri
1452 2681 1588 2733 ante
1618 2675 1905 2744 scientias,
1921 2681 1976 2730 et
1994 2676 2173 2738 βοτη-τ

212 2769 438 2821 mentator
462 2765 668 2822 ibidem
695 2765 849 2833 dicit,
867 2767 1020 2838 quod
1046 2766 1278 2838 logicam
1317 2782 1443 2838 quas
1468 2765 1629 2822 docet
1671 2764 1891 2824 modum
1926 2765 2171 2825 omnium

211 2851 539 2923 scientiarum,
570 2854 736 2910 debet
759 2854 884 2926 quis
920 2862 1047 2910 ante
1076 2871 1263 2912 omnes
1303 2855 1441 2912 alias
1476 2853 1748 2912 scientius
1769 2853 2070 2919 addiscere,
2100 2853 2171 2910 ad

211 2955 341 3008 quam
363 2943 596 3014 pertinet
622 2943 864 2998 trivium.
892 2943 1044 3008 Dicit.
1068 2944 1235 2999 etiam
1275 2944 1328 2998 in
1357 2958 1415 2998 vr
1446 2941 1570 2998 Eth.
1604 2941 1752 3014 quod
1781 2941 2170 3002 mathematica

210 3033 352 3093 potest
372 3028 496 3083 sciri
539 3043 572 3085 a
616 3027 817 3099 pueris,
851 3045 957 3084 non
987 3029 1429 3102 autemphysica
1460 3043 1584 3100 quae
1612 3028 2043 3102 experimentum
2077 3043 2170 3090 re-

211 3113 362 3180 quirit,
383 3131 446 3172 ex
468 3130 578 3188 quo
622 3115 784 3172 datur
801 3115 1042 3188 intelligi
1077 3117 1222 3188 quod
1271 3117 1445 3189 primo
1488 3116 1683 3186 logica,
1716 3114 1913 3174 deinde
1936 3114 2174 3177 mathe-

213 3201 374 3259 matica
411 3203 572 3260 debet
613 3203 846 3270 addisci,
874 3205 944 3260 ad
989 3220 1155 3276 quam
1198 3205 1435 3277 pertinet
1472 3203 1840 3276 quadrivium,
1880 3208 1937 3258 et
1964 3203 2172 3264 ita·his

212 3291 336 3358 quasi
359 3291 681 3364 quibusdam
710 3293 815 3348 viis
843 3301 1182 3365 praeparatur
1209 3293 1514 3367 animusad
1540 3292 1677 3350 alias
1703 3292 1961 3366 physicas
1998 3292 2173 3354 disci-

211 3375 369 3445 plinas.
393 3381 490 3438 Vel
518 3381 641 3437 ideo
665 3380 786 3438 haec
813 3381 956 3437 inter
984 3388 1216 3438 caeteras
1253 3381 1515 3439 scientias
1552 3386 1699 3440 artes
1736 3381 2013 3447 dicuntur,
2041 3381 2171 3462 quia

211 3478 291 3520 non
311 3467 472 3524 solum
494 3469 700 3525 habent
723 3469 1108 3540 cognitionem,
1135 3471 1229 3537 sed
1255 3485 1392 3542 opus
1420 3469 1662 3542 aliquod,
1686 3469 1946 3542 quodest
1972 3471 2174 3530 imme·-

211 3550 328 3609 diate
364 3557 530 3629 ipsius
553 3557 804 3625 rationis,
839 3564 898 3612 ut
927 3560 1409 3626 constructionem,
1436 3558 1829 3632 syllogismum,
1852 3566 1919 3616 ,ει
1948 3561 2172 3618 oratio«.

212 3654 310 3696 nem
346 3643 596 3714 formare²
631 3661 939 3716 numerare,
991 3661 1322 3716 mensurare,
1373 3647 1648 3704 melodias
1682 3647 1939 3714 formare,
1978 3661 2173 3704 cursus

211 3727 412 3788 siderum
443 3735 784 3806 computare,
809 3735 946 3792 A'liae
968 3750 1098 3792 vero
1127 3734 1372 3798 scientiae
1401 3736 1487 3792 vel
1518 3750 1631 3791 non.
1658 3735 1861 3791 habent
1886 3749 2043 3808 opuS‚
2072 3734 2172 3808 sed

211 3820 535 3886 cognitionem
561 3828 793 3891 tantum,
825 3825 968 3878 sicut
1009 3823 1240 3902 scientia
1278 3825 1465 3882 divina
1492 3833 1547 3892 et
1584 3822 1868 3890 naturalis,
1899 3823 2041 3896 unde
2066 3838 2173 3881 noe

214 3915 316 3961 men
333 3909 457 3966 artis
477 3909 680 3968 habere
705 3926 812 3968 non
840 3919 1088 3984 possunt,
1117 3926 1244 3970 cum
1282 3929 1374 3981 ars
1414 3912 1632 3970 dicatur.
1667 3912 1831 3984 ratio-3
1852 3910 2077 3986 factiva,
2110 3917 2173 3972 ut
