<?xml version="1.0" encoding="UTF-8"?>
<!DOCTYPE html PUBLIC "-//W3C//DTD XHTML 1.0 Transitional//EN"
    "http://www.w3.org/TR/xhtml1/DTD/xhtml1-transitional.dtd">
<html xmlns="http://www.w3.org/1999/xhtml" xml:lang="en" lang="en">
 <head>
  <title>
</title>
<meta http-equiv="Content-Type" content="text/html;charset=utf-8" />
  <meta name='ocr-system' content='tesseract 3.04.00' />
  <meta name='ocr-capabilities' content='ocr_page ocr_carea ocr_par ocr_line ocrx_word'/>
</head>
<body>
  <div class='ocr_page' id='page_1' title='image "./sthomaquinatisd00thomgoog_0125.png"; bbox 0 0 2800 4492; ppageno 0'>
   <div class='ocr_carea' id='block_1_1' title="bbox 710 315 2258 378">
    <p class='ocr_par' dir='ltr' id='par_1_1' title="bbox 710 315 2258 378">
     <span class='ocr_line' id='line_1_1' title="bbox 710 315 2258 378; baseline 0.003 -5"><span class='ocrx_word' id='word_1_1' title='bbox 710 327 802 373; x_wconf 79' lang='lat' dir='ltr'><strong>n.</strong></span> <span class='ocrx_word' id='word_1_2' title='bbox 832 342 914 357; x_wconf 93' lang='lat'>—</span> <span class='ocrx_word' id='word_1_3' title='bbox 939 327 1010 373; x_wconf 77' lang='lat' dir='ltr'><strong>m</strong></span> <span class='ocrx_word' id='word_1_4' title='bbox 1048 327 1318 374; x_wconf 75' lang='lat' dir='ltr'><strong>nou-mm</strong></span> <span class='ocrx_word' id='word_1_5' title='bbox 1355 329 1437 375; x_wconf 78' lang='lat' dir='ltr'><strong>nr.</strong></span> <span class='ocrx_word' id='word_1_6' title='bbox 1476 329 1805 376; x_wconf 69' lang='lat' dir='ltr'><strong>’ramum</strong></span> <span class='ocrx_word' id='word_1_7' title='bbox 2144 315 2258 378; x_wconf 90' lang='lat'><strong>111</strong></span> 
     </span>
    </p>
   </div>
   <div class='ocr_carea' id='block_1_2' title="bbox 195 439 2264 3977">
    <p class='ocr_par' dir='ltr' id='par_1_2' title="bbox 195 439 2264 3977">
     <span class='ocr_line' id='line_1_2' title="bbox 255 439 2264 518; baseline 0.002 -20"><span class='ocrx_word' id='word_1_8' title='bbox 255 447 353 498; x_wconf 86' lang='lat' dir='ltr'><strong>tur</strong></span> <span class='ocrx_word' id='word_1_9' title='bbox 385 439 623 499; x_wconf 78' lang='lat' dir='ltr'><strong>maxime</strong></span> <span class='ocrx_word' id='word_1_10' title='bbox 663 443 858 500; x_wconf 85' lang='lat' dir='ltr'><strong>modus</strong></span> <span class='ocrx_word' id='word_1_11' title='bbox 897 442 1148 512; x_wconf 87' lang='lat' dir='ltr'><strong>rationis,</strong></span> <span class='ocrx_word' id='word_1_12' title='bbox 1174 443 1255 501; x_wconf 88' lang='lat' dir='ltr'><strong>ita</strong></span> <span class='ocrx_word' id='word_1_13' title='bbox 1292 443 1740 502; x_wconf 77' lang='lat' dir='ltr'><strong>intellectualiter</strong></span> <span class='ocrx_word' id='word_1_14' title='bbox 1763 445 2060 518; x_wconf 80' lang='lat' dir='ltr'>procedere</span> <span class='ocrx_word' id='word_1_15' title='bbox 2096 446 2264 505; x_wconf 85' lang='lat' dir='ltr'><strong>attri-</strong></span> 
     </span>
     <span class='ocr_line' id='line_1_3' title="bbox 257 521 2263 606; baseline 0.003 -20"><span class='ocrx_word' id='word_1_16' title='bbox 257 529 450 587; x_wconf 81' lang='lat' dir='ltr'>buitur</span> <span class='ocrx_word' id='word_1_17' title='bbox 471 531 671 589; x_wconf 81' lang='lat' dir='ltr'><strong>divinae</strong></span> <span class='ocrx_word' id='word_1_18' title='bbox 693 532 958 600; x_wconf 83' lang='lat' dir='ltr'><strong>scientiae,</strong></span> <span class='ocrx_word' id='word_1_19' title='bbox 975 547 1042 589; x_wconf 90' lang='lat' dir='ltr'><strong>eo</strong></span> <span class='ocrx_word' id='word_1_20' title='bbox 1059 533 1205 606; x_wconf 89' lang='lat' dir='ltr'><strong>quod</strong></span> <span class='ocrx_word' id='word_1_21' title='bbox 1235 533 1292 589; x_wconf 91' lang='lat' dir='ltr'><strong>in</strong></span> <span class='ocrx_word' id='word_1_22' title='bbox 1314 533 1435 606; x_wconf 89' lang='lat' dir='ltr'><strong>ipsa</strong></span> <span class='ocrx_word' id='word_1_23' title='bbox 1457 532 1781 591; x_wconf 80' lang='lat' dir='ltr'><strong>observatur</strong></span> <span class='ocrx_word' id='word_1_24' title='bbox 1808 521 2043 592; x_wconf 85' lang='lat' dir='ltr'><strong>maxime</strong></span> <span class='ocrx_word' id='word_1_25' title='bbox 2068 536 2263 593; x_wconf 89' lang='lat' dir='ltr'><strong>modus</strong></span> 
     </span>
     <span class='ocr_line' id='line_1_4' title="bbox 255 617 2263 688; baseline 0.003 -14"><span class='ocrx_word' id='word_1_26' title='bbox 255 617 610 675; x_wconf 74' lang='lat' dir='ltr'><strong>intellectusz</strong></span> <span class='ocrx_word' id='word_1_27' title='bbox 641 617 1032 678; x_wconf 82' lang='lat' dir='ltr'><strong>differt-autem</strong></span> <span class='ocrx_word' id='word_1_28' title='bbox 1065 620 1208 678; x_wconf 88' lang='lat' dir='ltr'><strong>ratio</strong></span> <span class='ocrx_word' id='word_1_29' title='bbox 1235 619 1308 676; x_wconf 88' lang='lat' dir='ltr'><strong>ab</strong></span> <span class='ocrx_word' id='word_1_30' title='bbox 1343 618 1644 688; x_wconf 87' lang='lat' dir='ltr'><strong>intellectu,</strong></span> <span class='ocrx_word' id='word_1_31' title='bbox 1672 621 1815 678; x_wconf 86' lang='lat' dir='ltr'><strong>sicut</strong></span> <span class='ocrx_word' id='word_1_32' title='bbox 1856 622 2149 679; x_wconf 89' lang='lat' dir='ltr'><strong>multitudo</strong></span> <span class='ocrx_word' id='word_1_33' title='bbox 2192 623 2263 680; x_wconf 89' lang='lat' dir='ltr'><strong>ab</strong></span> 
     </span>
     <span class='ocr_line' id='line_1_5' title="bbox 251 705 2263 785; baseline 0.003 -23"><span class='ocrx_word' id='word_1_34' title='bbox 251 705 492 764; x_wconf 81' lang='lat' dir='ltr'><strong>unitate.</strong></span> <span class='ocrx_word' id='word_1_35' title='bbox 516 707 672 766; x_wconf 89' lang='lat' dir='ltr'><strong>Unde</strong></span> <span class='ocrx_word' id='word_1_36' title='bbox 693 707 831 769; x_wconf 83' lang='lat' dir='ltr'><strong>dicit</strong></span> <span class='ocrx_word' id='word_1_37' title='bbox 863 709 1018 765; x_wconf 89' lang='lat' dir='ltr'><strong>Boet.</strong></span> <span class='ocrx_word' id='word_1_38' title='bbox 1049 724 1112 766; x_wconf 74' lang='grc' dir='ltr'><strong>ιν</strong></span> <span class='ocrx_word' id='word_1_39' title='bbox 1141 709 1212 766; x_wconf 90' lang='lat' dir='ltr'><strong>de</strong></span> <span class='ocrx_word' id='word_1_40' title='bbox 1237 710 1489 767; x_wconf 89' lang='lat' dir='ltr'><strong>Consola.</strong></span> <span class='ocrx_word' id='word_1_41' title='bbox 1518 710 1665 785; x_wconf 89' lang='lat' dir='ltr'><strong>quod</strong></span> <span class='ocrx_word' id='word_1_42' title='bbox 1706 710 1959 767; x_wconf 89' lang='lat' dir='ltr'><strong>similiter</strong></span> <span class='ocrx_word' id='word_1_43' title='bbox 1999 727 2059 767; x_wconf 90' lang='lat' dir='ltr'><strong>se</strong></span> <span class='ocrx_word' id='word_1_44' title='bbox 2094 709 2263 768; x_wconf 85' lang='lat' dir='ltr'><strong>habet</strong></span> 
     </span>
     <span class='ocr_line' id='line_1_6' title="bbox 221 795 2260 870; baseline 0.004 -20"><span class='ocrx_word' id='word_1_45' title='bbox 221 811 226 816; x_wconf 84' lang='lat'><strong>·</strong></span> <span class='ocrx_word' id='word_1_46' title='bbox 257 795 402 852; x_wconf 84' lang='lat' dir='ltr'><strong>ratio</strong></span> <span class='ocrx_word' id='word_1_47' title='bbox 429 795 502 852; x_wconf 87' lang='lat' dir='ltr'><strong>ad</strong></span> <span class='ocrx_word' id='word_1_48' title='bbox 527 795 886 865; x_wconf 85' lang='lat' dir='ltr'><strong>intellectum,</strong></span> <span class='ocrx_word' id='word_1_49' title='bbox 918 797 1060 854; x_wconf 88' lang='lat' dir='ltr'><strong>sicut</strong></span> <span class='ocrx_word' id='word_1_50' title='bbox 1091 803 1307 870; x_wconf 87' lang='lat' dir='ltr'><strong>tempus</strong></span> <span class='ocrx_word' id='word_1_51' title='bbox 1335 799 1404 855; x_wconf 91' lang='lat' dir='ltr'><strong>ad</strong></span> <span class='ocrx_word' id='word_1_52' title='bbox 1433 798 1822 870; x_wconf 82' lang='lat' dir='ltr'><strong>aeternitatem,</strong></span> <span class='ocrx_word' id='word_1_53' title='bbox 1849 805 1906 857; x_wconf 90' lang='lat' dir='ltr'><strong>et</strong></span> <span class='ocrx_word' id='word_1_54' title='bbox 1929 799 2167 856; x_wconf 88' lang='lat' dir='ltr'><strong>circulus</strong></span> <span class='ocrx_word' id='word_1_55' title='bbox 2190 801 2260 858; x_wconf 88' lang='lat' dir='ltr'><strong>ad</strong></span> 
     </span>
     <span class='ocr_line' id='line_1_7' title="bbox 255 881 2260 959; baseline 0.003 -20"><span class='ocrx_word' id='word_1_56' title='bbox 255 889 528 940; x_wconf 86' lang='lat' dir='ltr'><strong>centrum.</strong></span> <span class='ocrx_word' id='word_1_57' title='bbox 555 883 656 940; x_wconf 87' lang='lat' dir='ltr'><strong>Est</strong></span> <span class='ocrx_word' id='word_1_58' title='bbox 681 883 828 941; x_wconf 88' lang='lat' dir='ltr'><strong>enim</strong></span> <span class='ocrx_word' id='word_1_59' title='bbox 861 885 1092 942; x_wconf 85' lang='lat' dir='ltr'><strong>rationis</strong></span> <span class='ocrx_word' id='word_1_60' title='bbox 1120 887 1399 959; x_wconf 85' lang='lat' dir='ltr'><strong>proprium</strong></span> <span class='ocrx_word' id='word_1_61' title='bbox 1424 887 1572 949; x_wconf 84' lang='lat' dir='ltr'><strong>circa</strong></span> <span class='ocrx_word' id='word_1_62' title='bbox 1608 881 1781 945; x_wconf 81' lang='lat' dir='ltr'><strong>multa</strong></span> <span class='ocrx_word' id='word_1_63' title='bbox 1826 887 2075 956; x_wconf 82' lang='lat' dir='ltr'><strong>diffundi,</strong></span> <span class='ocrx_word' id='word_1_64' title='bbox 2107 894 2163 944; x_wconf 90' lang='lat' dir='ltr'><strong>et</strong></span> <span class='ocrx_word' id='word_1_65' title='bbox 2192 904 2260 945; x_wconf 85' lang='lat' dir='ltr'><strong>ex</strong></span> 
     </span>
     <span class='ocr_line' id='line_1_8' title="bbox 195 971 2257 1050; baseline 0.003 -22"><span class='ocrx_word' id='word_1_66' title='bbox 195 996 210 1009; x_wconf 93' lang='lat'><em>·</em></span> <span class='ocrx_word' id='word_1_67' title='bbox 257 971 340 1028; x_wconf 89' lang='lat' dir='ltr'><strong>eis</strong></span> <span class='ocrx_word' id='word_1_68' title='bbox 365 987 532 1030; x_wconf 88' lang='lat' dir='ltr'><strong>unam</strong></span> <span class='ocrx_word' id='word_1_69' title='bbox 559 973 862 1046; x_wconf 82' lang='lat' dir='ltr'><strong>simplicem</strong></span> <span class='ocrx_word' id='word_1_70' title='bbox 889 974 1258 1046; x_wconf 81' lang='lat' dir='ltr'><strong>cognitionem</strong></span> <span class='ocrx_word' id='word_1_71' title='bbox 1289 975 1567 1048; x_wconf 79' lang='lat' dir='ltr'><strong>colligere.</strong></span> <span class='ocrx_word' id='word_1_72' title='bbox 1596 977 1752 1034; x_wconf 83' lang='lat' dir='ltr'><strong>Unde</strong></span> <span class='ocrx_word' id='word_1_73' title='bbox 1768 976 1915 1034; x_wconf 82' lang='lat' dir='ltr'><strong>dicit</strong></span> <span class='ocrx_word' id='word_1_74' title='bbox 1944 976 2142 1050; x_wconf 81' lang='lat' dir='ltr'><strong>Diony.</strong></span> <span class='ocrx_word' id='word_1_75' title='bbox 2170 991 2257 1034; x_wconf 83' lang='lat' dir='ltr'><strong>vn</strong></span> 
     </span>
     <span class='ocr_line' id='line_1_9' title="bbox 257 1057 2260 1137; baseline 0.002 -22"><span class='ocrx_word' id='word_1_76' title='bbox 257 1073 384 1131; x_wconf 90' lang='lat' dir='ltr'><strong>cap.</strong></span> <span class='ocrx_word' id='word_1_77' title='bbox 408 1058 477 1115; x_wconf 87' lang='lat' dir='ltr'><strong>de</strong></span> <span class='ocrx_word' id='word_1_78' title='bbox 503 1058 638 1117; x_wconf 86' lang='lat' dir='ltr'><strong>divi.</strong></span> <span class='ocrx_word' id='word_1_79' title='bbox 672 1060 832 1117; x_wconf 90' lang='lat' dir='ltr'><strong>Nom.</strong></span> <span class='ocrx_word' id='word_1_80' title='bbox 855 1061 1008 1134; x_wconf 85' lang='lat' dir='ltr'><strong>quod</strong></span> <span class='ocrx_word' id='word_1_81' title='bbox 1041 1057 1240 1119; x_wconf 85' lang='lat' dir='ltr'><strong>animae</strong></span> <span class='ocrx_word' id='word_1_82' title='bbox 1265 1062 1569 1120; x_wconf 88' lang='lat' dir='ltr'><strong>secundum</strong></span> <span class='ocrx_word' id='word_1_83' title='bbox 1596 1064 1741 1137; x_wconf 89' lang='lat' dir='ltr'><strong>quod</strong></span> <span class='ocrx_word' id='word_1_84' title='bbox 1780 1063 1981 1121; x_wconf 87' lang='lat' dir='ltr'><strong>habent</strong></span> <span class='ocrx_word' id='word_1_85' title='bbox 2011 1065 2260 1121; x_wconf 88' lang='lat' dir='ltr'><strong>rationa-</strong></span> 
     </span>
     <span class='ocr_line' id='line_1_10' title="bbox 257 1146 2263 1220; baseline 0.003 -17"><span class='ocrx_word' id='word_1_86' title='bbox 257 1146 527 1205; x_wconf 88' lang='lat' dir='ltr'><strong>bilitatem</strong></span> <span class='ocrx_word' id='word_1_87' title='bbox 562 1148 814 1206; x_wconf 82' lang='lat' dir='ltr'><strong>diffusive</strong></span> <span class='ocrx_word' id='word_1_88' title='bbox 849 1150 1182 1212; x_wconf 89' lang='lat' dir='ltr'><strong>circuierunt</strong></span> <span class='ocrx_word' id='word_1_89' title='bbox 1217 1152 1526 1220; x_wconf 83' lang='lat' dir='ltr'><strong>veritatem,</strong></span> <span class='ocrx_word' id='word_1_90' title='bbox 1560 1158 1617 1208; x_wconf 90' lang='lat' dir='ltr'><strong>et</strong></span> <span class='ocrx_word' id='word_1_91' title='bbox 1656 1153 1710 1208; x_wconf 90' lang='lat' dir='ltr'><strong>in</strong></span> <span class='ocrx_word' id='word_1_92' title='bbox 1746 1151 1851 1209; x_wconf 88' lang='lat' dir='ltr'><strong>hoc</strong></span> <span class='ocrx_word' id='word_1_93' title='bbox 1886 1152 2146 1212; x_wconf 83' lang='lat' dir='ltr'><strong>deficiunt</strong></span> <span class='ocrx_word' id='word_1_94' title='bbox 2193 1153 2263 1209; x_wconf 89' lang='lat' dir='ltr'><strong>ab</strong></span> 
     </span>
     <span class='ocr_line' id='line_1_11' title="bbox 254 1235 2256 1315; baseline 0.003 -23"><span class='ocrx_word' id='word_1_95' title='bbox 254 1235 524 1307; x_wconf 80' lang='lat' dir='ltr'><strong>Angelis:</strong></span> <span class='ocrx_word' id='word_1_96' title='bbox 558 1236 653 1293; x_wconf 89' lang='lat' dir='ltr'><strong>sed</strong></span> <span class='ocrx_word' id='word_1_97' title='bbox 693 1236 748 1292; x_wconf 89' lang='lat' dir='ltr'><strong>in</strong></span> <span class='ocrx_word' id='word_1_98' title='bbox 791 1244 1060 1312; x_wconf 85' lang='lat' dir='ltr'><strong>quantum</strong></span> <span class='ocrx_word' id='word_1_99' title='bbox 1099 1239 1429 1298; x_wconf 86' lang='lat' dir='ltr'><strong>convolvunt</strong></span> <span class='ocrx_word' id='word_1_100' title='bbox 1466 1241 1637 1298; x_wconf 89' lang='lat' dir='ltr'><strong>multa</strong></span> <span class='ocrx_word' id='word_1_101' title='bbox 1683 1241 1750 1298; x_wconf 90' lang='lat' dir='ltr'><strong>ad</strong></span> <span class='ocrx_word' id='word_1_102' title='bbox 1797 1257 1983 1310; x_wconf 88' lang='lat' dir='ltr'><strong>unum,</strong></span> <span class='ocrx_word' id='word_1_103' title='bbox 2017 1241 2256 1315; x_wconf 91' lang='lat' dir='ltr'><strong>quodam</strong></span> 
     </span>
     <span class='ocr_line' id='line_1_12' title="bbox 255 1325 2257 1404; baseline 0.002 -22"><span class='ocrx_word' id='word_1_104' title='bbox 255 1325 421 1382; x_wconf 85' lang='lat' dir='ltr'><strong>modo</strong></span> <span class='ocrx_word' id='word_1_105' title='bbox 455 1325 678 1398; x_wconf 81' lang='lat' dir='ltr'><strong>Angelis</strong></span> <span class='ocrx_word' id='word_1_106' title='bbox 715 1334 1026 1400; x_wconf 85' lang='lat' dir='ltr'><strong>aequantur.</strong></span> <span class='ocrx_word' id='word_1_107' title='bbox 1050 1327 1368 1397; x_wconf 72' lang='lat' dir='ltr'><strong>Intellectus</strong></span> <span class='ocrx_word' id='word_1_108' title='bbox 1408 1337 1593 1386; x_wconf 89' lang='lat' dir='ltr'><strong>autem</strong></span> <span class='ocrx_word' id='word_1_109' title='bbox 1620 1347 1649 1386; x_wconf 93' lang='lat' dir='ltr'><strong>e</strong></span> <span class='ocrx_word' id='word_1_110' title='bbox 1686 1345 1948 1388; x_wconf 86' lang='lat' dir='ltr'><strong>converso</strong></span> <span class='ocrx_word' id='word_1_111' title='bbox 1983 1345 2082 1403; x_wconf 86' lang='lat' dir='ltr'><strong>per</strong></span> <span class='ocrx_word' id='word_1_112' title='bbox 2104 1331 2257 1404; x_wconf 87' lang='lat' dir='ltr'><strong>prius</strong></span> 
     </span>
     <span class='ocr_line' id='line_1_13' title="bbox 255 1402 2259 1487; baseline 0.003 -18"><span class='ocrx_word' id='word_1_113' title='bbox 255 1428 423 1470; x_wconf 89' lang='lat' dir='ltr'><strong>unam</strong></span> <span class='ocrx_word' id='word_1_114' title='bbox 445 1421 502 1470; x_wconf 93' lang='lat' dir='ltr'><strong>et</strong></span> <span class='ocrx_word' id='word_1_115' title='bbox 525 1414 829 1486; x_wconf 81' lang='lat' dir='ltr'><strong>simplicem</strong></span> <span class='ocrx_word' id='word_1_116' title='bbox 855 1416 1148 1472; x_wconf 84' lang='lat' dir='ltr'><strong>veritatem</strong></span> <span class='ocrx_word' id='word_1_117' title='bbox 1193 1402 1609 1487; x_wconf 79' lang='lat' dir='ltr'><strong>considerat‚&#39;et</strong></span> <span class='ocrx_word' id='word_1_118' title='bbox 1650 1419 1706 1474; x_wconf 86' lang='lat' dir='ltr'><strong>in</strong></span> <span class='ocrx_word' id='word_1_119' title='bbox 1747 1419 1842 1476; x_wconf 89' lang='lat' dir='ltr'><strong>illa</strong></span> <span class='ocrx_word' id='word_1_120' title='bbox 1870 1420 2040 1475; x_wconf 90' lang='lat' dir='ltr'><strong>totius</strong></span> <span class='ocrx_word' id='word_1_121' title='bbox 2067 1419 2259 1475; x_wconf 89' lang='lat' dir='ltr'><strong>multi-</strong></span> 
     </span>
     <span class='ocr_line' id='line_1_14' title="bbox 255 1502 2257 1579; baseline 0.002 -21"><span class='ocrx_word' id='word_1_122' title='bbox 255 1502 465 1558; x_wconf 85' lang='lat' dir='ltr'><strong>tudinis</strong></span> <span class='ocrx_word' id='word_1_123' title='bbox 480 1503 846 1575; x_wconf 86' lang='lat' dir='ltr'><strong>cognitionem</strong></span> <span class='ocrx_word' id='word_1_124' title='bbox 861 1505 1032 1577; x_wconf 84' lang='lat' dir='ltr'><strong>capit,</strong></span> <span class='ocrx_word' id='word_1_125' title='bbox 1049 1505 1194 1562; x_wconf 87' lang='lat' dir='ltr'><strong>sicut</strong></span> <span class='ocrx_word' id='word_1_126' title='bbox 1212 1507 1379 1572; x_wconf 79' lang='lat' dir='ltr'><strong>DeuS,</strong></span> <span class='ocrx_word' id='word_1_127' title='bbox 1393 1505 1746 1579; x_wconf 88' lang='lat' dir='ltr'><strong>intelligendo</strong></span> <span class='ocrx_word' id='word_1_128' title='bbox 1765 1523 1919 1563; x_wconf 88' lang='lat' dir='ltr'><strong>suam</strong></span> <span class='ocrx_word' id='word_1_129' title='bbox 1942 1508 2257 1577; x_wconf 85' lang='lat' dir='ltr'><strong>essentiam,</strong></span> 
     </span>
     <span class='ocr_line' id='line_1_15' title="bbox 253 1591 2256 1669; baseline 0.001 -22"><span class='ocrx_word' id='word_1_130' title='bbox 253 1591 440 1648; x_wconf 88' lang='lat' dir='ltr'><strong>omnia</strong></span> <span class='ocrx_word' id='word_1_131' title='bbox 485 1592 786 1663; x_wconf 84' lang='lat' dir='ltr'><strong>cognoscit.</strong></span> <span class='ocrx_word' id='word_1_132' title='bbox 822 1592 978 1649; x_wconf 88' lang='lat' dir='ltr'><strong>Unde</strong></span> <span class='ocrx_word' id='word_1_133' title='bbox 1015 1593 1244 1666; x_wconf 80' lang='lat' dir='ltr'><strong>Dionys.</strong></span> <span class='ocrx_word' id='word_1_134' title='bbox 1293 1595 1430 1651; x_wconf 89' lang='lat' dir='ltr'><strong>dicit</strong></span> <span class='ocrx_word' id='word_1_135' title='bbox 1467 1595 1688 1663; x_wconf 87' lang='lat' dir='ltr'><strong>ibidem,</strong></span> <span class='ocrx_word' id='word_1_136' title='bbox 1734 1596 1879 1669; x_wconf 91' lang='lat' dir='ltr'><strong>quod</strong></span> <span class='ocrx_word' id='word_1_137' title='bbox 1926 1597 2256 1668; x_wconf 81' lang='lat' dir='ltr'><strong>Angelorum</strong></span> 
     </span>
     <span class='ocr_line' id='line_1_16' title="bbox 253 1672 2259 1756; baseline 0.002 -22"><span class='ocrx_word' id='word_1_138' title='bbox 253 1686 468 1736; x_wconf 88' lang='lat' dir='ltr'><strong>mentes</strong></span> <span class='ocrx_word' id='word_1_139' title='bbox 503 1678 704 1735; x_wconf 87' lang='lat' dir='ltr'><strong>habent</strong></span> <span class='ocrx_word' id='word_1_140' title='bbox 733 1680 1279 1750; x_wconf 82' lang='lat' dir='ltr'><strong>intellectualitatem,</strong></span> <span class='ocrx_word' id='word_1_141' title='bbox 1309 1683 1364 1738; x_wconf 90' lang='lat' dir='ltr'><strong>in</strong></span> <span class='ocrx_word' id='word_1_142' title='bbox 1403 1672 1669 1756; x_wconf 81' lang='lat' dir='ltr'><strong>quantum</strong></span> <span class='ocrx_word' id='word_1_143' title='bbox 1708 1684 2052 1740; x_wconf 82' lang='lat' dir='ltr'><strong>uniformiter</strong></span> <span class='ocrx_word' id='word_1_144' title='bbox 2088 1685 2259 1741; x_wconf 86' lang='lat' dir='ltr'><strong>intel·-</strong></span> 
     </span>
     <span class='ocr_line' id='line_1_17' title="bbox 253 1765 2255 1847; baseline 0.003 -25"><span class='ocrx_word' id='word_1_145' title='bbox 253 1765 484 1838; x_wconf 87' lang='lat' dir='ltr'><strong>ligibilia</strong></span> <span class='ocrx_word' id='word_1_146' title='bbox 532 1767 844 1824; x_wconf 87' lang='lat' dir='ltr'><strong>divinorum</strong></span> <span class='ocrx_word' id='word_1_147' title='bbox 887 1768 1217 1841; x_wconf 87' lang='lat' dir='ltr'><strong>intelligunt.</strong></span> <span class='ocrx_word' id='word_1_148' title='bbox 1257 1769 1348 1826; x_wconf 88' lang='lat' dir='ltr'><strong>Sic</strong></span> <span class='ocrx_word' id='word_1_149' title='bbox 1386 1771 1555 1842; x_wconf 85' lang='lat' dir='ltr'><strong>igitur</strong></span> <span class='ocrx_word' id='word_1_150' title='bbox 1592 1777 1746 1845; x_wconf 86' lang='lat' dir='ltr'><strong>patet</strong></span> <span class='ocrx_word' id='word_1_151' title='bbox 1784 1773 1929 1847; x_wconf 89' lang='lat' dir='ltr'><strong>quod</strong></span> <span class='ocrx_word' id='word_1_152' title='bbox 1969 1772 2255 1828; x_wconf 88' lang='lat' dir='ltr'><strong>rationalis</strong></span> 
     </span>
     <span class='ocr_line' id='line_1_18' title="bbox 251 1855 2257 1919; baseline 0.002 -7"><span class='ocrx_word' id='word_1_153' title='bbox 251 1855 622 1913; x_wconf 79' lang='lat' dir='ltr'><strong>consideratio</strong></span> <span class='ocrx_word' id='word_1_154' title='bbox 650 1855 718 1913; x_wconf 89' lang='lat' dir='ltr'><strong>ad</strong></span> <span class='ocrx_word' id='word_1_155' title='bbox 753 1855 1182 1914; x_wconf 83' lang='lat' dir='ltr'><strong>intellectualem</strong></span> <span class='ocrx_word' id='word_1_156' title='bbox 1212 1859 1537 1916; x_wconf 89' lang='lat' dir='ltr'><strong>terminatur</strong></span> <span class='ocrx_word' id='word_1_157' title='bbox 1558 1861 1873 1919; x_wconf 76' lang='lat' dir='ltr'><strong>secundum</strong></span> <span class='ocrx_word' id='word_1_158' title='bbox 1914 1860 2058 1916; x_wconf 85' lang='lat' dir='ltr'><strong>viam</strong></span> <span class='ocrx_word' id='word_1_159' title='bbox 2101 1876 2257 1916; x_wconf 87' lang='lat' dir='ltr'><strong>reso-</strong></span> 
     </span>
     <span class='ocr_line' id='line_1_19' title="bbox 201 1946 2255 2022; baseline 0.002 -22"><span class='ocrx_word' id='word_1_160' title='bbox 201 2002 206 2006; x_wconf 68' lang='lat'><strong>,</strong></span> <span class='ocrx_word' id='word_1_161' title='bbox 250 1946 499 2013; x_wconf 78' lang='lat' dir='ltr'><strong>lotionis,</strong></span> <span class='ocrx_word' id='word_1_162' title='bbox 528 1946 586 2002; x_wconf 90' lang='lat' dir='ltr'><strong>in</strong></span> <span class='ocrx_word' id='word_1_163' title='bbox 613 1954 879 2018; x_wconf 88' lang='lat' dir='ltr'><strong>quantum</strong></span> <span class='ocrx_word' id='word_1_164' title='bbox 911 1963 978 2003; x_wconf 85' lang='lat' dir='ltr'><strong>ex</strong></span> <span class='ocrx_word' id='word_1_165' title='bbox 1017 1949 1202 2005; x_wconf 89' lang='lat' dir='ltr'><strong>multis</strong></span> <span class='ocrx_word' id='word_1_166' title='bbox 1230 1949 1372 2006; x_wconf 89' lang='lat' dir='ltr'><strong>ratio</strong></span> <span class='ocrx_word' id='word_1_167' title='bbox 1400 1949 1611 2021; x_wconf 87' lang='lat' dir='ltr'><strong>colligit</strong></span> <span class='ocrx_word' id='word_1_168' title='bbox 1650 1965 1814 2006; x_wconf 88' lang='lat' dir='ltr'><strong>unam</strong></span> <span class='ocrx_word' id='word_1_169' title='bbox 1854 1955 1909 2022; x_wconf 86' lang='lat' dir='ltr'><strong>et</strong></span> <span class='ocrx_word' id='word_1_170' title='bbox 1951 1950 2255 2022; x_wconf 79' lang='lat' dir='ltr'><strong>simplicem</strong></span> 
     </span>
     <span class='ocr_line' id='line_1_20' title="bbox 248 2034 2253 2112; baseline 0.001 -20"><span class='ocrx_word' id='word_1_171' title='bbox 248 2034 566 2092; x_wconf 82' lang='lat' dir='ltr'><strong>veritatem.</strong></span> <span class='ocrx_word' id='word_1_172' title='bbox 593 2034 662 2090; x_wconf 84' lang='lat' dir='ltr'><strong>Et</strong></span> <span class='ocrx_word' id='word_1_173' title='bbox 693 2050 930 2102; x_wconf 88' lang='lat' dir='ltr'><strong>rursum,</strong></span> <span class='ocrx_word' id='word_1_174' title='bbox 962 2037 1348 2094; x_wconf 87' lang='lat' dir='ltr'><strong>intellectualis</strong></span> <span class='ocrx_word' id='word_1_175' title='bbox 1389 2039 1756 2095; x_wconf 85' lang='lat' dir='ltr'><strong>consideratio</strong></span> <span class='ocrx_word' id='word_1_176' title='bbox 1796 2045 1880 2094; x_wconf 90' lang='lat' dir='ltr'><strong>est</strong></span> <span class='ocrx_word' id='word_1_177' title='bbox 1924 2039 2253 2112; x_wconf 82' lang='lat' dir='ltr'><strong>principium</strong></span> 
     </span>
     <span class='ocr_line' id='line_1_21' title="bbox 247 2123 2258 2199; baseline 0 -18"><span class='ocrx_word' id='word_1_178' title='bbox 247 2123 538 2182; x_wconf 87' lang='lat' dir='ltr'><strong>rationalis</strong></span> <span class='ocrx_word' id='word_1_179' title='bbox 559 2126 858 2181; x_wconf 87' lang='lat' dir='ltr'><strong>secundum</strong></span> <span class='ocrx_word' id='word_1_180' title='bbox 885 2125 1030 2182; x_wconf 90' lang='lat' dir='ltr'><strong>viam</strong></span> <span class='ocrx_word' id='word_1_181' title='bbox 1058 2126 1487 2199; x_wconf 78' lang='lat' dir='ltr'><strong>compositioniS,</strong></span> <span class='ocrx_word' id='word_1_182' title='bbox 1518 2136 1574 2184; x_wconf 88' lang='lat' dir='ltr'><strong>et</strong></span> <span class='ocrx_word' id='word_1_183' title='bbox 1612 2128 1960 2194; x_wconf 89' lang='lat' dir='ltr'><strong>inventionis,</strong></span> <span class='ocrx_word' id='word_1_184' title='bbox 1988 2129 2043 2182; x_wconf 90' lang='lat' dir='ltr'><strong>in</strong></span> <span class='ocrx_word' id='word_1_185' title='bbox 2077 2143 2258 2199; x_wconf 84' lang='lat' dir='ltr'><strong>quan-</strong></span> 
     </span>
     <span class='ocr_line' id='line_1_22' title="bbox 249 2212 2257 2290; baseline 0.002 -22"><span class='ocrx_word' id='word_1_186' title='bbox 249 2219 373 2268; x_wconf 85' lang='lat' dir='ltr'><strong>tum</strong></span> <span class='ocrx_word' id='word_1_187' title='bbox 401 2212 710 2270; x_wconf 88' lang='lat' dir='ltr'><strong>intellectus</strong></span> <span class='ocrx_word' id='word_1_188' title='bbox 746 2213 802 2270; x_wconf 90' lang='lat' dir='ltr'><strong>in</strong></span> <span class='ocrx_word' id='word_1_189' title='bbox 840 2230 948 2271; x_wconf 88' lang='lat' dir='ltr'><strong>uno</strong></span> <span class='ocrx_word' id='word_1_190' title='bbox 975 2213 1147 2271; x_wconf 89' lang='lat' dir='ltr'><strong>multa</strong></span> <span class='ocrx_word' id='word_1_191' title='bbox 1189 2215 1619 2289; x_wconf 83' lang='lat' dir='ltr'><strong>comprehendit.</strong></span> <span class='ocrx_word' id='word_1_192' title='bbox 1650 2216 1748 2273; x_wconf 88' lang='lat' dir='ltr'><strong>Illa</strong></span> <span class='ocrx_word' id='word_1_193' title='bbox 1790 2217 1958 2290; x_wconf 85' lang='lat' dir='ltr'><strong>igitur</strong></span> <span class='ocrx_word' id='word_1_194' title='bbox 2000 2215 2257 2272; x_wconf 89' lang='lat' dir='ltr'><strong>conside-</strong></span> 
     </span>
     <span class='ocr_line' id='line_1_23' title="bbox 245 2303 2257 2374; baseline 0 -14"><span class='ocrx_word' id='word_1_195' title='bbox 245 2303 416 2366; x_wconf 86' lang='lat' dir='ltr'><strong>rati0,</strong></span> <span class='ocrx_word' id='word_1_196' title='bbox 449 2317 572 2374; x_wconf 87' lang='lat' dir='ltr'><strong>quae</strong></span> <span class='ocrx_word' id='word_1_197' title='bbox 610 2306 696 2357; x_wconf 87' lang='lat' dir='ltr'><strong>est</strong></span> <span class='ocrx_word' id='word_1_198' title='bbox 741 2303 1002 2359; x_wconf 89' lang='lat' dir='ltr'><strong>terminus</strong></span> <span class='ocrx_word' id='word_1_199' title='bbox 1038 2304 1207 2361; x_wconf 86' lang='lat' dir='ltr'><strong>totius</strong></span> <span class='ocrx_word' id='word_1_200' title='bbox 1245 2305 1501 2361; x_wconf 85' lang='lat' dir='ltr'><strong>humanae</strong></span> <span class='ocrx_word' id='word_1_201' title='bbox 1537 2305 1990 2372; x_wconf 81' lang='lat' dir='ltr'><strong>ratiocinationis,</strong></span> <span class='ocrx_word' id='word_1_202' title='bbox 2020 2306 2257 2362; x_wconf 87' lang='lat' dir='ltr'><strong>maxime</strong></span> 
     </span>
     <span class='ocr_line' id='line_1_24' title="bbox 249 2391 2255 2461; baseline 0 -14"><span class='ocrx_word' id='word_1_203' title='bbox 249 2401 342 2448; x_wconf 86' lang='lat' dir='ltr'><strong>est</strong></span> <span class='ocrx_word' id='word_1_204' title='bbox 378 2391 761 2453; x_wconf 85' lang='lat' dir='ltr'><strong>intellectualis</strong></span> <span class='ocrx_word' id='word_1_205' title='bbox 804 2392 1168 2449; x_wconf 82' lang='lat' dir='ltr'><strong>consideratio</strong></span> <span class='ocrx_word' id='word_1_206' title='bbox 1200 2410 1214 2447; x_wconf 73' lang='grc' dir='ltr'>ι</span> <span class='ocrx_word' id='word_1_207' title='bbox 1243 2399 1378 2450; x_wconf 86' lang='lat' dir='ltr'><strong>tota·</strong></span> <span class='ocrx_word' id='word_1_208' title='bbox 1406 2400 1591 2449; x_wconf 89' lang='lat' dir='ltr'><strong>autem</strong></span> <span class='ocrx_word' id='word_1_209' title='bbox 1624 2395 1851 2461; x_wconf 77' lang='lat' dir='ltr'><strong>rationis</strong></span> <span class='ocrx_word' id='word_1_210' title='bbox 1888 2394 2255 2450; x_wconf 85' lang='lat' dir='ltr'><strong>consideratio</strong></span> 
     </span>
     <span class='ocr_line' id='line_1_25' title="bbox 247 2471 2255 2550; baseline 0 -16"><span class='ocrx_word' id='word_1_211' title='bbox 247 2477 578 2534; x_wconf 80' lang='lat' dir='ltr'><strong>resolveritis</strong></span> <span class='ocrx_word' id='word_1_212' title='bbox 603 2479 656 2534; x_wconf 90' lang='lat' dir='ltr'><strong>in</strong></span> <span class='ocrx_word' id='word_1_213' title='bbox 686 2479 936 2534; x_wconf 87' lang='lat' dir='ltr'><strong>omnibus</strong></span> <span class='ocrx_word' id='word_1_214' title='bbox 957 2479 1222 2546; x_wconf 85' lang='lat' dir='ltr'><strong>scientiis,</strong></span> <span class='ocrx_word' id='word_1_215' title='bbox 1255 2480 1322 2536; x_wconf 91' lang='lat' dir='ltr'><strong>ad</strong></span> <span class='ocrx_word' id='word_1_216' title='bbox 1349 2480 1739 2550; x_wconf 85' lang='lat' dir='ltr'><strong>cogitationem</strong></span> <span class='ocrx_word' id='word_1_217' title='bbox 1767 2471 1970 2535; x_wconf 61' lang='lat' dir='ltr'><strong>divin‘ae</strong></span> <span class='ocrx_word' id='word_1_218' title='bbox 2009 2481 2255 2535; x_wconf 74' lang='lat' dir='ltr'><strong>scientiae</strong></span> 
     </span>
     <span class='ocr_line' id='line_1_26' title="bbox 249 2567 2253 2640; baseline -0.001 -16"><span class='ocrx_word' id='word_1_219' title='bbox 249 2567 600 2624; x_wconf 83' lang='lat' dir='ltr'><strong>terminatur.</strong></span> <span class='ocrx_word' id='word_1_220' title='bbox 623 2567 960 2640; x_wconf 82' lang='lat' dir='ltr'><strong>Quandoque</strong></span> <span class='ocrx_word' id='word_1_221' title='bbox 989 2569 1134 2623; x_wconf 90' lang='lat' dir='ltr'><strong>enim</strong></span> <span class='ocrx_word' id='word_1_222' title='bbox 1162 2568 1322 2634; x_wconf 90' lang='lat' dir='ltr'><strong>rati0‚</strong></span> <span class='ocrx_word' id='word_1_223' title='bbox 1348 2576 1407 2623; x_wconf 90' lang='lat' dir='ltr'><strong>ut</strong></span> <span class='ocrx_word' id='word_1_224' title='bbox 1436 2567 1585 2640; x_wconf 89' lang='lat' dir='ltr'><strong>prius</strong></span> <span class='ocrx_word' id='word_1_225' title='bbox 1618 2575 1703 2624; x_wconf 92' lang='lat' dir='ltr'><strong>est</strong></span> <span class='ocrx_word' id='word_1_226' title='bbox 1744 2568 1971 2633; x_wconf 83' lang='lat' dir='ltr'><strong>dictum,</strong></span> <span class='ocrx_word' id='word_1_227' title='bbox 2005 2567 2253 2640; x_wconf 89' lang='lat' dir='ltr'><strong>procedit</strong></span> 
     </span>
     <span class='ocr_line' id='line_1_27' title="bbox 249 2655 2255 2728; baseline -0 -17"><span class='ocrx_word' id='word_1_228' title='bbox 249 2656 322 2711; x_wconf 89' lang='lat' dir='ltr'><strong>de</strong></span> <span class='ocrx_word' id='word_1_229' title='bbox 353 2671 460 2711; x_wconf 90' lang='lat' dir='ltr'><strong>uno</strong></span> <span class='ocrx_word' id='word_1_230' title='bbox 482 2656 542 2711; x_wconf 88' lang='lat' dir='ltr'><strong>in</strong></span> <span class='ocrx_word' id='word_1_231' title='bbox 567 2655 714 2713; x_wconf 89' lang='lat' dir='ltr'><strong>aliud</strong></span> <span class='ocrx_word' id='word_1_232' title='bbox 749 2656 1049 2713; x_wconf 87' lang='lat' dir='ltr'><strong>secundum</strong></span> <span class='ocrx_word' id='word_1_233' title='bbox 1078 2673 1212 2723; x_wconf 89' lang='lat' dir='ltr'><strong>rem,</strong></span> <span class='ocrx_word' id='word_1_234' title='bbox 1246 2663 1307 2711; x_wconf 90' lang='lat' dir='ltr'><strong>ut</strong></span> <span class='ocrx_word' id='word_1_235' title='bbox 1338 2655 1558 2728; x_wconf 89' lang='lat' dir='ltr'><strong>quando</strong></span> <span class='ocrx_word' id='word_1_236' title='bbox 1604 2663 1687 2712; x_wconf 89' lang='lat' dir='ltr'><strong>est</strong></span> <span class='ocrx_word' id='word_1_237' title='bbox 1724 2656 2119 2712; x_wconf 85' lang='lat' dir='ltr'><strong>demonstratio</strong></span> <span class='ocrx_word' id='word_1_238' title='bbox 2159 2671 2255 2728; x_wconf 90' lang='lat' dir='ltr'><strong>per</strong></span> 
     </span>
     <span class='ocr_line' id='line_1_28' title="bbox 249 2745 2254 2819; baseline 0 -17"><span class='ocrx_word' id='word_1_239' title='bbox 249 2760 469 2813; x_wconf 75' lang='lat' dir='ltr'><strong>causaS,</strong></span> <span class='ocrx_word' id='word_1_240' title='bbox 494 2745 581 2802; x_wconf 85' lang='lat' dir='ltr'><strong>vel</strong></span> <span class='ocrx_word' id='word_1_241' title='bbox 611 2762 708 2816; x_wconf 87' lang='lat' dir='ltr'><strong>per</strong></span> <span class='ocrx_word' id='word_1_242' title='bbox 737 2747 962 2802; x_wconf 83' lang='lat' dir='ltr'><strong>effectus</strong></span> <span class='ocrx_word' id='word_1_243' title='bbox 1003 2747 1357 2812; x_wconf 76' lang='lat' dir='ltr'><strong>extrin‘sec0S‚</strong></span> <span class='ocrx_word' id='word_1_244' title='bbox 1385 2746 1759 2819; x_wconf 87' lang='lat' dir='ltr'><strong>componendo</strong></span> <span class='ocrx_word' id='word_1_245' title='bbox 1796 2745 2018 2819; x_wconf 88' lang='lat' dir='ltr'><strong>quidem</strong></span> <span class='ocrx_word' id='word_1_246' title='bbox 2059 2760 2254 2816; x_wconf 86' lang='lat' dir='ltr'><strong>prece-</strong></span> 
     </span>
     <span class='ocr_line' id='line_1_29' title="bbox 249 2834 2253 2908; baseline -0 -16"><span class='ocrx_word' id='word_1_247' title='bbox 249 2834 404 2892; x_wconf 83' lang='lat' dir='ltr'><strong>ditur</strong></span> <span class='ocrx_word' id='word_1_248' title='bbox 439 2851 474 2892; x_wconf 87' lang='lat' dir='ltr'><strong>a</strong></span> <span class='ocrx_word' id='word_1_249' title='bbox 500 2835 682 2891; x_wconf 83' lang='lat' dir='ltr'><strong>causis</strong></span> <span class='ocrx_word' id='word_1_250' title='bbox 724 2835 794 2891; x_wconf 91' lang='lat' dir='ltr'><strong>ad</strong></span> <span class='ocrx_word' id='word_1_251' title='bbox 837 2835 1088 2890; x_wconf 84' lang='lat' dir='ltr'><strong>effectum</strong></span> <span class='ocrx_word' id='word_1_252' title='bbox 1125 2835 1282 2908; x_wconf 88' lang='lat' dir='ltr'><strong>quasi</strong></span> <span class='ocrx_word' id='word_1_253' title='bbox 1317 2834 1657 2904; x_wconf 86' lang='lat' dir='ltr'><strong>resolvendo,</strong></span> <span class='ocrx_word' id='word_1_254' title='bbox 1687 2849 1811 2891; x_wconf 90' lang='lat' dir='ltr'><strong>cum</strong></span> <span class='ocrx_word' id='word_1_255' title='bbox 1841 2835 2155 2908; x_wconf 83' lang='lat' dir='ltr'><strong>proceditur</strong></span> <span class='ocrx_word' id='word_1_256' title='bbox 2184 2834 2253 2891; x_wconf 89' lang='lat' dir='ltr'><strong>ab</strong></span> 
     </span>
     <span class='ocr_line' id='line_1_30' title="bbox 250 2921 2249 3004; baseline 0 -24"><span class='ocrx_word' id='word_1_257' title='bbox 250 2921 536 2980; x_wconf 79' lang='lat' dir='ltr'><strong>effectibus</strong></span> <span class='ocrx_word' id='word_1_258' title='bbox 557 2923 629 2979; x_wconf 90' lang='lat' dir='ltr'><strong>ad</strong></span> <span class='ocrx_word' id='word_1_259' title='bbox 657 2938 871 2990; x_wconf 74' lang='lat' dir='ltr'><strong>causae,</strong></span> <span class='ocrx_word' id='word_1_260' title='bbox 901 2937 966 2979; x_wconf 90' lang='lat' dir='ltr'><strong>eo</strong></span> <span class='ocrx_word' id='word_1_261' title='bbox 993 2923 1138 2995; x_wconf 90' lang='lat' dir='ltr'><strong>quod</strong></span> <span class='ocrx_word' id='word_1_262' title='bbox 1164 2939 1346 3004; x_wconf 68' lang='lat' dir='ltr'><strong>causae</strong></span> <span class='ocrx_word' id='word_1_263' title='bbox 1380 2929 1508 2979; x_wconf 89' lang='lat' dir='ltr'><strong>sunt</strong></span> <span class='ocrx_word' id='word_1_264' title='bbox 1549 2923 1833 2980; x_wconf 82' lang='lat' dir='ltr'><strong>effectibus</strong></span> <span class='ocrx_word' id='word_1_265' title='bbox 1870 2923 2249 2998; x_wconf 87' lang='lat' dir='ltr'><strong>simpliciores,</strong></span> 
     </span>
     <span class='ocr_line' id='line_1_31' title="bbox 251 3011 2253 3086; baseline 0.001 -18"><span class='ocrx_word' id='word_1_266' title='bbox 251 3019 308 3069; x_wconf 86' lang='lat' dir='ltr'><strong>et</strong></span> <span class='ocrx_word' id='word_1_267' title='bbox 333 3013 508 3084; x_wconf 88' lang='lat' dir='ltr'><strong>magis</strong></span> <span class='ocrx_word' id='word_1_268' title='bbox 535 3011 886 3069; x_wconf 87' lang='lat' dir='ltr'><strong>immobiliter</strong></span> <span class='ocrx_word' id='word_1_269' title='bbox 913 3019 968 3069; x_wconf 90' lang='lat' dir='ltr'><strong>et</strong></span> <span class='ocrx_word' id='word_1_270' title='bbox 995 3011 1339 3068; x_wconf 84' lang='lat' dir='ltr'><strong>uniformiter</strong></span> <span class='ocrx_word' id='word_1_271' title='bbox 1367 3019 1766 3086; x_wconf 75' lang='lat' dir='ltr'><strong>permanenteS,</strong></span> <span class='ocrx_word' id='word_1_272' title='bbox 1800 3012 2119 3069; x_wconf 86' lang='lat' dir='ltr'><strong>resolvendo</strong></span> <span class='ocrx_word' id='word_1_273' title='bbox 2149 3029 2253 3070; x_wconf 90' lang='lat' dir='ltr'><strong>au-</strong></span> 
     </span>
     <span class='ocr_line' id='line_1_32' title="bbox 251 3100 2253 3177; baseline 0 -19"><span class='ocrx_word' id='word_1_274' title='bbox 251 3108 368 3158; x_wconf 85' lang='lat' dir='ltr'><strong>tem</strong></span> <span class='ocrx_word' id='word_1_275' title='bbox 396 3102 614 3177; x_wconf 88' lang='lat' dir='ltr'><strong>quando</strong></span> <span class='ocrx_word' id='word_1_276' title='bbox 639 3118 670 3158; x_wconf 92' lang='lat' dir='ltr'><strong>e</strong></span> <span class='ocrx_word' id='word_1_277' title='bbox 707 3116 989 3159; x_wconf 86' lang='lat' dir='ltr'><strong>converso.</strong></span> <span class='ocrx_word' id='word_1_278' title='bbox 1017 3101 1251 3158; x_wconf 88' lang='lat' dir='ltr'><strong>Ultimus</strong></span> <span class='ocrx_word' id='word_1_279' title='bbox 1295 3101 1465 3172; x_wconf 84' lang='lat' dir='ltr'><strong>igitur</strong></span> <span class='ocrx_word' id='word_1_280' title='bbox 1504 3101 1771 3159; x_wconf 86' lang='lat' dir='ltr'><strong>terminus</strong></span> <span class='ocrx_word' id='word_1_281' title='bbox 1815 3100 2163 3157; x_wconf 88' lang='lat' dir='ltr'><strong>resolutionis</strong></span> <span class='ocrx_word' id='word_1_282' title='bbox 2196 3103 2253 3158; x_wconf 87' lang='lat' dir='ltr'><strong>in</strong></span> 
     </span>
     <span class='ocr_line' id='line_1_33' title="bbox 252 3188 2245 3263; baseline 0 -15"><span class='ocrx_word' id='word_1_283' title='bbox 252 3192 360 3250; x_wconf 89' lang='lat' dir='ltr'><strong>hac</strong></span> <span class='ocrx_word' id='word_1_284' title='bbox 379 3192 473 3248; x_wconf 82' lang='lat' dir='ltr'><strong>via</strong></span> <span class='ocrx_word' id='word_1_285' title='bbox 495 3196 579 3248; x_wconf 89' lang='lat' dir='ltr'><strong>est</strong></span> <span class='ocrx_word' id='word_1_286' title='bbox 605 3205 729 3247; x_wconf 90' lang='lat' dir='ltr'><strong>cum</strong></span> <span class='ocrx_word' id='word_1_287' title='bbox 749 3191 1064 3263; x_wconf 88' lang='lat' dir='ltr'><strong>pervenitur</strong></span> <span class='ocrx_word' id='word_1_288' title='bbox 1081 3190 1149 3246; x_wconf 91' lang='lat' dir='ltr'><strong>ad</strong></span> <span class='ocrx_word' id='word_1_289' title='bbox 1168 3204 1670 3261; x_wconf 44' lang='lat' dir='ltr'><strong>causas‘supremas</strong></span> <span class='ocrx_word' id='word_1_290' title='bbox 1698 3189 1933 3246; x_wconf 86' lang='lat' dir='ltr'><strong>maxime</strong></span> <span class='ocrx_word' id='word_1_291' title='bbox 1951 3188 2245 3261; x_wconf 77' lang='lat' dir='ltr'><strong>simpliceS,</strong></span> 
     </span>
     <span class='ocr_line' id='line_1_34' title="bbox 251 3277 2253 3354; baseline -0 -18"><span class='ocrx_word' id='word_1_292' title='bbox 251 3296 380 3354; x_wconf 85' lang='lat' dir='ltr'><strong>quae</strong></span> <span class='ocrx_word' id='word_1_293' title='bbox 413 3285 542 3334; x_wconf 88' lang='lat' dir='ltr'><strong>sunt</strong></span> <span class='ocrx_word' id='word_1_294' title='bbox 582 3277 904 3335; x_wconf 73' lang='lat' dir='ltr'><strong>substantiae</strong></span> <span class='ocrx_word' id='word_1_295' title='bbox 947 3283 1237 3350; x_wconf 86' lang='lat' dir='ltr'><strong>separatae.</strong></span> <span class='ocrx_word' id='word_1_296' title='bbox 1283 3277 1622 3350; x_wconf 87' lang='lat' dir='ltr'><strong>Quandoque</strong></span> <span class='ocrx_word' id='word_1_297' title='bbox 1660 3293 1787 3334; x_wconf 88' lang='lat' dir='ltr'><strong>vero</strong></span> <span class='ocrx_word' id='word_1_298' title='bbox 1827 3277 2144 3351; x_wconf 84' lang='lat' dir='ltr'><strong>proceditur</strong></span> <span class='ocrx_word' id='word_1_299' title='bbox 2178 3277 2253 3335; x_wconf 89' lang='lat' dir='ltr'><strong>de</strong></span> 
     </span>
     <span class='ocr_line' id='line_1_35' title="bbox 251 3365 2253 3440; baseline -0.001 -16"><span class='ocrx_word' id='word_1_300' title='bbox 251 3385 360 3424; x_wconf 87' lang='lat' dir='ltr'><strong>uno</strong></span> <span class='ocrx_word' id='word_1_301' title='bbox 392 3369 444 3422; x_wconf 91' lang='lat' dir='ltr'><strong>in</strong></span> <span class='ocrx_word' id='word_1_302' title='bbox 476 3367 620 3423; x_wconf 89' lang='lat' dir='ltr'><strong>aliud</strong></span> <span class='ocrx_word' id='word_1_303' title='bbox 641 3365 940 3424; x_wconf 88' lang='lat' dir='ltr'><strong>secundum</strong></span> <span class='ocrx_word' id='word_1_304' title='bbox 964 3368 1254 3434; x_wconf 87' lang='lat' dir='ltr'><strong>rationem,</strong></span> <span class='ocrx_word' id='word_1_305' title='bbox 1280 3374 1342 3422; x_wconf 91' lang='lat' dir='ltr'><strong>ut</strong></span> <span class='ocrx_word' id='word_1_306' title='bbox 1365 3366 1705 3439; x_wconf 89' lang='lat' dir='ltr'><strong>quando-est</strong></span> <span class='ocrx_word' id='word_1_307' title='bbox 1734 3382 2019 3440; x_wconf 84' lang='lat' dir='ltr'><strong>processus</strong></span> <span class='ocrx_word' id='word_1_308' title='bbox 2054 3382 2253 3425; x_wconf 88' lang='lat' dir='ltr'><strong>secun-</strong></span> 
     </span>
     <span class='ocr_line' id='line_1_36' title="bbox 249 3456 2255 3531; baseline -0.001 -16"><span class='ocrx_word' id='word_1_309' title='bbox 249 3458 384 3515; x_wconf 89' lang='lat' dir='ltr'><strong>dum</strong></span> <span class='ocrx_word' id='word_1_310' title='bbox 429 3471 624 3514; x_wconf 87' lang='lat' dir='ltr'><strong>causas</strong></span> <span class='ocrx_word' id='word_1_311' title='bbox 676 3456 1018 3514; x_wconf 54' lang='lat' dir='ltr'><strong>intrinsecas</strong></span> <span class='ocrx_word' id='word_1_312' title='bbox 1063 3456 1447 3529; x_wconf 85' lang='lat' dir='ltr'><strong>componendo</strong></span> <span class='ocrx_word' id='word_1_313' title='bbox 1502 3456 1742 3530; x_wconf 83' lang='lat' dir='ltr'><strong>quidem,</strong></span> <span class='ocrx_word' id='word_1_314' title='bbox 1794 3460 2011 3531; x_wconf 89' lang='lat' dir='ltr'><strong>quando</strong></span> <span class='ocrx_word' id='word_1_315' title='bbox 2064 3457 2255 3513; x_wconf 79' lang='lat' dir='ltr'><strong>formis</strong></span> 
     </span>
     <span class='ocr_line' id='line_1_37' title="bbox 249 3543 2253 3618; baseline -0.001 -16"><span class='ocrx_word' id='word_1_316' title='bbox 249 3547 490 3603; x_wconf 85' lang='lat' dir='ltr'><strong>maxime</strong></span> <span class='ocrx_word' id='word_1_317' title='bbox 523 3545 920 3603; x_wconf 86' lang='lat' dir='ltr'><strong>universalibus</strong></span> <span class='ocrx_word' id='word_1_318' title='bbox 969 3545 1024 3600; x_wconf 93' lang='lat' dir='ltr'><strong>in</strong></span> <span class='ocrx_word' id='word_1_319' title='bbox 1046 3575 1052 3582; x_wconf 91' lang='lat'><strong>·</strong></span> <span class='ocrx_word' id='word_1_320' title='bbox 1074 3545 1250 3618; x_wconf 84' lang='lat' dir='ltr'><strong>magis</strong></span> <span class='ocrx_word' id='word_1_321' title='bbox 1285 3543 1639 3618; x_wconf 88' lang='lat' dir='ltr'><strong>particularia</strong></span> <span class='ocrx_word' id='word_1_322' title='bbox 1681 3546 1996 3618; x_wconf 81' lang='lat' dir='ltr'><strong>proceditur</strong></span> <span class='ocrx_word' id='word_1_323' title='bbox 2030 3562 2045 3602; x_wconf 70' lang='grc' dir='ltr'><strong><em>ε</em></strong></span> <span class='ocrx_word' id='word_1_324' title='bbox 2077 3544 2253 3601; x_wconf 86' lang='lat' dir='ltr'><strong>resol-</strong></span> 
     </span>
     <span class='ocr_line' id='line_1_38' title="bbox 249 3633 2252 3708; baseline -0.002 -15"><span class='ocrx_word' id='word_1_325' title='bbox 249 3635 430 3693; x_wconf 80' lang='lat' dir='ltr'><strong>vendo</strong></span> <span class='ocrx_word' id='word_1_326' title='bbox 455 3641 658 3702; x_wconf 91' lang='lat' dir='ltr'><strong>autem,</strong></span> <span class='ocrx_word' id='word_1_327' title='bbox 691 3634 910 3708; x_wconf 89' lang='lat' dir='ltr'><strong>quando</strong></span> <span class='ocrx_word' id='word_1_328' title='bbox 937 3651 968 3690; x_wconf 92' lang='lat' dir='ltr'><strong>e</strong></span> <span class='ocrx_word' id='word_1_329' title='bbox 995 3649 1276 3702; x_wconf 83' lang='lat' dir='ltr'><strong>converso,</strong></span> <span class='ocrx_word' id='word_1_330' title='bbox 1311 3649 1376 3690; x_wconf 90' lang='lat' dir='ltr'><strong>eo</strong></span> <span class='ocrx_word' id='word_1_331' title='bbox 1413 3633 1559 3707; x_wconf 87' lang='lat' dir='ltr'><strong>qued</strong></span> <span class='ocrx_word' id='word_1_332' title='bbox 1602 3634 1960 3690; x_wconf 88' lang='lat' dir='ltr'><strong>universalius</strong></span> <span class='ocrx_word' id='word_1_333' title='bbox 1995 3638 2078 3689; x_wconf 90' lang='lat' dir='ltr'><strong>est</strong></span> <span class='ocrx_word' id='word_1_334' title='bbox 2114 3633 2252 3688; x_wconf 89' lang='lat' dir='ltr'><strong>sim-</strong></span> 
     </span>
     <span class='ocr_line' id='line_1_39' title="bbox 245 3720 2249 3800; baseline -0.002 -20"><span class='ocrx_word' id='word_1_335' title='bbox 245 3724 470 3800; x_wconf 87' lang='lat' dir='ltr'><strong>plicius.</strong></span> <span class='ocrx_word' id='word_1_336' title='bbox 513 3724 746 3780; x_wconf 81' lang='lat' dir='ltr'><strong>Maxime</strong></span> <span class='ocrx_word' id='word_1_337' title='bbox 801 3731 984 3784; x_wconf 88' lang='lat' dir='ltr'><strong>autem</strong></span> <span class='ocrx_word' id='word_1_338' title='bbox 1039 3723 1366 3782; x_wconf 82' lang='lat' dir='ltr'><strong>universalia</strong></span> <span class='ocrx_word' id='word_1_339' title='bbox 1422 3729 1570 3794; x_wconf 88' lang='lat' dir='ltr'><strong>sunt,</strong></span> <span class='ocrx_word' id='word_1_340' title='bbox 1615 3737 1741 3798; x_wconf 80' lang='lat' dir='ltr'><strong>quae</strong></span> <span class='ocrx_word' id='word_1_341' title='bbox 1774 3729 1903 3782; x_wconf 89' lang='lat' dir='ltr'><strong>sunt</strong></span> <span class='ocrx_word' id='word_1_342' title='bbox 1942 3720 2249 3778; x_wconf 88' lang='lat' dir='ltr'><strong>communia</strong></span> 
     </span>
     <span class='ocr_line' id='line_1_40' title="bbox 243 3809 2249 3882; baseline -0.003 -10"><span class='ocrx_word' id='word_1_343' title='bbox 243 3812 506 3872; x_wconf 85' lang='lat' dir='ltr'><strong>omnibus</strong></span> <span class='ocrx_word' id='word_1_344' title='bbox 527 3811 763 3882; x_wconf 89' lang='lat' dir='ltr'><strong>entibus,</strong></span> <span class='ocrx_word' id='word_1_345' title='bbox 791 3820 848 3870; x_wconf 92' lang='lat' dir='ltr'><strong>et</strong></span> <span class='ocrx_word' id='word_1_346' title='bbox 876 3813 999 3870; x_wconf 89' lang='lat' dir='ltr'><strong>ideo</strong></span> <span class='ocrx_word' id='word_1_347' title='bbox 1027 3814 1292 3872; x_wconf 89' lang='lat' dir='ltr'><strong>terminus</strong></span> <span class='ocrx_word' id='word_1_348' title='bbox 1319 3813 1667 3871; x_wconf 82' lang='lat' dir='ltr'><strong>resolutionis</strong></span> <span class='ocrx_word' id='word_1_349' title='bbox 1695 3814 1750 3869; x_wconf 92' lang='lat' dir='ltr'><strong>in</strong></span> <span class='ocrx_word' id='word_1_350' title='bbox 1778 3811 1881 3869; x_wconf 86' lang='lat' dir='ltr'><strong>bac</strong></span> <span class='ocrx_word' id='word_1_351' title='bbox 1906 3811 1996 3869; x_wconf 86' lang='lat' dir='ltr'><strong>via</strong></span> <span class='ocrx_word' id='word_1_352' title='bbox 2026 3809 2249 3866; x_wconf 89' lang='lat' dir='ltr'><strong>ultimus</strong></span> 
     </span>
     <span class='ocr_line' id='line_1_41' title="bbox 239 3897 2252 3977; baseline -0.005 -13"><span class='ocrx_word' id='word_1_353' title='bbox 239 3911 332 3964; x_wconf 80' lang='lat' dir='ltr'><strong>est</strong></span> <span class='ocrx_word' id='word_1_354' title='bbox 355 3901 730 3962; x_wconf 84' lang='lat' dir='ltr'><strong>consideratio</strong></span> <span class='ocrx_word' id='word_1_355' title='bbox 755 3902 916 3973; x_wconf 86' lang='lat' dir='ltr'><strong>entis,</strong></span> <span class='ocrx_word' id='word_1_356' title='bbox 940 3908 1211 3961; x_wconf 87' lang='lat' dir='ltr'><strong>eteorum</strong></span> <span class='ocrx_word' id='word_1_357' title='bbox 1237 3917 1362 3977; x_wconf 84' lang='lat' dir='ltr'><strong>quae</strong></span> <span class='ocrx_word' id='word_1_358' title='bbox 1384 3909 1513 3960; x_wconf 85' lang='lat' dir='ltr'><strong>sunt</strong></span> <span class='ocrx_word' id='word_1_359' title='bbox 1536 3903 1677 3960; x_wconf 87' lang='lat' dir='ltr'><strong>entis</strong></span> <span class='ocrx_word' id='word_1_360' title='bbox 1696 3902 1751 3958; x_wconf 90' lang='lat' dir='ltr'><strong>in</strong></span> <span class='ocrx_word' id='word_1_361' title='bbox 1778 3907 2045 3973; x_wconf 85' lang='lat' dir='ltr'><strong>quantum</strong></span> <span class='ocrx_word' id='word_1_362' title='bbox 2058 3897 2252 3972; x_wconf 86' lang='lat' dir='ltr'><strong>hujus-</strong></span> 
     </span>
    </p>
   </div>
  </div>
 </body>
</html>
