2800 4492
787 353 1008 400 x11.--
1037 348 1465 404 ouonuaertm
1514 353 1787 402 mmmm
2034 387 2038 393 .
2172 345 2291 405 233

286 473 426 530 fecta
469 476 525 528 et
573 468 844 526 usuraria.
883 469 1026 540 Ergo
1055 476 1234 527 totum
1275 475 1358 525 est
1387 469 1653 528 infectum
1694 478 1753 529 et
1798 473 2137 548 usurarium
2178 491 2285 536 non

287 577 414 633 ergo
441 566 621 632 potest
651 558 799 614 licite
821 558 982 630 hujus
1011 557 1222 614 lucrum
1249 560 1509 617 retinere.

350 649 456 704 Sed
485 655 695 713 contra,
723 645 958 720 quilibet
986 653 1169 720 potest
1207 647 1356 705 licite
1393 648 1631 706 retinere
1657 649 1713 707 id
1736 651 1885 724 quod
1916 651 2157 726 legitime
2190 671 2286 713 ac-

284 737 528 809 quisivit.
555 737 659 794 Sed
687 737 834 810 quod
862 736 1164 808 acquiritur
1179 735 1249 792 de
1276 737 1507 809 pecunia
1539 740 1809 809 usuraria,
1843 740 2119 802 interdum
2147 743 2286 817 legi·-

285 827 414 884 time
441 825 762 898 acquiritur.
795 825 937 896 Ergo
967 825 1114 883 licite
1143 830 1325 898 potest
1353 826 1595 899 retineri.

349 913 675 987 Respondeo
718 913 1028 981 dicendum,
1079 914 1227 986 quod
1261 914 1423 987 huJus
1468 915 1792 988 quaestionis
1832 918 2040 976 veritas
2080 924 2289 995 poterit.

285 1019 560 1076 apparere,
591 1002 636 1058 si
665 1002 1042 1058 consideretur
1080 1001 1222 1058 ratio
1256 1018 1427 1075 quare
1458 1019 1681 1060 usuram
1709 1007 1957 1079 accipere
1980 1009 2053 1064 sit
2088 1027 2285 1082 pecca·
2345 1013 2349 1017 ’

284 1098 415 1148 tum.
447 1093 568 1148 Non
592 1090 737 1146 enim
761 1095 844 1146 est
873 1097 1160 1163 peccatum
1181 1091 1352 1148 solum
1383 1091 1513 1164 quia
1538 1097 1622 1149 est
1651 1094 2004 1166 prohibitum,
2023 1099 2119 1154 sed
2151 1101 2280 1173 quia

282 1187 360 1236 est
401 1187 593 1236 contra
637 1178 904 1236 rationem
941 1177 1272 1258 naturalem,
1310 1187 1370 1236 ut
1416 1181 1584 1236 etiam
1636 1181 1993 1256 Philosophus
2048 1187 2185 1245 dicit
2229 1189 2284 1245 in

281 1271 302 1328 1
329 1268 699 1326 Politicorum.

347 1359 430 1416 Ad
459 1359 614 1430 quus
650 1356 982 1412 evidentiam
1011 1357 1489 1438 consideran-dum,
1523 1359 1669 1434 quod
1700 1375 1881 1418 rerum
1910 1363 1969 1418 in
1992 1380 2151 1422 usum
2179 1365 2281 1423 ho-

277 1447 440 1505 minis
463 1445 794 1503 venientium
826 1445 1079 1518 quaedam
1115 1455 1243 1502 sunt
1287 1463 1523 1520 quarum
1569 1463 1701 1505 usus
1730 1465 1836 1505 non
1879 1459 1963 1507 est
2003 1453 2175 1526 ipsius
2202 1456 2280 1510 rei

279 1536 620 1610 consumptio
639 1551 654 1606 ;
677 1542 732 1591 et
751 1533 797 1590 si
817 1535 1099 1606 contingat
1119 1549 1236 1590 rem
1250 1535 1575 1593 deteriorari
1601 1537 1684 1593 vel
1708 1540 1950 1595 consumi
1978 1558 2073 1614 per
2098 1559 2276 1612 usum,

278 1626 378 1682 hoc
403 1631 487 1680 est
509 1641 607 1699 per
635 1625 907 1690 accidens,
935 1623 1078 1679 sicut
1111 1623 1324 1692 domus,
1359 1625 1549 1692 vestiS,
1582 1625 1735 1695 liber,
1770 1643 1964 1702 equus,
1996 1639 2051 1688 et
2085 1631 2278 1704 hujus-

279 1715 423 1772 modi
459 1730 472 1769 :
501 1729 608 1769 non
644 1712 788 1768 enim
830 1711 910 1766 uti
955 1710 1092 1767 libro
1122 1719 1204 1766 εει
1230 1711 1413 1768 delere
1442 1713 1639 1785 ipsum,
1673 1731 1849 1788 neque
1890 1719 1973 1772 uti
2005 1719 2167 1776 domo
2196 1730 2278 1778 εει
2342 1719 2345 1724 ’

277 1804 557 1862 destruere
585 1803 762 1873 ipsam
795 1817 808 1854 ι
840 1806 895 1856 ει
937 1800 994 1856 in
1040 1799 1237 1856 talibus
1266 1800 1416 1856 aliud
1455 1808 1538 1858 εει
1577 1802 1709 1859 dare
1748 1819 1903 1860 usum
1940 1808 2020 1862 rei
2049 1817 2103 1864 et
2130 1809 2274 1866 aliud
2372 1830 2377 1833 ·

275 1901 355 1948 εει
383 1893 512 1947 dare
533 1888 896 1946 substantiam
922 1889 1030 1956 rei3
1059 1894 1115 1943 et
1135 1894 1356 1960 propter
1383 1888 1506 1956 hoc,
1540 1891 1760 1964 quando
1784 1909 1883 1965 per
1906 1899 2276 1954 accommoda-

275 1983 480 2038 tionem
506 1995 639 2035 usus
665 1979 790 2034 talis
812 1978 891 2033 rei
918 1977 1075 2034 alteri
1100 1977 1441 2046 conceditur,
1469 1995 1577 2035 non
1598 1989 1821 2053 propter
1850 1982 1949 2039 hoc
1973 1984 2272 2044 dominium

271 2071 350 2127 rei
381 2068 739 2135 transfertur3
766 2073 822 2124 et
846 2075 1066 2139 propter
1085 2065 1189 2122 hoc
1215 2066 1382 2122 etiam
1412 2075 1593 2141 potest
1620 2069 1783 2125 vendi
1810 2087 1941 2128 usus
1964 2076 2063 2142 rei,
2094 2075 2273 2132 domi·-

271 2161 362 2217 nio
387 2159 467 2215 rei
503 2161 816 2213 remanente
849 2155 992 2228 apud
1023 2155 1341 2223 dominum
1375 2157 1518 2212 sicut
1547 2164 1699 2230 patet
1735 2159 1789 2215 in
1825 2161 2188 2220 conductione
2220 2175 2275 2222 et

270 2249 560 2334 locatione,
589 2245 684 2320 qui
712 2249 840 2300 sunt
861 2250 1174 2300 contractus
1204 2245 1360 2300 liciti.
1398 2245 1664 2315 Quaedam
1689 2263 1819 2304 vero
1864 2266 1949 2304 res
1978 2261 2103 2309 sunt
2129 2271 2276 2326 qua-—

271 2355 391 2395 rum
419 2352 552 2393 usus
579 2333 710 2390 nihil
738 2339 821 2389 εει
849 2332 996 2388 aliud
1029 2348 1196 2405 quam
1233 2335 1579 2406 consumptio
1615 2333 1856 2407 ipsarum
1885 2354 2099 2410 rerum3
2130 2343 2271 2399 sicut

268 2427 500 2502 pecunia
529 2440 640 2498 qua
667 2421 870 2479 utimur
900 2421 1274 2494 expandendO,
1305 2423 1494 2477 vinum
1536 2438 1643 2495 quo
1673 2424 1879 2480 utimur
1918 2426 2188 2500 bibend03
2216 2441 2271 2488 et

268 2519 349 2574 sic
377 2517 446 2572 de
476 2514 596 2572 aliis
619 2511 992 2585 hujusmodi,
978 2527 1032 2566 m
1067 2510 1268 2582 quibus
1293 2511 1371 2566 uti
1411 2527 1471 2566 re
1494 2510 1627 2567 nihil
1658 2512 1803 2569 aliud
1834 2521 1920 2570 εει
1946 2532 2110 2588 quam
2135 2535 2269 2577 con-

268 2621 486 2664 sumere
509 2605 718 2676 ipsam,
705 2619 718 2632 ·
745 2607 801 2658 et
830 2601 952 2656 ideo
991 2600 1045 2655 in
1087 2599 1287 2656 talibus
1316 2600 1536 2671 quando
1560 2602 1878 2659 conceditur
1906 2621 2036 2662 usus
2066 2607 2141 2664 rei
2174 2627 2269 2681 per

267 2701 540 2758 mutuum,
571 2689 899 2747 transfertur
923 2687 1089 2743 etiam
1117 2687 1197 2742 rei
1223 2686 1544 2742 dominium.
1572 2687 1731 2757 Quia
1728 2705 1869 2761 ergo
1899 2708 2029 2748 usus
2058 2695 2133 2750 rei
2164 2712 2269 2752 non

267 2791 350 2840 est
379 2777 702 2854 separabilis
731 2777 801 2832 ab
829 2777 947 2849 ipsa
984 2792 1076 2844 τες
1105 2767 1437 2849 quicumque
1466 2777 1653 2833 vendit
1688 2795 1844 2834 usum
1875 2780 2065 2838 talium
2089 2801 2269 2842 rerum

268 2869 553 2929 retinendo
573 2865 676 2923 sibi
697 2865 1086 2936 obligationem
1111 2862 1180 2919 ad
1205 2871 1411 2920 sortem
1439 2845 1791 2934 reddendam,
1814 2869 2162 2928 manifestum
2188 2883 2271 2932 est

268 2960 414 3035 quod
442 2958 589 3014 idem
617 2955 804 3012 vendit
832 2954 947 3022 bis,
975 2952 1119 3025 quod
1163 2957 1246 3008 est
1289 2959 1481 3008 contra
1520 2955 1827 3010 naturalem
1860 2958 2175 3031 J‘ustitiam3
2216 2969 2271 3018 et

265 3051 389 3106 ideo
415 3048 633 3118 exigere
665 3058 884 3100 usuram
913 3049 997 3098 εει
1025 3041 1326 3104 secundum
1349 3057 1409 3096 se
1436 3041 1719 3113 injustum.
1746 3044 1986 3101 Tenetur
2013 3063 2141 3120 ergo
2165 3049 2271 3106 ali-

266 3139 392 3213 quis
415 3135 470 3193 id
495 3133 642 3208 quod
673 3132 872 3204 accipit
899 3129 1044 3187 ultra
1072 3134 1296 3196 sortem,
1323 3131 1637 3198 restituere,
1656 3131 1784 3203 quia
1809 3133 2009 3204 injuste
2039 3139 2268 3210 accipit;

266 3234 322 3285 et
355 3243 454 3301 per
483 3237 822 3294 consequens
863 3219 1060 3276 damna
1103 3225 1158 3274 et
1187 3218 1474 3275 interesse.
1513 3220 1619 3276 Sed
1658 3235 1782 3276 cum
1811 3221 1983 3294 ipsius
2029 3229 2271 3297 pecuniae

265 3314 536 3376 usurariae
555 3329 662 3369 nou
689 3311 760 3368 sit
786 3310 924 3368 alius
949 3325 1080 3365 usus
1099 3324 1263 3382 quam
1289 3311 1408 3381 ipsa
1432 3310 1551 3381 ejus
1578 3310 1904 3378 substantia,
1925 3316 2136 3372 ratione
2163 3319 2271 3389 jam

265 3405 454 3474 dicta;
485 3406 642 3477 patet
667 3404 1064 3472 consequenter
1089 3397 1235 3470 quod
1265 3411 1330 3452 ex
1360 3412 1470 3470 quo
1495 3399 1783 3470 pecuniam
1813 3403 2115 3460 usurariam
2143 3405 2275 3460 red-

266 3495 366 3562 dit,
399 3493 470 3550 de
499 3509 602 3548 usu
633 3489 880 3564 pecuniae
907 3485 1039 3543 nihil
1085 3485 1312 3542 reddere
1341 3491 1597 3542 tenetur·
1585 3494 1906 3556 ,teneretur
1934 3499 2116 3548 autem
2142 3494 2273 3549 red-

266 3585 397 3641 dere
421 3579 621 3654 aliquis
651 3579 708 3635 id
735 3576 880 3651 quod
922 3575 1166 3631 lucratus
1196 3581 1339 3630 esset
1363 3573 1434 3630 de
1470 3575 1632 3633 domo
1662 3577 1859 3645 aliena,
1894 3578 1978 3635 vel
2003 3580 2071 3635 de
2098 3596 2260 3654 equo,

266 3673 352 3730 vel
379 3671 564 3751 aliquo
587 3665 920 3742 hujusmodi,
953 3665 1119 3720 etiam
1149 3669 1441 3736 postquam
1467 3681 1555 3721 res
1577 3665 1885 3738 hujusmodi
1912 3667 2151 3723 reddidis
2136 3675 2269 3742 set;

267 3761 398 3835 quia
427 3761 482 3816 in
511 3751 712 3814 talibus
739 3749 1076 3828 appretiatur
1102 3767 1190 3808 res
1217 3760 1296 3809 et
1299 3769 1433 3808 usus
1462 3754 1561 3810 rei.

338 3850 422 3906 Ad
463 3847 598 3904 illud
645 3860 777 3917 ergo
825 3843 971 3916 quod
1016 3841 1071 3898 in
1112 3843 1446 3898 contrarium
1476 3841 1750 3914 objicitur,
1779 3841 2091 3912 dicendum,
2122 3847 2271 3918 quod

270 3937 502 4012 pecunia
529 3934 780 3994 usuraria
805 3946 911 3990 non
940 3947 1002 3990 se
1026 3929 1192 3989 habet
1212 3946 1308 4002 per
1329 3929 1548 3988 modum
1576 3929 1777 3987 radicis
1795 3929 1864 3986 ad
1894 3929 2105 3990 lucrum
2125 3936 2273 4010 quod
