2800 4492
737 342 826 387 11.
858 358 938 371 --
964 343 1031 387 m
1073 342 1340 387 nemum
1383 344 1461 387 nn
1502 341 1828 389 'rmum-rra
2210 328 2288 391 65

274 459 474 527 forma,
500 456 602 515 nisi
628 466 898 532 quatenus
921 458 1215 533 participat
1235 455 1912 532 aliquam'similitudinem
1930 467 2085 519 actus
2106 463 2287 535 primi,

276 548 407 606 licet
436 548 769 621 imperfecte,
803 552 865 603 ut
892 546 1106 604 scilicet·
1144 548 1198 603 id
1229 548 1373 621 quod
1419 556 1502 605 est
1526 550 1644 622 jam
1674 550 2035 622 compositum
2066 568 2131 606 ex
2170 568 2294 608 ma·-

275 637 419 694 teria
463 644 518 693 et
563 636 758 704 forma,
803 636 878 693 sit
919 637 1160 693 medium
1205 637 1348 693 inter
1393 638 1706 709 potentiam.
1744 654 1959 710 puram,
2000 646 2065 695 -et
2108 646 2289 697 actum

274 742 506 798 purum..
523 726 646 781 Non
671 733 854 782 autem
883 726 1113 782 materia
1142 742 1210 782 ex
1239 725 1387 781 omni
1412 726 1879 799 partemqualiter
1908 728 2105 801 recipit
2132 727 2287 783 simi-

276 816 562 872 litudinem
594 820 750 872 actus
774 814 956 889 primi,
995 815 1091 871 sed
1122 831 1152 872 a
1181 814 1509 888 quibusdam
1533 816 1871 889 imperfecte,
1904 832 1937 873 a
1964 817 2289 890 quibusdam

271 920 406 964 vero
451 903 763 977 perfectius,
805 909 998 973 utpote
1025 904 1278 976 quaedam
1319 904 1652 979 participant
1700 904 1940 962 divinam
1971 904 2289 962 similitudi-

274 1010 422 1061 nem,
455 992 755 1049 secundum
779 992 925 1065 quod
955 996 1166 1049 tantum
1196 992 1521 1063 subsistunt,
1554 995 1809 1067 quaedam
1830 1010 1962 1051 vero
1990 996 2291 1053 secundum

273 1082 421 1156 quod
460 1087 814 1154 cognoscunt,
845 1081 1100 1153 quaedam
1127 1098 1259 1138 vero
1297 1082 1599 1139 secundum
1628 1084 1775 1157 quod
1803 1084 2134 1156 intelligunt.
2166 1085 2291 1157 Ipsa

274 1172 446 1243 igitur
473 1170 774 1225 similitudo
801 1169 960 1242 primi
995 1176 1153 1226 actus
1189 1170 1244 1225 in
1269 1186 1617 1244 quacumque
1645 1173 1877 1229 materia
1908 1173 2165 1242 existen3‚
2207 1180 2293 1230 est

274 1261 452 1316 forma
481 1261 618 1330 ejus·
650 1258 753 1315 Sed
791 1258 967 1315 forma
1007 1257 1134 1315 talis
1173 1257 1230 1314 in
1270 1260 1605 1332 quibusdam
1643 1262 1777 1318 facit
1802 1278 1921 1318 esse
1953 1268 2185 1329 tanturn,
2234 1264 2289 1319 in

274 1348 606 1422 quibusdam
631 1362 750 1403 esse
773 1354 832 1403 et
857 1346 1062 1414 vivere,
1095 1354 1152 1404 et
1182 1346 1264 1403 sic
1288 1347 1356 1404 de
1387 1348 1511 1403 aliis
1538 1347 1595 1404 in
1624 1364 1732 1405 uno
1761 1354 1819 1405 et
1842 1350 2054 1405 eodem.
2080 1352 2289 1407 Simili-

277 1439 412 1495 tudo
439 1436 583 1493 enim
614 1435 907 1509 perfectior
936 1434 1100 1492 habet
1129 1438 1290 1491 omne
1317 1436 1374 1492 id
1401 1437 1549 1508 quod
1579 1436 1745 1493 habet
1778 1438 2079 1495 similitudo
2110 1442 2289 1495 minus

273 1526 520 1601 perfecta
547 1531 604 1582 et
639 1524 818 1582 adhuc
853 1524 1106 1597 amplius.
1137 1524 1360 1597 Aliquid
1390 1525 1559 1597 igitur
1586 1526 1865 1583 invenitur
1906 1541 2195 1593 commune
2230 1530 2289 1585 in

274 1624 512 1689 utraque
551 1613 926 1682 similitudine,
969 1614 1116 1687 quod
1153 1613 1210 1669 in
1239 1630 1347 1671 una
1375 1614 1746 1671 substernitur
1778 1614 2199 1689 imperfectioni,
2233 1623 2290 1675 et

272 1708 332 1763 in
361 1705 469 1763 alia
505 1702 844 1777 perfectioni,
876 1702 1020 1759 sicut
1046 1703 1274 1760 materia
1299 1703 1669 1761 substernitur
1710 1704 1860 1760 actui
1888 1711 1946 1761 et
1968 1705 2283 1778 privationi,

273 1802 333 1850 et
355 1792 482 1849 ideo
506 1790 740 1848 materia
762 1789 922 1845 simul
943 1798 1169 1863 accepta
1193 1807 1317 1847 cum
1340 1790 1447 1847 hoc
1470 1792 1765 1861 communi,
1793 1798 1877 1847 est
1902 1792 2083 1851 adhuc
2106 1803 2287 1852 mate-

271 1882 428 1940 rialis
455 1887 708 1955 respectu
731 1878 1096 1953 perfectionis,
1126 1886 1181 1935 et
1207 1880 1633 1951 imperfectionis
1656 1882 1957 1954 praedictoe,
1994 1886 2051 1937 et
2088 1900 2154 1938 ex
2184 1883 2287 1940 hoc

271 1969 547 2027 materiali
574 1968 808 2025 sumitur
832 1956 1024 2039 genus,
1048 1966 1355 2025 differentia
1383 1983 1513 2024 vero
1542 1984 1609 2024 ex
1640 1968 1971 2041 perfectione
2000 1977 2055 2026 et
2080 1970 2286 2043 imper-

190 2062 207 2069 *
271 2060 512 2116 fectione
533 2057 818 2132 praedicta.
847 2056 1000 2113 Sicut
1031 2072 1100 2111 ex
1131 2055 1234 2112 hoc
1257 2056 1535 2112 communi
1559 2056 1850 2125 materiali,
1882 2058 2029 2130 quod
2058 2066 2143 2114 est
2180 2060 2287 2118 ha-

272 2149 406 2204 bere
434 2147 620 2214 vitam,
671 2144 906 2201 sumitur
943 2142 1048 2199 hoc
1087 2158 1260 2215 genus
1287 2144 1435 2215 quod
1476 2151 1561 2200 est
1600 2145 1903 2201 animatum
1928 2160 2128 2219 corpus
2172 2164 2187 2201 z
2218 2164 2287 2204 ex

269 2236 608 2311 perfectione
642 2249 772 2291 vero
810 2231 1182 2305 superaddita,
1226 2233 1344 2289 haec
1372 2232 1699 2300 differentia,
1746 2234 2035 2303 sensibile3
2081 2252 2149 2291 ex
2178 2237 2286 2293 im-

270 2325 608 2400 perfectione
654 2338 800 2389 vero,
847 2321 966 2379 haec
1009 2320 1316 2378 differentia
1357 2321 1673 2379 insensibile
1720 2339 1734 2377 ι
1780 2331 1837 2379 et
1884 2324 1965 2379 sic
1992 2324 2287 2381 diversitas

271 2413 468 2471 talium
499 2411 862 2469 materialium
891 2409 1100 2465 inducit
1129 2410 1504 2467 diversitatem
1534 2411 1768 2482 generiS,
1799 2412 1943 2467 sicut
1970 2413 2223 2468 animalis
2251 2430 2286 2469 a

272 2503 482 2577 planta.
510 2502 580 2557 Et
607 2508 827 2575 propter
851 2498 958 2555 hoc
981 2498 1184 2555 dicitur
1207 2500 1437 2555 materia
1460 2514 1581 2555 esse
1602 2499 1927 2572 principium
1950 2500 2283 2557 diversitatis

271 2591 576 2648 secundum
614 2605 802 2661 genus,
836 2594 890 2642 et
931 2587 1123 2643 eadem
1156 2588 1366 2643 ratione
1406 2587 1579 2643 forma
1608 2594 1693 2643 est
1721 2587 2047 2659 principium
2093 2589 2280 2647 diver-

271 2680 459 2737 sitatis
481 2678 779 2735 secundum
795 2676 1054 2749 speciem,
1081 2676 1212 2749 quia
1233 2691 1264 2732 a
1283 2676 1567 2749 praedictis
1588 2674 1907 2733 formalibus
1930 2692 2057 2751 quae
2078 2678 2281 2735 habent

245 2770 467 2827 ‘addita
515 2766 822 2824 materialia
886 2765 1028 2823 unde
1075 2776 1276 2837 genera
1320 2774 1629 2831 sumuntur,
1677 2780 1771 2838 per
1815 2768 2281 2839 comparationem

270 2857 466 2915 formae
489 2857 555 2913 ad
577 2854 864 2912 materiam
887 2859 1176 2911 sumuntur
1195 2852 1519 2911 differentiae
1544 2870 1669 2926 quae
1687 2854 2028 2911 constituunt
2048 2858 2277 2929 species·

269 2945 568 3005 Sciendum
602 2950 786 3001 tamen
818 2942 964 3015 quod
993 2953 1118 2999 oum
1148 2941 1280 2998 illud
1308 2942 1612 3009 materiale,
1644 2944 1790 2997 unde
1825 2944 2061 2999 sumitur
2086 2960 2281 3016 genae,

239 3050 244 3055 ·
268 3030 475 3095 habeat
500 3034 558 3090 in
585 3049 646 3090 se
664 3032 899 3089 formam
927 3035 982 3087 et
1005 3031 1312 3097 materiam,
1341 3029 1551 3102 logicus
1577 3030 1887 3087 considerat
1910 3048 2083 3103 genus
2102 3034 2284 3093 solum

269 3142 340 3183 ex
385 3129 540 3197 parte
567 3123 688 3195 ejus
729 3118 875 3194 quod
911 3118 1136 3175 formale
1174 3126 1275 3185 est,
1319 3118 1461 3175 unde
1489 3120 1607 3191 ejus
1648 3118 1991 3175 definit-iones
2025 3120 2283 3178 dicuntur

268 3212 548 3278 formales,
584 3214 680 3267 sed
709 3206 978 3266 naturalis
1019 3206 1331 3265 considerat
1371 3222 1547 3279 genus
1572 3222 1639 3262 ex
1681 3213 1835 3279 parto
1864 3208 2169 3282 utriusque.
2212 3208 2282 3268 Et

267 3303 399 3359 ideo
445 3298 714 3371 contingit
759 3297 1088 3371 quandoque
1135 3295 1280 3369 quod
1323 3295 1531 3368 aliquid
1573 3298 1940 3353 communicat
1987 3298 2043 3353 in
2084 3316 2283 3371 genere

268 3390 575 3449 secundum
615 3387 873 3459 logicum,
904 3385 1050 3459 quod
1088 3400 1196 3441 non
1223 3385 1592 3443 communicat
1618 3375 1919 3442 secundum
1952 3389 2279 3447 naturalem.

269 3478 555 3549 Contingit
577 3476 722 3532 enim
750 3472 1078 3547 quandoque
1106 3471 1252 3544 quod
1281 3470 1415 3527 illud
1448 3471 1515 3526 de
1552 3470 1911 3529 similitudine
1938 3474 2103 3547 primi
2128 3482 2287 3533 actus

271 3568 420 3643 quod
463 3564 818 3639 consequitur
862 3577 952 3619 res
987 3560 1170 3635 aliqua
1217 3561 1275 3617 in
1313 3560 1542 3619 materia
1582 3561 1698 3628 tali,
1746 3561 1897 3619 aliud
1932 3566 2287 3638 consequitur

270 3660 394 3715 sine
424 3656 674 3723 materia,
706 3652 856 3711 aliud
892 3651 950 3711 in
986 3650 1094 3708 alia
1137 3650 1368 3707 materia
1412 3650 1630 3706 omnino
1659 3651 1895 3709 diversa.
1940 3654 2095 3711 Sicut
2134 3658 2289 3727 patet

271 3746 420 3820 quod
439 3743 590 3821 -lapis
615 3744 670 3799 in
705 3741 936 3799 materia
961 3754 1088 3813 quae
1113 3744 1200 3795 est
1234 3740 1531 3803 secundum
1561 3739 1863 3811 potentiam
1891 3743 1959 3798 ad
1988 3758 2125 3809 esse,
2158 3760 2289 3815 per-

269 3834 438 3906 tingit
463 3834 533 3889 ad
557 3834 661 3889 hoc
683 3830 830 3905 quod
854 3829 1138 3895 subsistat,
1167 3827 1238 3883 ad
1262 3828 1409 3900 quod
1434 3827 1579 3883 idem
1602 3830 1863 3901 pertingit
1888 3829 1968 3885 sol
1988 3834 2289 3891 secundum

271 3922 585 3991 materiam,
616 3936 744 3994 quae
771 3918 938 3977 estin
965 3917 1214 3991 potentia
1241 3916 1309 3972 ad
1339 3916 1455 3983 ubi,
1482 3923 1539 3972 et
1566 3932 1673 3973 nou
1708 3918 1777 3974 ad
1806 3932 1945 3989 esse,
1978 3926 2036 3977 et
2063 3922 2290 3995 angelus

790 4035 841 4084 S.
875 4034 1029 4082 Tuon.
1067 4034 1152 4087 AQ·
1187 4032 1451 4080 opuscum.
1477 4056 1539 4068 —
1571 4032 1627 4083 ll.
1661 4057 1725 4069 —
1748 4032 1777 4083 5
