2800 4492
515 339 638 445 228
997 376 1051 424 ε.
1095 374 1330 420 ‘rnouAE
1369 369 1699 424 Aemm'ns
1741 353 2049 425 croscum

515 492 758 552 vincitur
784 489 879 566 qui
906 491 1164 566 puritatis
1191 488 1433 564 pericula
1458 505 1562 548 non
1590 489 1794 558 evitat3
1832 488 1977 546 inter
2004 503 2129 562 quae
2154 487 2536 547 difficillimum

519 591 605 640 est
640 587 696 640 et
733 581 1074 640 rarissimum
1101 579 1471 638 omnimodam
1500 579 1795 651 puritatem
1831 593 2083 647 servare3
2122 577 2268 634 sicut
2298 578 2537 634 maxima

517 669 732 743 puritas
751 668 874 727 ,fuit
907 670 1090 726 Beatae
1128 664 1373 739 Agnetis,
1403 681 1529 738 quae
1558 665 1724 723 etiam
1753 664 1811 721 in
1848 664 2096 737 lupanari
2134 664 2539 738 posita-virgi-

517 757 701 816 nalem
730 758 1026 832 puritatem
1050 757 1322 825 servavit3
1357 761 1413 811 et
1440 761 1644 822 tamen,
1684 754 1815 827 quia
1844 754 2100 825 puritatis
2130 754 2367 811 amatrix
2394 759 2537 820 erat,

519 864 802 922 nunquam
844 849 900 903 in
943 846 1191 920 lupanari
1234 844 1375 902 hanc
1418 859 1573 900 suam
1616 844 1875 901 virtutem
1918 843 2207 899 ostendere
2249 843 2537 914 elegissem

519 936 614 994 sed
655 945 860 1010 quanto
890 935 1064 1006 magis
1107 949 1302 1007 puram
1341 939 1579 988 mentem
1616 931 1871 998 habehat,
1907 937 2059 988 tanto
2096 932 2278 986 minus
2306 930 2540 1004 lupanar

518 1025 739 1097 propria
767 1019 1048 1080 voluntate
1078 1022 1365 1093 elegisset3
1397 1027 1453 1076 et
1480 1019 1659 1076 simile
1684 1026 1767 1076 est
1794 1019 1847 1074 in
1876 1019 2126 1080 omnibus
2154 1019 2375 1077 talibuS.

529 1173 536 1178 ,
593 1115 675 1170 Ad
719 1120 976 1187 quartum
1023 1108 1332 1177 dicendum,
1379 1109 1526 1182 quod
1574 1107 1874 1166 auctoritas
1917 1109 2011 1164 illa
2048 1123 2155 1164 non
2200 1108 2441 1180 pertinet
2470 1107 2541 1164 ad

520 1203 914 1276 perfectionem
938 1201 1087 1267 vitae,
1131 1199 1229 1256 sed
1272 1199 1340 1256 ad
1370 1197 1734 1256 differentiam
1772 1197 2058 1269 dignitatis
2090 1214 2103 1252 :
2140 1196 2219 1252 sic
2248 1198 2393 1252 enim
2422 1197 2543 1269 pri-

520 1300 685 1370 vatus
711 1290 880 1349 distat
922 1306 953 1346 a
996 1305 1144 1361 rege,
1190 1289 1334 1345 sicut
1374 1303 1482 1344 non
1530 1287 1737 1342 hahens
1780 1279 2155 1359 praelationem
2184 1285 2255 1342 ab
2281 1285 2539 1344 habente.

521 1379 639 1437 Hoc
665 1388 848 1436 autem
884 1379 939 1434 in
961 1376 1266 1450 quaestione
1289 1391 1398 1433 non
1427 1375 1679 1443 vertitur,
1707 1391 1779 1431 an
1803 1375 1875 1431 sit
1900 1375 2075 1447 major
2098 1375 2367 1446 dignitate
2390 1391 2541 1446 prae-

524 1467 746 1525 lationis
774 1467 1106 1542 quicumque
1138 1464 1346 1522 habeus
1370 1479 1561 1522 curam
1591 1462 1895 1529 animarum
1918 1462 2172 1534 religioso
2200 1478 2392 1519 curam
2416 1463 2542 1519 ani-

526 1570 740 1614 marum
765 1571 872 1612 non
902 1555 1158 1611 habente.

596 1647 679 1702 Ad
706 1645 956 1718 quintum
995 1641 1307 1709 dicendum,
1335 1640 1481 1714 quod
1512 1639 1620 1696 alia
1644 1641 1785 1696 ratio
1812 1647 1895 1696 est
1922 1639 1990 1696 de
2024 1639 2308 1714 Episcopis
2335 1647 2395 1697 et
2422 1641 2543 1713 ple-

523 1731 702 1794 banis.
751 1734 890 1790 Nam
928 1731 1180 1803 Episcopi
1227 1728 1585 1803 principalem
1622 1729 1807 1802 populi
1836 1745 2024 1786 curam
2066 1728 2288 1797 habent,
2322 1729 2543 1802 plebani

526 1830 711 1880 autern
735 1829 792 1877 et
810 1818 1178 1878 archidiaconi
1195 1825 1324 1873 sunt
1349 1817 1853 1876 subministratores
1874 1825 1930 1875 et
1952 1819 2300 1890 coadjutores
2318 1833 2541 1886 eorum,

527 1910 672 1968 unde
696 1909 897 1965 dicitur
926 1923 1046 1976 xm,
1081 1913 1282 1980 quaest.
1312 1907 1371 1960 Η
1416 1923 1429 1960 z
1460 1905 1714 1962 Omnibus
1729 1905 2055 1978 presbyteris
2083 1913 2132 1963 et
2156 1907 2466 1963 diaconibus
2492 1915 2545 1964 et

528 1997 748 2070 reliquis
794 1995 1002 2054 clericis
1041 1994 1417 2052 attendendum
1454 2001 1529 2050 est
1568 2001 1629 2051 ut
1670 1995 1807 2052 nihil
1834 1995 2020 2067 absque
2050 1995 2299 2068 Episcopi
2321 1997 2547 2069 proprii

529 2087 746 2145 licentia
771 2093 964 2160 ayant3
995 2102 1100 2142 non
1134 2084 1314 2158 utique
1343 2084 1537 2142 Missas
1562 2083 1678 2140 sine
1704 2101 1798 2140 suo
1827 2085 1985 2156 jussa
2013 2083 2285 2157 quisquam
2314 2087 2545 2157 presby-

530 2185 768 2234 terorum
795 2176 854 2231 in
881 2191 982 2231 sua
1007 2173 1262 2246 parochia
1287 2179 1433 2245 ayat,
1469 2189 1575 2228 non
1607 2171 1857 2244 baptizet,
1888 2189 1981 2228 nec
2022 2172 2309 2245 quidquam
2352 2174 2545 2246 absque

525 2282 642 2338 equs
663 2264 928 2338 permissu
963 2263 1145 2336 faciet.
1185 2263 1253 2318 Et
1296 2263 1319 2316 l
1361 2261 1605 2318 Corinth.
1636 2277 1745 2326 xn,
1778 2262 1981 2318 dicitur
2023 2262 2081 2316 in
2122 2262 2337 2328 Glossa,
2370 2265 2541 2336 quod,

529 2353 900 2427 opitulationes
939 2361 1085 2420 sunt,
1129 2338 1221 2427 ᾇαὶ
1264 2351 1557 2424 majoribus
1578 2350 1767 2421 ferunt
1794 2367 1941 2421 opem
1981 2357 2041 2406 ut
2076 2351 2230 2406 Titus
2268 2351 2544 2422 Apostolo‚

529 2446 608 2501 vel
631 2443 998 2514 archidiaconi
1023 2440 1328 2515 Episcopis5
1364 2437 1769 2512 qubernatioaes
1802 2454 1928 2493 vero
1954 2444 2077 2494 sant
2102 2438 2387 2517 ‘minorum
2406 2457 2547 2512 per-

525 2551 806 2600 sonarum,
835 2540 898 2589 ut
923 2537 1049 2588 sunt
1078 2528 1399 2602 presbyteri.
1432 2528 1604 2593 Unde,
1638 2526 1682 2582 si
1722 2526 1845 2599 quis
1888 2535 2038 2583 recte
2071 2527 2399 2596 consideret,
2441 2530 2547 2586 hoc

531 2623 695 2678 modo
731 2622 787 2676 in
827 2620 1090 2692 regimine
1128 2617 1388 2674 Ecclesiae
1422 2620 1808 2689 comparantur
1834 2615 2203 2672 archidiaconi
2242 2623 2299 2673 et
2326 2618 2545 2688 plebani

532 2710 604 2767 ad
639 2711 968 2781 Episcopum
999 2705 1144 2762 sicut
1170 2706 1226 2760 in
1260 2703 1523 2776 regimine
1560 2703 1848 2776 temporali
1886 2705 2167 2776 praepositi
2196 2713 2253 2762 et
2280 2705 2447 2762 balivi
2472 2707 2547 2763 ad

531 2813 753 2868 regem3
784 2805 841 2852 et
880 2794 1022 2860 ideo,
1065 2793 1207 2849 sicut
1247 2809 1346 2848 rex
1381 2798 1674 2848 coronatur
1703 2800 1758 2848 et
1804 2792 2084 2863 inungitur
2121 2792 2179 2849 in
2208 2810 2395 2866 regno,
2434 2811 2546 2851 non

535 2890 721 2941 autem
749 2881 1029 2955 praepositi
1071 2879 1156 2937 vel
1194 2879 1390 2948 balivi;
1423 2879 1501 2935 ita
1530 2879 1694 2935 etiam
1722 2879 2023 2953 Episcopus
2052 2881 2105 2936 in
2140 2881 2403 2950 Ecclesia,
2436 2899 2547 2937 non

535 2980 721 3030 autem
757 2969 1126 3029 archidiaconi
1155 2968 1242 3025 vel
1285 2968 1521 3041 plebani.
1569 2969 1637 3024 Et
1667 2976 1887 3040 propter
1928 2969 2031 3025 hoc
2059 2969 2418 3042 Episcopatus
2461 2981 2551 3028 est

535 3062 670 3120 ordo
698 3061 754 3117 in
783 3057 1190 3133 comparatione
1213 3057 1282 3115 ad
1308 3073 1506 3130 corpus
1535 3057 1826 3130 mysticum
1847 3074 1861 3124 ;
1890 3072 1996 3114 non
2017 3065 2201 3115 autem
2222 3058 2549 3130 plebanatus

537 3151 625 3208 vel
661 3150 1153 3217 archidiaconatuS,
1198 3145 1294 3202 sed
1323 3145 1562 3201 officium
1589 3151 1822 3200 tantum.
1852 3145 2135 3218 Episcopis
2173 3163 2301 3218 ergo
2339 3147 2549 3204 similes

537 3243 666 3294 sunt
690 3236 1054 3294 archidiaconi
1082 3241 1137 3290 et
1165 3232 1380 3306 plebani
1410 3231 1555 3288 sicut
1580 3232 1927 3303 coadjutores
1950 3239 2008 3288 et
2034 3233 2297 3288 ministri:
2325 3234 2421 3289 sed
2453 3251 2553 3290 re-

537 3324 715 3396 ligiosi
757 3329 886 3380 sunt
925 3321 1206 3395 Episcopis
1245 3319 1453 3377 similes
1480 3320 1535 3375 in
1577 3328 1841 3393 perpetua
1874 3319 2229 3392 obligatione,
2260 3338 2385 3396 quae
2412 3321 2549 3379 facit

539 3420 746 3471 statum
772 3411 1136 3485 perfectionis.

610 3500 695 3558 Ad
723 3509 938 3558 sextum
961 3498 1270 3565 dicendum,
1303 3498 1452 3570 quod
1481 3455 1665 3571 aliqua
1694 3495 1802 3554 duo
1826 3512 1991 3570 opera
2020 3496 2147 3554 vel
2132 3515 2187 3554 in
2210 3498 2353 3555 bono
2378 3499 2503 3555 vel
2489 3514 2551 3556 m

537 3590 681 3648 malo
709 3594 939 3662 possunt
971 3585 1343 3658 multipliciter
1366 3585 1479 3642 ad
1464 3585 1699 3643 invicem
1724 3585 2053 3659 comparari.
2092 3587 2213 3644 Uno
2256 3587 2421 3644 modo
2449 3604 2512 3644 se

536 3678 778 3738 cundum
799 3692 958 3734 suum
982 3690 1180 3748 genus;
1199 3673 1342 3731 sicut
1360 3673 1595 3731 dicimus
1613 3673 2008 3731 continentiam
2027 3675 2347 3746 virginalem
2365 3692 2551 3748 praee-

537 3767 748 3824 minere
769 3767 826 3824 in
845 3765 986 3823 hono
1001 3764 1352 3822 continentiae
1374 3763 1602 3828 viduali,
1617 3763 1671 3818 in
1686 3762 1832 3820 malo
1847 3777 1978 3820 vero
1994 3763 2348 3820 homicidium
2368 3765 2547 3835 surt03

539 3862 596 3910 et
617 3855 724 3912 hoc
751 3855 912 3912 modo
951 3853 1064 3912 vita
1086 3855 1266 3910 activa
1295 3861 1380 3908 est
1409 3852 1737 3908 fructuosior
1764 3867 1930 3926 quarn
1965 3854 2414 3926 contemplativa,
2446 3856 2549 3911 sed

541 3945 965 4018 contemplativa
990 3942 1186 4000 merito
1199 3941 1376 4014 major
1399 3948 1485 3998 est
1506 3956 1673 4014 quam
1700 3942 1903 4014 activa,
1923 3948 1985 4000 ut
2012 3941 2313 4016 Gregorius
2334 3942 2471 4000 dicit
2490 3943 2557 4003 in
