2800 4492
569 286 688 355 4¹18
1046 299 1099 346 s.
1143 297 1376 344 ‘monae
1418 296 1747 347 nouit-utus
1789 296 2099 343 croscum

573 419 900 477 mandantur
921 417 1051 491 quia
1081 414 1326 471 mentitae
1353 418 1501 479 eunt,
1533 413 1626 469 sed
1660 421 1883 487 propter
1914 414 2347 472 misericordiam
2374 432 2444 473 ex
2474 433 2579 490 qna

573 508 626 563 in
656 507 996 565 mendacium
1031 503 1375 572 inciderunt;
1401 508 1458 557 et
1486 502 1566 557 sio
1595 510 1822 573 apparet
1862 501 1915 556 in
1944 502 2025 559 eis
2054 503 2309 573 quaedam
2347 505 2575 571 indole&

573 596 714 657 idest
739 594 1012 669 profectus
1037 592 1277 659 virtutiS,
1313 607 1418 646 non
1443 597 1629 647 autem
1660 589 1943 661 perfectio.

1245 768 1703 830 ARTICULUS
1760 768 1902 831 XV.

585 906 803 971 Utmcm
832 906 1104 985 oporteat
1128 901 1290 983 quod
1314 902 1371 963 si
1398 900 1629 981 aliquis
1656 900 1930 963 intendat
1948 916 2194 980 peccare
2216 858 2569 978 mortaliter,

653 994 814 1075 quod
833 996 1030 1072 peccet
1053 994 1300 1070 propter
1329 990 1436 1051 Ῐιοσ
1465 989 1825 1051 mortaliter.
1860 1024 1939 1035 —
1967 989 2130 1069 (1-2,
2176 996 2386 1069 quast.
2438 993 2568 1068 114,

613 1078 618 1085 ’
654 1086 777 1145 art.
808 1083 904 1156 10,
939 1081 1019 1142 ad
1045 1082 1116 1155 2;
1149 1083 1206 1141 et
1226 1078 1363 1152 2·2,
1395 1081 1607 1158 quast.
1644 1078 1742 1151 11,
1775 1081 1897 1140 art.
1932 1078 1993 1151 3,
2022 1078 2103 1139 ad
2124 1079 2214 1158 2).

611 1270 618 1279 ,
646 1215 802 1272 Circa
831 1213 1080 1286 quintum
1109 1212 1190 1267 sic
1227 1209 1562 1282 proceditur.
1608 1210 1839 1266 Videtur
1858 1210 2010 1298 quod
2046 1226 2150 1267 non
2189 1219 2405 1285 oportet
2434 1212 2571 1286 quod

572 1304 623 1361 si
661 1302 861 1377 aliquis
898 1301 1145 1358 intendat
1184 1314 1414 1373 peccare
1454 1298 1778 1366 mortaliter,
1824 1299 1970 1371 quod
2015 1309 2202 1371 peccet
2233 1307 2452 1373 propter
2477 1302 2572 1365 hoc

504 1420 508 1425 ·
577 1392 898 1449 mortaliter.
932 1392 1076 1445 Deus
1103 1388 1246 1444 enim
1287 1388 1506 1458 pronior
1534 1394 1619 1443 est
1660 1388 1729 1443 ad
1774 1387 2138 1455 misere-ndum
2174 1404 2343 1461 quam
2372 1389 2435 1445 ad
2476 1379 2606 1462 pu-'

577 1481 852 1546 niendum,
901 1476 1214 1535 uthabetur
1255 1476 1308 1531 in
1342 1476 1541 1533 Glossa
1580 1477 1633 1531 in
1665 1478 1838 1548 princ.
1886 1478 2123 1532 Hierem.
2166 1477 2272 1533 Sed
2302 1478 2346 1533 si
2386 1478 2572 1551 aliquis
2609 1547 2616 1552 Ι

577 1570 826 1627 intendat
851 1583 1076 1641 peccare
1106 1566 1411 1633 venialiter,
1440 1580 1545 1621 non
1569 1566 1819 1638 sequitur
1843 1564 1988 1638 quod
2014 1573 2237 1638 propter
2264 1565 2368 1622 hoc
2396 1574 2572 1639 peccet

577 1658 880 1715 venialiter.
907 1656 1050 1727 Ergo
1076 1670 1176 1711 nec
1199 1663 1417 1726 oportet
1441 1653 1586 1726 quod
1612 1653 1707 1726 qui
1736 1653 1971 1710 intendit
2000 1669 2228 1726 peccare
2255 1655 2567 1722 mortaliter,

578 1747 724 1820 quod
757 1753 976 1819 propter
1005 1744 1107 1799 hoc
1131 1750 1319 1815 peccet
1351 1741 1676 1799 mortaliter.
2001 1780 2005 1787 .

647 1832 754 1889 Sed
773 1838 982 1897 contra,
1012 1830 1342 1903 quicumque
1367 1830 1601 1885 intendit
1631 1844 1856 1902 peccare
1881 1830 2203 1896 mortaliter,
2233 1830 2369 1889 facit
2394 1839 2571 1889 contra

577 1920 987 1979 conscientiam.
1017 1918 1124 1975 Sed
1153 1919 1330 1973 omnis
1360 1916 1485 1973 talis
1511 1925 1706 1991 peccat
1720 1917 2044 1976 mortaliter.
2072 1918 2215 1991 Ergo
2241 1927 2351 1977 etc.

613 2063 622 2079 ,
647 2006 969 2080 Respondeo
1013 2005 1325 2072 dicendum,
1390 2007 1537 2079 quod
1593 2005 1887 2079 improprie
1932 2007 2134 2064 dicitur
2179 2008 2325 2081 quod
2388 2007 2573 2081 aliquis

578 2098 825 2157 intendat
851 2110 1076 2169 peccare
1104 2094 1412 2151 mortaliter
1440 2102 1535 2151 aut
1574 2094 1859 2151 venialiter
1887 2112 1898 2148 :
1928 2094 2131 2160 malum
2155 2097 2301 2152 enim
2332 2096 2415 2153 es't
2440 2112 2573 2171 prae·

579 2195 662 2244 ter
707 2186 1062 2259 intentionem
1097 2192 1152 2241 et
1197 2184 1555 2245 voluntatem,
1603 2189 1663 2239 ut
1702 2184 1835 2240 dicit
1877 2184 2191 2256 Dionysiae,
2239 2201 2299 2241 ιν
2347 2201 2467 2259 cap.
2512 2186 2573 2241 de

579 2275 748 2339 divin.
773 2274 992 2329 Nomin.
1014 2272 1117 2329 Sed
1145 2272 1290 2346 quod
1315 2272 1516 2345 aliquis
1541 2272 1775 2327 intendit
1800 2272 1978 2328 facere
2004 2273 2210 2344 aliquid
2237 2274 2385 2347 quod
2410 2274 2574 2330 credit

580 2379 700 2420 esse
747 2361 974 2419 mortale
1019 2370 1324 2433 peccatum,
1371 2376 1439 2417 cx
1494 2359 1597 2415 hoc
1640 2359 1841 2416 dicitur
1888 2362 2033 2433 quod
2075 2362 2311 2417 intendit
2362 2378 2573 2435 peccare

581 2452 903 2509 mortaliter.
951 2449 1220 2507 Praedicta
1265 2465 1394 2520 ergo
1439 2448 1671 2522 quaestio
1702 2447 1833 2504 nihil
1865 2448 2010 2505 aliud
2054 2449 2255 2523 quaerit
2282 2450 2388 2507 nisi
2419 2467 2575 2523 quare

581 2540 791 2614 aliquis'
806 2540 1036 2596 credens
1062 2554 1182 2595 esse
1218 2543 1506 2611 peccatum
1540 2536 1771 2594 mortale
1799 2537 1943 2608 quod
1974 2536 2124 2604 facit,
2158 2546 2351 2610 peccet
2380 2546 2576 2595 morta-

583 2629 705 2686 liter
737 2645 750 2683 :
792 2642 898 2683 non
923 2634 1105 2684 autem
1147 2634 1230 2681 est
1261 2641 1482 2683 necesse
1522 2623 1668 2699 quod
1702 2626 1775 2680 sit
1816 2624 2047 2694 veniale,
2081 2626 2125 2681 si
2156 2627 2350 2683 credat
2380 2628 2578 2685 veniale

583 2732 735 2784 esse;
785 2722 846 2771 ut
880 2716 926 2771 si
969 2713 1380 2770 fornicationem
1424 2713 1614 2770 credat
1640 2728 1761 2769 esse
1806 2713 2019 2770 veniale
2064 2720 2375 2787 peccatum.
2424 2717 2580 2788 Cujus

583 2803 904 2877 quaestionis
929 2802 997 2856 de
1026 2801 1171 2858 facili
1208 2807 1358 2874 patet
1385 2801 1586 2856 solutio
1620 2818 1633 2855 ε
1675 2800 1825 2874 quia,
1870 2816 1994 2857 cum
2045 2802 2384 2859 conscientia
2423 2805 2579 2862 etiam

584 2906 809 2948 erronea
833 2888 1032 2945 habeat
1057 2888 1164 2945 vim
1191 2888 1414 2961 ligandi,
1440 2905 1506 2945 ex
1533 2889 1633 2945 hoc
1659 2891 1777 2963 ipso
1805 2889 1950 2962 quod
1976 2896 2167 2947 contra
2196 2891 2581 2949 conscientiam

586 2980 740 3048 facit,
767 2978 1068 3034 mortaliter
1087 2984 1297 3050 peccat.
1318 2976 1480 3033 Error
1500 2965 1683 3034 autem
1704 2977 2055 3035 conscientiae
2075 2980 2408 3053 quandoque
2428 2981 2582 3037 habet

585 3070 695 3125 vim
723 3066 1036 3125 absolvendi
1065 3066 1180 3123 sive
1209 3066 1537 3134 excusandi3
1570 3065 1789 3139 quando
1816 3066 2027 3123 scilicet
2057 3067 2304 3141 procedit
2338 3084 2403 3124 ex
2434 3070 2582 3143 igno-

586 3158 764 3213 rantia
793 3158 912 3228 ejus
938 3153 1082 3227 quod
1119 3154 1242 3227 quis
1271 3156 1411 3211 scire
1440 3170 1545 3210 non
1581 3160 1783 3228 potest,
1827 3154 1911 3210 vel
1940 3155 2081 3211 scire
2106 3171 2213 3210 non
2246 3164 2497 3225 tenetur;
2534 3164 2581 3215 et

586 3245 641 3301 in
671 3243 768 3299 tali
802 3258 953 3312 casu,
995 3243 1245 3316 quamvis
1273 3242 1479 3299 factum
1509 3243 1577 3298 de
1605 3256 1665 3298 se
1702 3242 1774 3299 sit
1801 3242 2051 3310 mortale,
2085 3248 2267 3301 tamen
2303 3244 2586 3303 intendens

584 3346 812 3405 peccare
840 3331 1143 3401 venialiter,
1172 3338 1428 3404 peccaret
1454 3330 1772 3400 venialiter3
1804 3330 1946 3387 sicut
1973 3331 2021 3389 si
2049 3331 2248 3405 aliquis
2286 3332 2587 3391 intenderet

587 3420 848 3479 accedere
875 3418 945 3475 ad
984 3434 1206 3475 uxorem
1239 3435 1396 3476 snam
1425 3435 1593 3477 causa
1635 3418 2034 3488 delectationiS,
2081 3427 2135 3476 et
2176 3421 2254 3478 ita
2285 3422 2589 3479 intenderet

585 3524 814 3583 peccare
841 3505 1146 3583 venialiter,
1190 3508 1234 3562 si
1277 3507 1385 3564 alia
1428 3507 1477 3562 ei
1505 3516 1903 3580 supponeretur
1938 3523 2003 3564 eo
2046 3509 2345 3577 nesciente,
2395 3510 2590 3567 nihilo-

586 3599 766 3653 minus
792 3595 1076 3652 venialiter
1104 3604 1373 3667 peccaret.
1402 3594 1741 3669 Quandoque
1766 3612 1895 3653 vero
1926 3612 2076 3653 error
2104 3598 2462 3656 conscientiae
2492 3615 2592 3655 non

586 3686 749 3741 habet
791 3686 903 3741 vim
939 3683 1255 3741 absolvendi
1296 3682 1380 3739 vel
1410 3684 1736 3755 excusandi;
1768 3686 1986 3759 quando
2028 3686 2236 3742 scilicet
2284 3687 2403 3760 ipse
2447 3703 2594 3744 error

587 3781 873 3847 peccatum
901 3779 1003 3840 ost,
1033 3780 1092 3829 ut
1119 3789 1244 3831 cum
1273 3772 1519 3845 procedit
1542 3789 1610 3829 ex
1636 3774 1943 3846 ignorantia
1972 3776 2089 3847 ejus
2122 3776 2271 3849 quod
2304 3777 2434 3849 quis
2459 3777 2595 3834 scire

590 3868 805 3935 tenetur
833 3867 890 3919 et
924 3867 1138 3939 potest;
1165 3860 1310 3919 sicut
1338 3858 1385 3919 si
1412 3862 1665 3941 crederet
1696 3862 2112 3927 fornicationem
2140 3863 2453 3947 simplicem
2482 3880 2595 3922 esse

2748 514 2751 669 l
