2800 4492
528 355 610 417 '72
1009 370 1062 415 s.
1109 368 1342 412 meum
1383 366 1712 418 somnitus
1755 368 2065 414 croscum

529 487 695 544 habet
737 486 972 560 primam
1007 483 1475 554 comparationem
1504 481 1577 540 ad
1602 483 1803 550 locum,
1830 482 1933 540 hoc
1964 484 2282 557 prohibeat,¹
2316 501 2550 560 compa-

529 584 687 633 ratur
725 581 909 632 autem
953 573 1022 631 ad
1068 573 1267 639 locum,
1293 580 1454 646 prout
1488 571 1675 631 subest
1714 571 2147 630 dimensionibus
2180 581 2278 631 :et
2324 576 2451 632 ideo
2478 593 2549 634 ex

529 671 730 721 natura
756 662 1006 720 materiae
1045 655 1309 733 subjectae
1345 659 1779 718 dimensionibus
1822 660 2179 733 prohibentur
2220 663 2379 736 plura
2416 679 2550 721 cor·

530 767 664 825 pora
704 765 826 807 esse
862 752 914 807 in
953 749 1146 806 eodem
1191 748 1332 806 loco.
1376 748 1611 821 Oportet
1646 749 1795 806 enim
1839 749 1997 820 plura
2038 766 2159 808 esse
2200 765 2451 825 corpora,
2488 753 2549 809 in

531 841 731 914 quibus
759 839 934 898 forma
961 838 1346 911 corporeitatis
1371 837 1685 894 inveniatur
1712 838 1909 906 divisa,
1934 853 2059 912 quae
2078 840 2301 912 quidem
2316 857 2427 898 non
2454 843 2552 900 di-

532 928 738 985 viditur
767 929 870 984 nisi
909 944 1007 1000 per
1041 924 1366 984 divisionem
1397 927 1665 994 materiae,
1686 928 1845 998 cujus
1872 926 2071 984 divisio
2108 942 2233 984 cum
2272 930 2346 985 sit
2366 931 2549 990 solum

529 1033 628 1090 per
651 1017 1038 1084 dimensiones,
1057 1017 1126 1073 de
1148 1016 1358 1072 ratione
1383 1029 1620 1088 quarum
1648 1022 1733 1070 est
1746 1015 1905 1081 situs,
1939 1014 2277 1086 impossibile
2290 1023 2377 1074 est
2402 1019 2549 1077 hanc

533 1107 822 1162 materiam
847 1119 967 1162 esse
993 1103 1310 1160 distinctam
1334 1102 1544 1173 abina,
1566 1102 1671 1159 nisi
1700 1102 1921 1176 quando
1948 1111 2033 1160 est
2056 1104 2315 1162 distincta
2342 1123 2551 1166 secun-

533 1195 664 1251 dum
687 1195 873 1262 situm,
905 1194 1054 1268 quod
1079 1209 1186 1250 non
1233 1200 1317 1250 est
1357 1193 1579 1266 quando
1604 1192 1715 1250 duo
1756 1207 1988 1266 corpora
2014 1199 2288 1266 ponuntur
2332 1213 2457 1254 esse
2491 1200 2548 1257 in

535 1283 730 1339 eodem
756 1281 874 1340 loco
905 1297 918 1336 ε
945 1281 1090 1338 unde
1113 1280 1208 1338 illa
1235 1281 1346 1336 dno
1363 1296 1597 1355 corpora
1620 1287 1805 1338 essent
1834 1294 2001 1337 unum
2024 1297 2242 1356 corpus,
2270 1285 2421 1358 quod
2462 1296 2549 1345 est

534 1370 892 1445 impossibile.
919 1371 1056 1427 Cum
1085 1369 1256 1442 igitur
1295 1370 1525 1426 materia
1556 1369 1986 1426 dimensionibus
2016 1371 2263 1444 subjecta
2292 1375 2548 1435 invenia-

533 1467 624 1516 tur
663 1460 718 1516 in
766 1460 1204 1533 quibuscumque
1245 1457 1585 1530 corporibus,
1613 1463 1831 1529 oportet
1872 1457 2131 1530 quaelibet
2170 1461 2277 1516 duo
2314 1456 2546 1536 corpora

530 1549 808 1621 prohiberi
837 1563 905 1605 ex
935 1549 1054 1620 ipsa
1078 1555 1276 1604 natura
1295 1547 1682 1618 corporeitatis
1706 1547 1755 1603 si
1778 1546 1942 1603 simul
1964 1547 2075 1603 sint
2101 1548 2155 1603 in
2178 1550 2372 1606 eodem
2402 1552 2545 1610 loco.

605 1637 689 1693 Ad
717 1638 956 1710 primum
984 1636 1151 1706 igitur
1178 1634 1494 1700 dicendum,
1521 1634 1668 1706 quod
1700 1634 1993 1707 dupliciter
2016 1642 2197 1708 potest
2224 1637 2331 1694 dici
2360 1638 2547 1715 aliqua

537 1725 836 1797 propositio
866 1737 974 1779 non
1007 1721 1386 1793 intelligibilis.
1412 1723 1531 1778 Uno
1556 1722 1739 1790 modo,
1767 1739 1836 1779 ex
1871 1729 2025 1796 perte
2047 1724 2421 1798 intelligentis,
2450 1733 2547 1803 qui

533 1813 719 1867 deficit
747 1811 1049 1878 intellectu,
1077 1809 1222 1866 siout
1248 1809 1365 1865 haec
1389 1811 1689 1884 propositio
1724 1829 1736 1866 :
1780 1812 1841 1867 ln
1870 1811 2046 1870 tribus
2076 1815 2323 1886 personis
2344 1818 2548 1875 divinis

534 1907 621 1957 est
647 1916 754 1957 una
783 1898 1022 1956 essentia
1057 1915 1071 1954 z
1099 1903 1156 1955 et
1182 1898 1493 1970 hujusmodi
1532 1900 1832 1973 propositio
1860 1916 1969 1957 uon
1994 1908 2209 1975 oportet
2253 1906 2399 1978 quod
2440 1908 2549 1963 im-

533 1989 701 2064 plicet
724 1987 1238 2045 contradictionem.
1265 1986 1389 2043 Alio
1424 1988 1605 2055 modo,
1636 2003 1704 2044 ex
1732 1995 1889 2062 parte
1926 1989 2096 2061 ipsius
2134 1994 2543 2064 propositionis,

534 2085 592 2135 et
619 2078 723 2138 hoc
745 2076 1056 2149 dupliciter.
1084 2077 1202 2134 Uno
1227 2076 1415 2145 modo,
1435 2075 1568 2149 quia
1586 2075 1832 2148 implicat
1864 2077 2355 2137 contradictionem
2380 2082 2549 2140 abso-

533 2166 670 2234 luto,
702 2166 878 2223 sicut:
903 2163 1194 2222 Rationale
1222 2171 1306 2220 est
1336 2164 1673 2233 irrationale,
1690 2169 1745 2222 et
1770 2165 2083 2237 hujusmodi¹
2108 2167 2256 2225 nullo
2282 2171 2547 2229 miraculo

534 2253 806 2313 verificari
853 2259 1102 2328 possunt.
1151 2253 1272 2311 Alio
1321 2253 1501 2320 mode,
1548 2252 1679 2326 qnia
1732 2252 2015 2326 implicant
2055 2259 2547 2318 contradictionem

536 2343 723 2417 aliquo
751 2343 934 2412 modo,
964 2344 1110 2400 sicut
1154 2343 1282 2399 ista.
1309 2338 1555 2398 Mortuus
1582 2342 1727 2398 redit
1754 2343 1824 2400 ad
1866 2342 2039 2401 vitam
2078 2345 2303 2414 virtute,
2334 2350 2551 2407 scilicet

534 2433 775 2508 propria,
801 2447 928 2490 cum
955 2437 1192 2505 ponatur
1223 2447 1322 2505 per
1346 2431 1453 2488 hoc
1478 2431 1627 2504 qnod
1657 2430 1859 2489 dicitur
1886 2438 2163 2490 mortuum
2204 2437 2351 2492 omni
2391 2439 2550 2512 prin-

535 2524 681 2596 cipio
704 2522 836 2580 vitae
862 2522 1186 2578 destitutum
1214 2537 1227 2576 z
1255 2526 1315 2577 et
1346 2520 1480 2577 talia
1516 2526 1747 2594 possunt
1768 2520 2040 2578 verificari
2084 2524 2349 2582 miraculo
2378 2542 2550 2602 supe-

536 2611 670 2670 riori
707 2612 910 2667 virtute
949 2617 1230 2682 operante,
1263 2613 1319 2664 et
1360 2607 1617 2664 similiter
1658 2614 1744 2666 est
1783 2608 1841 2665 in
1878 2611 2176 2683 proposito.
2212 2613 2367 2670 Sicut
2400 2618 2547 2674 enim

536 2699 751 2757 duobus
772 2696 1092 2770 corporibus
1117 2696 1308 2751 nonin
1333 2695 1529 2752 eodem
1563 2695 1681 2754 loco
1717 2697 1913 2770 positis
1948 2705 2130 2771 potest
2170 2701 2357 2776 aliqua
2382 2697 2567 2764 natu-'

538 2787 670 2844 ralis
688 2801 856 2843 causa
879 2783 1218 2841 diversitatis
1237 2782 1493 2852 inveniri,
1510 2785 1592 2840 sic
1619 2785 1807 2844 divina
1834 2787 2011 2845 virtus
2039 2795 2221 2861 potest
2246 2807 2549 2866 ea‚quam-

537 2876 623 2934 vis
649 2875 760 2931 sint
783 2874 938 2930 unita
961 2873 1018 2929 in
1041 2873 1172 2944 situ,
1201 2873 1256 2928 in
1273 2887 1384 2929 sua
1413 2873 1767 2932 distinctione
1794 2891 2141 2947 conservare,
2174 2886 2230 2936 et
2264 2882 2345 2938 sic
2373 2885 2552 2942 mira-

537 2961 724 3022 culose
748 2962 867 3019 fieri
892 2966 1072 3036 potest
1094 2961 1204 3018 duo
1231 2977 1463 3036 corpora
1490 2977 1613 3021 esse
1639 2964 1698 3022 in
1724 2963 1921 3022 eodem
1946 2966 2085 3024 loco.

608 3053 692 3110 Ad
716 3051 1018 3110 secundum
1041 3049 1352 3119 dicendum,
1380 3053 1528 3125 quod
1552 3053 1819 3126 quidquid
1844 3054 1917 3111 sit
1939 3055 2035 3112 illa
2058 3059 2401 3131 corpulentia
2424 3079 2553 3136 qnoe

537 3142 740 3199 dicitur
767 3140 1036 3198 removeri
1065 3155 1100 3198 a
1139 3141 1459 3214 corporibus
1494 3141 1765 3213 gloriosis,
1798 3147 1981 3202 tamen
2022 3145 2247 3217 planum
2286 3157 2373 3206 est
2402 3153 2553 3224 quod

537 3231 874 3303 corporeitas
897 3228 968 3286 ab
985 3229 1067 3286 eis
1093 3244 1374 3304 nunquam
1403 3230 1792 3301 removebitur,
1820 3239 1878 3288 et
1900 3231 2024 3290 ideo
2054 3247 2156 3292 nec
2186 3251 2353 3294 causa
2383 3249 2555 3297 natu-

537 3318 729 3376 raliter
763 3316 1056 3391 prohibens
1095 3318 1318 3391 aliquod
1355 3333 1545 3374 eorum
1586 3319 1749 3376 simul
1788 3333 1911 3376 esse
1952 3335 2078 3378 cum
2104 3323 2215 3380 alio
2261 3325 2318 3380 in
2358 3327 2555 3386 eodem

536 3405 658 3464 loco
687 3424 701 3462 t
729 3406 826 3462 sed
849 3405 1026 3463 solum
1054 3406 1378 3464 miraculose
1403 3407 1506 3464 hoc
1530 3421 1651 3464 esse
1670 3407 1890 3480 poterit,
1924 3409 2071 3482 quod
2100 3413 2211 3470 sint
2238 3414 2399 3472 simul
2425 3431 2557 3475 cum

540 3497 665 3554 aliis
701 3495 1022 3568 corporibus
1045 3495 1102 3551 in
1129 3496 1322 3552 eodem
1350 3495 1493 3552 loco.

608 3585 693 3643 Ad
737 3585 958 3642 tertium
992 3583 1302 3652 dicendum,
1345 3583 1493 3656 quod
1536 3582 1630 3641 lux
1656 3599 1767 3642 non
1794 3592 1880 3644 est
1915 3599 2133 3662 corpus,
2176 3591 2275 3648 sed
2314 3593 2559 3666 qualitas

540 3674 814 3748 quaedam,
853 3679 914 3729 ut
951 3674 1176 3730 Damas·
1220 3670 1377 3741 dicit,
1424 3678 1480 3728 et
1507 3673 1677 3730 etiam
1714 3674 1941 3732 Avicen.
1972 3680 2113 3750 Aug.
2146 3685 2331 3736 autem
2377 3681 2557 3740 lucem

541 3762 787 3820 nominat
817 3763 998 3834 ignem
1027 3761 1224 3833 ipsum,
1256 3760 1403 3833 quod
1438 3768 1592 3834 patet
1620 3777 1689 3820 ex
1715 3763 1836 3834 hoc,
1864 3766 2013 3840 quod
2041 3765 2219 3825 lucem
2251 3769 2559 3830 condividit

539 3859 732 3908 contra
757 3865 959 3918 aerem,
993 3861 1212 3922 aquam,
1241 3856 1294 3907 et
1320 3854 1548 3908 terram.

611 3937 696 4001 Ad
722 3944 980 4017 quartum
1007 3937 1319 4010 dicendum,
1362 3938 1511 4020 quod
1547 3945 1661 4000 tres
1696 3941 1909 4020 species
1936 3941 2079 4018 ignis
2115 3959 2150 4007 a
2177 3943 2379 4008 Philos.
2412 3897 2561 4010 assi-
