2800 4492
765 326 880 379 xn-
911 344 994 361 —
1019 295 1466 383 ouonmen'ruu-
1488 331 1707 378 nomm
2034 390 2037 395 Ι
2118 314 2239 397 463

297 442 384 502 Λᾶ
407 442 710 502 secundum
747 444 1058 515 dicendum,
1090 448 1238 521 quod
1259 464 1459 523 corpus
1480 449 1695 506 unitum
1722 446 1919 506 animae
1953 445 2239 521 praeintel-

223 532 420 605 ligitur
443 534 802 608 assumptioni
830 535 1096 603 humanae
1122 546 1334 595 neturae
1371 554 1386 593 ε
1424 538 1636 594 unitum
1666 542 1850 594 autem
1888 536 2012 593 dico
2041 537 2237 593 unione

222 624 598 693 constituente
644 621 1063 695 humanitatem,
1101 640 1209 683 non
1259 626 1682 684 autem-unione
1729 625 2097 683 constituente
2134 624 2236 681 ho-

227 710 452 766 minem.
987 712 990 715 ’

295 798 379 855 Ad
423 798 650 855 tertium
677 800 988 871 dicendum,
1039 801 1183 875 quod
1223 801 1401 875 gratia
1441 800 1740 859 habitualis
1780 817 1885 859 non
1916 800 2237 873 intelligitur

226 896 288 945 ut
325 887 570 943 medium
612 889 845 953 unionis,
892 890 1036 962 quod
1067 892 1371 947 secundum
1407 891 1742 948 intellectum
1771 894 2033 964 praecedit
2077 892 2237 947 unio·

225 991 351 1033 nem
376 994 391 1031 ε
420 992 520 1033 nec
549 983 633 1033 est
649 978 892 1035 medium
920 978 1066 1052 quod
1091 988 1282 1035 causet
1305 979 1562 1035 unionem
1586 979 1671 1035 vel
1699 980 2065 1037 unibilitatem
2097 998 2111 1037 ε
2140 980 2235 1037 sed

223 1064 469 1121 medium
496 1066 642 1139 quod
672 1065 804 1122 facit
843 1066 912 1123 ad
951 1068 1349 1139 congruitatem
1389 1068 1621 1135 unionis,
1655 1068 1799 1125 sicut
1834 1069 2239 1140 decoravestis

223 1154 358 1211 facit
395 1154 467 1210 ad
508 1155 906 1226 congruitatem
948 1156 1346 1227 conjunctionis
1391 1157 1830 1214 matrimonialis.
1876 1158 1945 1213 Et
1984 1157 2238 1213 similiter

225 1243 458 1299 scientia
485 1250 543 1299 et
569 1258 758 1299 omnes
799 1243 922 1301 aliae
949 1245 1310 1316 perfectiones
1337 1245 1556 1304 Christi
1584 1253 1806 1320 possent
1845 1246 1957 1303 dici
1996 1247 2236 1303 medium

223 1332 462 1400 unionis,
493 1337 550 1387 et
589 1347 686 1403 pro
729 1338 882 1395 tanto
919 1333 1096 1405 gratia
1123 1333 1421 1391 habitualis
1462 1334 1661 1391 Christi
1694 1342 1873 1408 potest
1916 1336 2025 1392 dici
2056 1338 2234 1408 gratia

221 1420 459 1476 unionis.
491 1420 684 1477 Verius
714 1429 895 1478 tamen
928 1431 1082 1494 pum,
1123 1423 1268 1495 quod
1299 1424 1477 1495 gratia
1508 1424 1725 1479 unionis
1758 1424 1973 1480 dicatur
2000 1428 2084 1480 vet
2120 1424 2234 1494 ipsa

219 1510 468 1581 gratuita
504 1509 602 1566 Dei
629 1510 902 1576 voluntas,
937 1527 1062 1584 quae
1098 1512 1289 1583 gram,
1326 1511 1487 1567 nullis
1528 1514 1739 1569 meritis
1778 1512 2232 1585 praecedent-ihus,

221 1600 484 1664 unionem,
519 1598 680 1668 secit;
724 1598 810 1656 vel
851 1602 1034 1673 potius
1075 1598 1252 1672 ipsum
1282 1600 1485 1656 donum
1530 1601 1704 1673 gratis
1748 1600 1939 1657 datum
1982 1599 2235 1659 humanae

222 1696 455 1751 natura-2,
497 1687 641 1760 quod
688 1696 773 1743 est
805 1704 926 1743 esse
957 1688 1010 1744 in
1041 1688 1224 1744 divina
1256 1704 1511 1761 persona.
1548 1688 1604 1745 si
1646 1694 1831 1746 tamen
1859 1688 2041 1745 anima
2081 1691 2231 1746 unita

222 1776 437 1850 corpori
465 1775 903 1848 praeintelligitur
932 1777 998 1833 ad
1031 1778 1479 1848 assumptionem,
1508 1778 1827 1834 solvendum
1852 1786 1943 1837 est.
1968 1787 2027 1835 ut
2060 1779 2230 1851 prius·

290 1865 376 1921 Ad
406 1871 664 1937 quartum
705 1865 1018 1933 dicendum,
1052 1867 1196 1939 quod
1226 1866 1539 1924 humanitas
1565 1884 1675 1925 non
1717 1876 1803 1925 est
1844 1868 2019 1924 forma
2062 1869 2233 1941 partis

223 1969 348 2028 quae
378 1954 596 2009 dicatur
617 1952 791 2009 forma
832 1955 961 2027 quia
1001 1955 1254 2012 informet
1295 1956 1538 2030 aliquam
1576 1958 1862 2014 materiam
1903 1956 1988 2013 vel
2012 1957 2233 2029 subjec-

225 2049 374 2107 tum:
406 2041 504 2097 sod
530 2042 732 2099 dicitur
760 2042 934 2099 forma
961 2045 1148 2112 totius,
1192 2045 1248 2099 in
1275 2059 1384 2118 qua
1410 2046 1751 2119 suppositum
1780 2053 1994 2103 naturae
2020 2046 2235 2103 subsis-

223 2132 320 2201 tit3
353 2132 500 2187 unde
518 2147 629 2188 non
658 2137 874 2204 oportet
903 2147 1103 2204 ponere
1127 2133 1271 2211 quod
1303 2133 1615 2207 hypostasis
1643 2134 1888 2191 increata
1912 2133 2236 2192 informetur

221 2221 584 2289 humanitate,
614 2220 712 2277 sed
741 2220 884 2294 quod
910 2221 1159 2277 subsistit
1186 2221 1241 2276 in
1269 2236 1355 2277 ea.
1550 2206 1557 2215 ⁸

920 2363 1378 2425 ARTICULUS
1420 2364 1529 2426 111.

232 2464 549 2545 Uti-um'in
581 2476 826 2543 Christo
851 2478 939 2541 sic
965 2496 1153 2540 unum
1182 2482 1419 2541 tantum
1449 2496 1587 2543 esse.
1620 2511 1699 2523 —
1729 2479 1793 2559 (3
1814 2482 1985 2559 part.
2015 2482 2232 2561 qaeest-

544 2570 643 2643 17,
671 2571 795 2631 art.
821 2568 864 2627 2
889 2572 946 2630 et
971 2570 1033 2641 3,
1066 2568 1213 2630 dist.
1244 2569 1305 2642 6,
1337 2572 1547 2647 quaest.
1580 2568 1643 2643 2,
1670 2572 1794 2630 art.
1818 2569 1911 2647 2).

290 2675 374 2733 Ad
405 2674 703 2733 secundum
738 2674 820 2731 sic
843 2673 1176 2747 proceditur.
1202 2676 1226 2729 4
1274 2673 1500 2730 Videtur
1526 2675 1673 2749 qued
1708 2677 1763 2730 in
1785 2673 2000 2731 Christo
2022 2690 2133 2733 non
2160 2674 2233 2731 sit

222 2779 391 2821 unum
431 2772 642 2819 tantum
673 2778 813 2819 esse.
851 2762 1043 2819 Vivere
1071 2764 1237 2829 enim,
1265 2762 1565 2819 secundum
1592 2754 1985 2837 Philosophum·
2004 2765 2058 2820 in
2086 2764 2134 2821 11
2161 2764 2231 2821 de

220 2854 416 2910 Anima
447 2853 600 2923 (text.
630 2867 830 2909 comm.
861 2852 967 2920 37),
996 2850 1306 2908 viventibus
1333 2860 1419 2908 est
1460 2868 1599 2909 esse.
1643 2852 1747 2910 Sed
1788 2854 1841 2909 in
1870 2852 2085 2910 Christo
2126 2869 2231 2910 non

221 2952 305 2999 est
331 2932 546 2997 tantum
572 2956 740 2997 unum
763 2941 966 3007 vivere,
999 2956 1120 2997 cum
1147 2940 1348 3014 duplex
1369 2940 1443 2998 sit
1468 2940 1522 2997 in
1548 2958 1615 2998 eo
1640 2942 1782 3009 vita;
1809 2952 1995 2999 creata
2020 2942 2231 2999 scilicet

222 3032 358 3097 vita,
389 3046 496 3102 qua
535 3030 672 3086 vivit
703 3044 902 3100 corpus
941 3045 1036 3101 per
1064 3030 1323 3092 animam,
1355 3044 1481 3102 quae
1516 3038 1694 3085 morte
1723 3031 1999 3100 privatum
2029 3036 2085 3083 et
2116 3030 2233 3086 vita

222 3118 486 3185 increata,
528 3135 638 3193 qua
663 3117 802 3175 vivit
837 3133 934 3191 per
969 3132 1029 3173 se
1054 3118 1252 3190 ipsum.
1278 3118 1422 3189 Ergo
1450 3133 1549 3173 nec
1586 3119 1640 3172 in
1664 3115 1879 3200 Christo
1908 3124 1992 3173 est
2018 3122 2229 3174 tantum

223 3222 392 3263 unum
429 3222 570 3263 esse.
1255 3262 1259 3265 .

291 3302 345 3355 2.
374 3299 667 3363 Praeterea,
691 3298 834 3354 sicut
865 3313 986 3355 esse
1010 3304 1094 3353 est
1119 3296 1407 3370 suppositi,
1441 3296 1517 3352 ita
1542 3304 1595 3351 et
1620 3294 1886 3367 operatio,
1913 3295 2018 3353 Sed
2052 3295 2231 3353 unitas

219 3386 487 3459 suppositi
519 3401 626 3440 non
661 3385 792 3442 facit
833 3386 965 3459 quin
995 3384 1050 3441 in
1087 3384 1302 3442 Christo
1330 3386 1439 3439 sint
1471 3384 1651 3457 plures
1676 3385 2041 3458 operationes.
2088 3386 2231 3457 Ergo

219 3491 322 3531 nec
351 3474 518 3531 saciet
541 3474 686 3549 quod
714 3475 767 3531 in
797 3476 1012 3531 Christo
1035 3473 1108 3529 sit
1135 3482 1346 3531 tamum
1374 3488 1541 3530 unum
1570 3488 1711 3531 esse.

289 3565 345 3617 3.
379 3564 669 3627 Praeterea,
702 3564 982 3635 generatio
1019 3570 1102 3619 est
1133 3563 1364 3619 mutatio
1400 3562 1469 3619 ad
1513 3581 1651 3620 esse.
1682 3563 1786 3620 Sed
1820 3564 1876 3618 in
1903 3552 2118 3620 Christo
2147 3567 2231 3618 est

219 3652 474 3725 quae'iam
499 3654 780 3723 generatio
803 3652 1135 3726 temporaliS,
1165 3654 1233 3709 de
1261 3668 1369 3726 qua
1398 3652 1589 3708 Matih.
1620 3666 1659 3714 ι,
1688 3653 1754 3707 18
1780 3669 1793 3705 :
1822 3650 2025 3707 Christi
2050 3656 2227 3705 aretem

215 3742 496 3811 generatio
533 3740 610 3795 sic
638 3748 754 3797 erat
793 3758 812 3797 .·
854 3757 980 3813 quae
1019 3756 1129 3797 non
1170 3747 1351 3815 potest
1378 3740 1655 3795 terminari
1692 3739 1759 3795 ad
1792 3755 1909 3795 esse
1937 3748 2227 3796 aeternum.

216 3830 362 3902 Ergo
393 3832 718 3886 terminatur
759 3832 828 3887 ad
873 3832 1091 3905 aliquod
1130 3846 1250 3887 esse
1281 3829 1579 3899 temporale
1605 3835 1660 3882 et
1689 3834 1963 3890 creatum:
2005 3845 2131 3900 ergo
2177 3831 2231 3886 in

219 3918 564 3979 Christo-est
593 3920 960 3995 duplex-esse,
996 3936 1121 3978 cum
1151 3920 1207 3977 in
1239 3917 1621 3994 ipso-maxime
1648 3916 1721 3973 sit
1756 3932 1875 3975 esse
1904 3918 2225 3977 increatum.

2770 1654 2777 1679 Δ
2766 1134 2777 1645 μψψμοᾷ
