2800 4492
529 337 645 398 458
999 354 1056 401 a.
1097 353 1332 399 monui
1369 351 1701 405 mumma
1740 350 2054 399 ornacum

529 470 682 538 dens,
711 476 768 528 et
794 484 900 527 non
928 484 1026 544 per
1052 485 1114 526 ee
1143 487 1159 527 t
1193 469 1394 528 accidit
1421 468 1569 525 enim
1604 467 1785 525 fabrili
1820 467 1973 542 operi
2001 465 2383 526 martellorum
2411 463 2547 521 infi-

531 561 645 617 nita
683 559 975 617 multitudo
1009 575 1133 617 cum
1176 575 1273 633 per
1314 574 1481 615 unum
1524 556 1853 627 martellum,
1884 557 1931 614 si
1974 556 2220 626 duraret,
2246 554 2547 631 aequaliter

532 654 716 721 posset
741 648 948 721 expleri
969 648 1113 703 sicut
1143 664 1239 722 per
1259 648 1521 705 infinito&

600 738 800 792 Dicunt
837 751 988 807 ergo,
1017 736 1163 809 quod
1206 735 1479 793 inlinitum
1512 752 1607 810 per
1634 750 1695 793 ee
1730 742 2001 809 repugnat
2041 736 2091 792 ei
2121 732 2271 809 quod
2304 739 2397 791 est
2422 746 2546 790 esse

534 828 588 881 in
617 833 764 892 actu,
790 840 857 881 eo
879 823 1028 899 quod
1055 831 1272 898 oportet
1300 826 1353 881 in
1377 824 1463 883 his
1486 840 1611 899 quae
1636 840 1732 897 per
1758 840 1819 881 ee
1846 825 2095 882 ordinem
2124 824 2346 887 habent,
2382 837 2546 879 eom-

534 913 667 986 pleri
701 920 1053 985 postremum,
1083 914 1186 969 nisi
1215 930 1312 986 per
1339 914 1809 986 comparationem
1846 912 2253 988 quodammodo
2289 912 2542 971 omnium

537 1003 806 1074 priorum;
831 1010 888 1059 et
916 1003 999 1060 sie
1043 1002 1114 1059 ad
1154 1018 1321 1059 unum
1358 1002 1801 1059 constituendum
1842 1002 2153 1075 requiretur
2193 1001 2540 1058 infinitorum

536 1090 782 1149 ordinata
817 1090 1118 1157 influentia,
1151 1092 1197 1147 si
1231 1097 1375 1147 esset
1403 1090 1611 1165 aliquid
1652 1091 1924 1147 infinitum
1953 1106 2052 1163 per
2077 1106 2167 1161 se;
2196 1098 2252 1146 et
2282 1091 2361 1147 ita
2392 1106 2540 1145 nun-

539 1194 702 1251 quam
727 1184 909 1251 posset
946 1178 1226 1251 compleri,
1257 1194 1384 1235 cum
1421 1178 1635 1235 infinita
1670 1193 1778 1234 non
1813 1178 1887 1233 eit
1917 1177 2172 1234 transire.
2200 1176 2313 1234 Sed
2348 1176 2541 1233 infini-

539 1276 653 1322 tum
685 1283 782 1339 per
809 1268 1080 1336 accidens,
1109 1268 1406 1325 secundum
1442 1283 1553 1333 eos,
1587 1283 1694 1327 non
1720 1272 1992 1340 repugnat
2018 1266 2070 1322 ei
2112 1266 2259 1339 quod
2304 1271 2391 1322 est
2420 1280 2541 1321 esse

541 1356 592 1409 in
622 1364 767 1422 actu,
800 1370 924 1411 cum
973 1359 1079 1413 'una
1121 1373 1247 1429 pars
1287 1356 1655 1412 multitudinis
1700 1355 1770 1413 ab
1806 1355 1979 1411 altera
2026 1370 2134 1411 non
2180 1353 2537 1426 dependeat:

541 1444 682 1499 unde
707 1445 1006 1501 secundum
1047 1445 1149 1502 hoc
1195 1445 1326 1501 nihil
1365 1444 1614 1518 prohibet
1653 1459 1775 1501 esse
1816 1444 2174 1501 infinitum-in
2200 1448 2364 1511 πως
2398 1444 2541 1498 sicut

541 1533 756 1605 Algazel
781 1533 916 1590 dicit
945 1535 998 1589 in
1033 1550 1131 1591 sua
1158 1535 1395 1607 metaph.
1425 1534 1633 1590 animas
1663 1532 1957 1590 rationales
1985 1533 2267 1589 hominum
2310 1531 2542 1588 defunc-

542 1628 720 1679 torum
733 1638 854 1680 esse
877 1622 1118 1679 infinitas
1139 1623 1195 1679 in
1217 1630 1364 1687 actu,
1385 1638 1451 1678 eo
1473 1622 1619 1696 quod
1646 1623 1798 1695 ponit
1826 1622 2232 1694 generationem
2256 1621 2537 1679 hominum

543 1712 612 1767 ab
637 1720 844 1769 aeterno
870 1711 1056 1779 fuisse,
1084 1717 1140 1767 et
1168 1712 1379 1769 animas
1399 1718 1521 1783 post
1546 1718 1778 1767 mortem
1812 1727 2099 1785 corporum
2140 1726 2448 1770 remanere.
2471 1708 2535 1765 Et

545 1800 840 1857 secundum
869 1798 1009 1855 hanc
1035 1801 1345 1871 opinionem
1371 1801 1515 1856 Deus
1544 1807 1728 1871 posset
1752 1800 1932 1857 facere
1969 1800 2200 1865 infinita,
2233 1798 2321 1854 vel
2355 1798 2536 1853 infini-

547 1900 662 1945 tum
688 1887 743 1943 in
769 1894 916 1953 actu,
942 1888 1110 1943 etiam
1134 1886 1182 1941 si
1206 1902 1310 1943 non
1343 1886 1653 1944 inveniatur
1678 1887 1731 1945 in
1766 1895 1961 1945 natura
1990 1888 2264 1944 infinitum
2294 1888 2351 1942 in
2390 1894 2539 1951 actu.

613 1974 720 2032 Sed
754 1990 786 2030 e
821 1980 1013 2032 eontra
1059 1975 1486 2040 commentator,
1519 1991 1553 2029 v
1595 1974 1831 2051 Illetaph.
1881 1976 2035 2048 (text.
2080 1992 2223 2032 com.
2270 1974 2341 2047 6),
2383 1975 2536 2043 dicit,

544 2063 691 2136 quod
719 2062 774 2119 in
813 2069 940 2119 actu
967 2078 1090 2120 esse
1116 2079 1222 2121 non
1267 2070 1448 2137 potest
1480 2079 1657 2139 neque
1684 2064 1955 2121 infinitum
1978 2080 2077 2136 per
2102 2079 2182 2130 se,
2209 2079 2390 2137 neque
2412 2064 2539 2118 infi-

547 2152 719 2207 nitum
761 2168 856 2225 per
897 2152 1182 2222 accidens;
1232 2151 1288 2209 in
1334 2154 1581 2225 potentia
1624 2170 1755 2211 vero
1805 2153 2079 2210 invenitur
2122 2152 2397 2209 infinitum
2446 2166 2540 2224 per

547 2239 819 2308 accidente,
852 2242 944 2298 sed
984 2258 1088 2299 non
1128 2241 1401 2300 infinitum
1439 2259 1536 2317 per
1572 2257 1659 2311 se;
1684 2248 1741 2300 et
1776 2242 1876 2308 sic,
1908 2240 2207 2299 secundum
2250 2256 2395 2308 eum,
2423 2254 2539 2295 esse

549 2328 818 2387 infinitum
843 2333 1063 2388 omnino
1083 2338 1348 2405 repugnat
1373 2333 1426 2388 ei
1447 2330 1595 2405 quod
1616 2339 1701 2388 eet
1728 2346 1849 2389 esse
1875 2330 1935 2389 in
1962 2338 2119 2399 actu3
2150 2338 2209 2387 et
2232 2330 2339 2386 hoc
2362 2330 2539 2385 verius

547 2436 667 2477 osse
698 2420 934 2479 videtur.
953 2423 1074 2479 Non
1110 2421 1257 2481 enim
1289 2428 1615 2497 potestesse
1644 2427 1771 2478 actu
1802 2422 1856 2477 in
1890 2436 2071 2477 rerum
2106 2425 2306 2477 natura
2334 2416 2539 2492 aliquid

550 2525 654 2565 non
697 2510 1089 2582 specificatum,
1137 2511 1207 2567 ad
1249 2512 1497 2567 diversas
1534 2508 1747 2583 species
1799 2508 2171 2566 indifferenter
2206 2524 2267 2565 se
2317 2507 2537 2563 babens·

549 2596 808 2667 Quamvis
842 2600 986 2656 enim
1024 2599 1328 2657 intellectus
1355 2599 1629 2673 concipiat
1652 2597 1851 2655 animal
1889 2613 1996 2655 non
2038 2597 2415 2671 specificatum
2449 2610 2540 2665 ra·-

550 2686 738 2743 tionali
779 2687 863 2743 vel
911 2686 1211 2745 irrationali
1253 2688 1578 2755 differentia,
1622 2703 1728 2744 non
1771 2693 1957 2744 tamen
2005 2693 2191 2760 potest
2243 2700 2365 2741 esse
2415 2694 2539 2742 actu

548 2773 746 2831 animal
795 2775 943 2847 quod
981 2792 1088 2832 non
1131 2777 1206 2832 sit
1240 2776 1507 2833 rationale
1542 2776 1629 2835 vel
1668 2774 2016 2843 irrationale;
2046 2774 2209 2841 unde,
2240 2773 2537 2830 secundum

548 2860 945 2933 Philosophum,
975 2877 1085 2918 non
1109 2868 1192 2918 est
1227 2863 1281 2919 in
1307 2879 1504 2935 genere
1532 2864 1677 2937 quod
1704 2878 1811 2920 non
1844 2868 1929 2919 est
1954 2864 2007 2919 in
2038 2862 2225 2935 aliqua
2254 2862 2374 2935 ejus
2414 2877 2541 2934 spe-

547 2949 651 3005 cie.
688 2949 1040 3024 Unaquaeque
1077 2965 1206 3008 vero
1241 2951 1523 3025 quantitas
1560 2951 1907 3024 specificatur
1948 2967 2046 3023 per
2090 2958 2301 3007 certam
2346 2950 2542 3006 termi-

547 3037 820 3095 nationem
847 3039 1201 3112 quantitatis;
1223 3038 1366 3097 sieut
1393 3038 1761 3095 multitudinis
1788 3038 1999 3114 species
2028 3048 2158 3095 eunt
2186 3038 2295 3095 duo
2324 3044 2383 3094 et
2413 3038 2538 3105 tria,

544 3131 600 3179 ct
639 3125 721 3181 sio
755 3125 826 3183 de
862 3127 1013 3195 aliis;
1053 3135 1108 3183 et
1153 3128 1541 3201 magnitudinis
1587 3128 1797 3202 species
1838 3134 1963 3183 sunt
2005 3127 2309 3183 bicubitum
2338 3133 2397 3183 et
2442 3126 2543 3181 tri·

546 3212 809 3281 cubitum,
846 3224 902 3271 ot
943 3216 1246 3287 hujozmotii
1295 3233 1310 3271 ε
1357 3216 1445 3274 vel
1487 3216 1788 3273 secundum
1830 3216 2073 3289 aliquam
2116 3215 2541 3272 determinatam

545 3315 856 3359 mensuram
899 3320 914 3357 τ
952 3306 1096 3361 unde
1131 3304 1465 3379 impossibile
1502 3312 1588 3362 est
1628 3304 1711 3362 sio
1751 3304 1980 3361 inveniri
2018 3304 2262 3377 aliquam
2314 3303 2544 3375 quanti-

540 3397 716 3447 tatem
743 3390 798 3447 in
827 3399 951 3449 actu
980 3408 1106 3466 qum
1134 3409 1238 3451 non
1269 3396 1343 3450 sit
1369 3393 1602 3467 propriis
1630 3395 1878 3451 terminis
1920 3393 2325 3450 limitata.Cum
2358 3399 2543 3448 autem

548 3479 814 3537 inlinitum
855 3492 1121 3551 congruat
1165 3484 1481 3555 quantitati,
1510 3489 1566 3539 et
1603 3482 1821 3539 dicatur
1859 3482 2133 3539 inlinitum
2174 3496 2271 3554 per
2320 3479 2541 3535 termini

545 3570 918 3628 remotionem.
949 3569 1282 3643 impossibile
1305 3572 1410 3627 erit
1437 3571 1711 3627 infinitum
1730 3586 1849 3627 esse
1866 3572 1927 3638 ‚in
1958 3579 2116 3633 actm
2150 3577 2374 3641 propter
2396 3567 2543 3641 quod

545 3654 677 3725 dicit
699 3657 1058 3732 -I'hilosophus
1093 3659 1148 3716 in
1183 3675 1250 3718 nr
1275 3660 1491 3733 Physio.
1520 3663 1675 3729 (text.
1702 3674 1901 3715 comm.
1932 3660 2041 3729 57).
2074 3657 2221 3732 quod
2262 3657 2543 3731 infinitum

544 3752 624 3800 est
649 3746 792 3803 siout
815 3749 1042 3805 materia
1072 3750 1308 3805 nondum
1329 3746 1663 3820 specificata,
1679 3746 1772 3803 sed
1798 3747 1901 3803 sub
1928 3746 2236 3820 privatione
2258 3744 2541 3811 existens;

543 3840 598 3887 ct
618 3834 762 3905 quod
787 3850 844 3891 se
867 3835 1032 3895 habet
1057 3837 1230 3911 magis
1255 3838 1310 3894 in
1343 3835 1558 3893 ratione
1582 3836 1759 3913 partis
1792 3841 1850 3893 et
1870 3836 2137 3906 contenti,
2162 3848 2331 3911 quam
2372 3834 2549 3895 totius

545 3930 601 3978 et
627 3923 973 3983 continentis.
2265 3924 2269 3928 ’
