2800 4492
545 346 664 409 508
1019 358 1074 403 s.
1117 354 1351 401 ‘ruouAE
1389 348 1721 403 mutuum
1759 348 2069 395 croscum

549 478 606 533 in
633 477 810 551 prima
849 472 1117 542 veritat03
1148 478 1210 531 2⁰
1256 480 1441 529 utrum
1488 469 1670 526 anima
1715 474 1972 541 separata
2016 480 2051 523 a
2078 476 2320 540 corpore
2364 462 2577 552 babeat

551 572 708 624 actus
731 564 1114 623 sensitivarum
1142 561 1533 635 potentiarum.

1231 738 1689 801 ARTICULUS
1728 736 1868 799 vn.

563 873 780 939 Utrrmt
807 872 1010 936 anima
1036 870 1337 954 quidquid
1363 868 1681 949 intelliyit,
1729 866 2040 948 incelliyat
2067 841 2135 929 iri
2152 866 2375 947 prima
2402 862 2568 931 veri·

632 964 837 1026 ritate.
869 997 950 1009 —
978 964 1034 1043 (l
1061 965 1257 1040 part„
1305 963 1515 1041 quast.
1550 958 1649 1030 12,
1680 963 1804 1019 art.
1848 956 1949 1032 21,
1994 956 2077 1018 ad
2109 958 2175 1032 3,
2204 961 2429 1037 quast.
2462 957 2565 1030 84,

634 1057 757 1114 art.
790 1056 850 1126 4,
882 1056 939 1115 et
965 1054 1174 1131 quaest.
1209 1048 1305 1121 16,
1339 1052 1462 1110 art.
1491 1046 1551 1121 6,
1583 1046 1665 1109 ad
1685 1047 1717 1106 1
1750 1051 1808 1108 et
1832 1044 1919 1125 2).

627 1184 711 1242 Ad
739 1184 972 1258 primum
1005 1184 1087 1238 sic
1113 1180 1448 1255 proceditur.
1492 1182 1547 1236 4.
1588 1178 1817 1236 Videtur
1862 1178 2009 1251 quod
2056 1178 2243 1235 anima
2291 1178 2567 1253 quidquid

558 1272 831 1345 intelligit,
863 1270 1133 1343 intelligat
1172 1270 1229 1326 in
1269 1270 1447 1343 prima
1477 1268 1729 1324 veritate.
1770 1268 2106 1339 Augustinus
2135 1268 2284 1323 euim
2316 1268 2459 1325 dicit
2510 1271 2568 1323 in

561 1363 654 1419 lib.
681 1361 923 1419 confess.
960 1377 973 1414 t
1003 1359 1063 1416 si
1080 1357 1231 1415 ambo
1258 1356 1495 1413 videmus
1514 1354 1573 1411 id
1590 1371 1773 1411 vorum
1801 1371 1905 1410 esse
1933 1356 2073 1427 quod
2108 1356 2246 1421 dico,
2274 1355 2374 1411 ubi
2395 1374 2573 1431 quoeso

559 1450 840 1508 videmus?
861 1449 986 1507 Non
1013 1464 1104 1521 eqo
1126 1447 1186 1503 iu
1219 1453 1290 1512 te,
1323 1462 1417 1501 nec
1458 1452 1517 1500 tu
1546 1444 1607 1500 in
1632 1460 1747 1512 πως
1775 1443 1865 1499 sed
1892 1443 2042 1500 umbo
2076 1444 2137 1499 in
2164 1460 2230 1500 ea
2254 1462 2378 1517 quae
2399 1462 2575 1517 supra

561 1556 654 1597 nos
676 1545 770 1605 est,
795 1534 1216 1595 incommutabili
1257 1534 1517 1599 ueritate3
1544 1540 1599 1589 et
1636 1533 1719 1589 sic
1751 1548 1911 1591 omne
1956 1549 2148 1590 verum
2193 1534 2346 1607 quod
2384 1536 2574 1590 anima

562 1628 859 1699 cognoscit,
893 1626 947 1682 in
975 1625 1150 1699 prima
1179 1622 1413 1679 veritate
1438 1621 1619 1677 videt.-

635 1722 687 1774 2.
735 1718 1024 1781 Praeterea,
1055 1728 1246 1769 verum
1291 1711 1445 1767 addit
1496 1726 1659 1783 supra
1708 1726 1804 1766 ens
1852 1709 2373 1767 manifestationem.
2424 1710 2573 1783 Ergo

565 1806 742 1879 prima
787 1803 988 1859 veritas
1030 1809 1116 1858 est
1155 1816 1252 1874 per
1293 1814 1461 1873 quam
1499 1798 2161 1861 omniamanifestantur.
2193 1799 2298 1856 Sed
2349 1799 2405 1856 id
2460 1816 2575 1873 quo

567 1889 714 1946 aliud
739 1888 1136 1952 manifestatur,
1169 1892 1386 1958 oportet
1415 1900 1533 1941 esse
1562 1885 1796 1941 maxime
1826 1885 2209 1954 manifestuum
2239 1884 2386 1942 sicut
2414 1896 2577 1959 patet

492 2012 500 2019 -
566 1979 622 2034 in
645 1976 924 2049 principiis
952 1973 1453 2038 demonstrationis,
1472 1980 1528 2028 et
1552 1974 1622 2029 de
1648 1973 1768 2029 luce
1792 1973 2083 2046 corporali,
2099 1990 2196 2047 per
2220 1988 2389 2047 quarn
2416 1979 2578 2032 visus

566 2080 792 2139 corpora
819 2064 989 2121 videt.
1018 2062 1159 2135 Ergo
1188 2062 1362 2134 prima
1394 2062 1599 2118 veritas
1628 2069 1711 2118 est
1742 2064 1977 2119 maxime
2006 2062 2265 2120 omnibus
2288 2064 2577 2120 mentibus

569 2152 894 2221 manifesta;
923 2157 979 2208 et
1000 2150 1082 2207 sic
1122 2164 1228 2206 non
1269 2149 1448 2206 solum
1477 2165 1570 2221 per
1613 2164 1755 2218 eam,
1788 2150 1969 2205 sedin
2013 2166 2079 2205 ea
2120 2151 2300 2208 omnia
2331 2165 2579 2224 cognos-

568 2250 788 2301 cuntur.
1305 2286 1309 2290 .

637 2332 742 2389 Sed
766 2339 977 2397 contra,
1007 2328 1160 2385 multi
1190 2329 1259 2384 de
1280 2327 1720 2384 conclusionibus
1748 2327 2194 2384 demonstrativis
2222 2344 2411 2386 veram
2435 2346 2582 2403 cog-

571 2422 831 2477 nitionem
875 2419 1074 2474 habent
1111 2416 1206 2491 qui
1245 2416 1313 2471 de
1360 2417 1533 2488 prima
1586 2414 1820 2473 veritate
1858 2415 1989 2471 nihil
2030 2416 2401 2474 considerant.
2432 2420 2583 2492 Ergo

571 2526 676 2566 non
702 2524 858 2565 omne
882 2523 1072 2564 verum
1097 2506 1152 2561 in
1179 2505 1352 2577 prima
1383 2506 1616 2561 veritate
1640 2504 2006 2576 cognoscitur.

644 2600 931 2662 Praeterea,
961 2594 1295 2666 Augustinus
1329 2593 1465 2649 dicit
1493 2594 1547 2649 in
1574 2592 1667 2648 lib.
1699 2593 1768 2649 de
1797 2592 1892 2649 lib.
1930 2593 2087 2662 Arb.,
2111 2594 2258 2668 quod
2300 2594 2487 2650 nullus
2512 2596 2585 2653 do

574 2688 748 2760 prima
777 2684 1009 2740 veritate
1027 2683 1262 2754 Judicat,
1293 2690 1348 2738 et
1385 2681 1566 2738 nullus
1602 2682 1721 2737 sine
1761 2698 1828 2739 ea
1866 2688 2014 2738 recte
2036 2684 2361 2755 judicat3et
2400 2685 2505 2750 ita,
2534 2685 2583 2740 si

573 2775 641 2829 de
665 2790 730 2829 ea
753 2788 858 2827 non
879 2770 1180 2843 judicatur,
1211 2786 1316 2826 non
1344 2769 1711 2841 cognoscitur,
1743 2786 1844 2826 nec
1873 2770 1981 2827 alia
2012 2772 2064 2825 in
2096 2788 2184 2827 ea.

566 2929 574 2937 ,
643 2857 964 2931 Respondeo
993 2856 1305 2920 dicendum,
1333 2858 1502 2930 quod,
1528 2858 1670 2913 sicut
1712 2857 1849 2913 dicit
1888 2858 2141 2929 quasdam
2184 2858 2382 2916 Glossa
2410 2875 2584 2932 supra

579 2948 708 3004 illud
734 2945 876 3003 Psal.
907 2962 993 3016 xi,
1025 2946 1324 3001 Diminutoe
1351 2951 1477 3001 sunt
1504 2946 1759 3003 veritates
1785 2952 1917 3010 etc.·,
1948 2947 2017 3003 ab
2055 2963 2163 3003 una
2211 2948 2387 3020 prima
2429 2950 2584 3004 veri-

580 3045 693 3095 tate
735 3035 922 3092 multas
960 3036 1221 3090 veritates
1267 3033 1322 3088 in
1363 3034 1637 3089 mentibus
1678 3034 1962 3090 hominum
2003 3034 2292 3101 resultant,
2324 3038 2468 3092 sicut
2512 3037 2586 3092 ab

579 3142 683 3183 una
714 3126 853 3182 facie
881 3123 1115 3180 hominis
1147 3121 1416 3178 resultant
1446 3121 1635 3178 multae
1671 3120 1841 3179 facies
1875 3122 1929 3178 in
1968 3122 2189 3195 speculo
2226 3122 2422 3181 fracto.
2450 3126 2586 3181 Haec

580 3223 763 3272 autem
793 3214 1082 3291 resultatio
1103 3212 1356 3270 veritatis
1383 3219 1469 3267 est
1496 3217 1763 3284 quantum
1798 3210 1867 3267 ad
1911 3214 2019 3267 duo
2039 3229 2054 3278 ;
2075 3211 2288 3269 scilicet
2313 3222 2585 3286 quantum

580 3305 647 3360 ad
677 3302 858 3359 lumen
886 3301 1274 3369 intellectuale,
1304 3301 1374 3357 de
1403 3315 1513 3373 quo
1538 3300 1595 3354 in
1622 3298 1759 3355 Psal.
1794 3315 1871 3366 iv,
1905 3301 1941 3355 7
1966 3317 1978 3353 ε
2001 3299 2283 3373 Siqnatum
2319 3308 2397 3357 est
2424 3317 2589 3373 super

581 3408 674 3446 nos
695 3390 872 3446 lumen
901 3391 1076 3447 vultus
1099 3389 1204 3454 tui,
1229 3388 1455 3444 Domine
1464 3404 1483 3455 ,·
1512 3395 1568 3444 et
1594 3393 1863 3461 quantum
1892 3388 1961 3445 ad
1984 3388 2162 3462 prima
2191 3388 2459 3463 principia
2484 3404 2589 3445 na·

583 3480 830 3537 turaliter
853 3488 1002 3544 nota,
1029 3478 1148 3532 sivo
1169 3478 1281 3532 sint
1311 3468 1595 3549 complexa
1624 3476 1740 3532 sive
1764 3475 2021 3550 implexa.
2042 3477 2193 3534 Nibil
2232 3487 2417 3534 autem
2454 3492 2589 3551 pos·

581 3584 769 3624 sumus
795 3564 1044 3622 veritatis
1069 3578 1398 3635 cognoscere
1425 3564 1529 3619 nisi
1557 3580 1629 3621 ex
1657 3564 1849 3638 primis
1879 3566 2180 3639 principiis,
2200 3572 2256 3621 et
2284 3582 2352 3622 ex
2382 3566 2589 3621 lumine

584 3653 966 3722 intellectuali3
989 3668 1113 3726 quae
1142 3652 1432 3708 veritatem
1460 3653 1811 3709 manifestare
1841 3668 1946 3709 non
1978 3660 2225 3726 possunt,
2257 3654 2362 3711 uisi
2382 3669 2592 3712 secun-

583 3745 712 3800 dum
757 3742 900 3815 quod
946 3751 1071 3797 sunt
1110 3740 1412 3797 similitudo
1455 3742 1599 3798 illius
1646 3744 1838 3815 primae
1878 3742 2163 3812 veritatis3
2195 3742 2328 3816 quia
2372 3758 2442 3799 ex
2482 3744 2593 3798 boc

584 3832 750 3887 etiam
795 3830 990 3885 habent
1035 3829 1328 3903 quamdam
1371 3830 1977 3887 incommutabilitatem
2022 3838 2078 3887 et
2117 3830 2587 3887 infallibilitatem.

582 3917 674 3973 Sic
701 3932 828 3987 ergo
853 3916 906 3972 in
927 3916 1103 3987 prima
1146 3916 1380 3974 veritate
1418 3918 1720 3977 secuudum
1764 3934 1923 3977 suam
1953 3921 2249 3977 essentiam
2272 3935 2379 3977 uon
2403 3920 2593 3979 omnia
