2800 4492
527 330 649 400 496
1004 350 1056 397 s.
1101 346 1334 395 'rnoMAE
1375 344 1708 400 nummus
1749 344 2060 395 opuscum

600 469 683 527 Ad
714 466 952 544 primum
985 483 1114 540 ergo
1157 466 1470 536 dicendum,
1496 466 1642 541 quod
1672 466 1907 541 objectio
1937 462 2030 522 illa
2061 462 2311 541 procedit
2340 464 2413 523 de
2443 478 2558 522 uno

530 558 674 633 quod
696 564 779 615 est
808 557 1133 632 principium
1157 554 1389 615 numeri.

601 647 684 703 Ad
722 646 1022 705 secundum
1059 645 1369 713 dicendum,
1420 643 1565 719 quod
1605 644 1839 718 objectio
1879 642 1971 703 illa
2008 642 2276 719 procedit,
2318 640 2367 701 si
2398 644 2553 702 nullo

530 736 690 794 modo
727 750 895 792 unum
920 742 974 791 et
1012 749 1270 797 numerus
1300 732 1507 807 aliquid
1548 740 1811 808 ponerent
1836 733 2056 790 realiter
2080 734 2134 790 in
2174 734 2412 804 divinis3
2444 750 2554 808 po-

533 832 666 881 nunt
694 831 878 881 autem
905 841 1002 881 ens
1042 830 1097 879 et
1123 840 1239 881 rem
1282 824 1600 881 distinctam
1639 822 1725 880 vel
1762 820 2138 881 indistinctam
2175 830 2446 897 quantum
2476 824 2551 880 ad

530 913 634 971 hoc
657 914 804 989 quod
828 930 925 970 ens
955 913 1251 970 includitur
1281 914 1336 969 in
1361 915 1572 969 ratione
1601 912 1783 980 unius,
1810 921 1870 969 ut
1892 912 2101 969 dictum
2130 918 2236 970 est.

601 1005 684 1060 Ad
725 1005 946 1061 tertium
975 1003 1287 1070 dicendum,
1321 1002 1466 1075 quod
1507 1004 1563 1059 in
1595 1002 1807 1059 ratione
1835 1001 2202 1059 multitudinis
2245 1000 2547 1077 includitur

531 1094 750 1167 negatio
771 1094 877 1163 rei;
905 1094 1000 1151 sed
1030 1094 1087 1149 in
1113 1092 1324 1149 ratione
1352 1092 1516 1148 unius
1550 1092 1769 1163 negatio
1794 1091 2098 1163 negationis
2126 1097 2183 1147 et
2208 1092 2290 1147 rei
2323 1092 2483 1147 simul
2529 1109 2544 1147 τ

531 1185 675 1257 quod
702 1183 782 1239 sic
808 1190 981 1257 patet.
1012 1182 1189 1239 Unum
1218 1181 1364 1237 enim
1387 1188 1471 1237 est
1496 1180 1642 1255 quod
1671 1197 1779 1237 non
1805 1180 2101 1251 dividitur3
2128 1178 2329 1237 divisio
2360 1188 2546 1237 autem

532 1278 617 1330 est
644 1288 769 1345 quae
797 1277 1028 1343 negatur
1062 1286 1158 1345 per
1194 1287 1360 1327 unum
1399 1268 1546 1343 quod
1579 1269 1916 1326 convertitur
1958 1286 2083 1325 cum
2120 1278 2268 1325 ente.
2312 1269 2546 1341 Oportet

532 1369 718 1418 autem
746 1360 889 1434 quod
916 1359 987 1419 sit
1013 1359 1156 1427 taliS,
1190 1360 1335 1433 quod
1366 1360 1423 1415 in
1448 1359 1593 1414 omni
1620 1355 1888 1414 divisione
1912 1358 2186 1427 salvetur;
2214 1358 2335 1415 haec
2359 1364 2546 1414 autem

533 1456 617 1507 est
645 1449 842 1507 divisio
871 1466 965 1522 per
1003 1448 1420 1505 affirmationem
1450 1456 1505 1503 et
1534 1445 1879 1519 negationem
1912 1464 1923 1500 :
1966 1454 2021 1501 et
2050 1446 2173 1501 ideo
2207 1445 2371 1519 hujus
2396 1446 2546 1502 divi-

533 1539 702 1596 sionis
742 1539 960 1611 negatio
1008 1537 1294 1595 constituit
1340 1536 1607 1593 rationem
1644 1536 1825 1591 maius.
1872 1534 1966 1592 Est
2010 1534 2154 1590 enim
2182 1552 2353 1591 unum
2396 1536 2543 1609 quod

535 1644 640 1685 non
669 1627 932 1684 dividitur
961 1625 1055 1683 tali
1084 1626 1350 1683 divisione
1378 1625 1526 1699 quod
1565 1624 1637 1680 sit
1674 1624 1921 1698 accipere
1962 1621 2064 1680 hoc
2094 1630 2147 1679 et
2179 1638 2286 1679 non
2321 1622 2445 1680 hoc.
2474 1624 2544 1679 Et

533 1717 614 1775 sic
640 1733 829 1781 unum,
870 1716 923 1770 in
948 1719 1210 1788 quantum
1253 1720 1419 1787 negat
1443 1712 1860 1771 affirmationem
1898 1718 1952 1767 et
1980 1711 2347 1784 negationem,
2380 1713 2541 1770 simul

534 1812 618 1861 est
640 1805 858 1875 negatio
883 1804 960 1858 rei
984 1812 1038 1859 et
1068 1804 1372 1875 negationis
1410 1802 1591 1859 simul.
1623 1802 1889 1859 Praedicta
1920 1817 2047 1859 vero
2074 1800 2273 1858 divisio
2304 1800 2545 1859 includi-

537 1898 623 1947 tur
652 1893 705 1947 in
731 1892 940 1948 ratione
966 1891 1349 1959 multitudinis,
1383 1897 1440 1947 et
1467 1892 1546 1947 sic
1566 1890 1861 1947 includitur
1890 1888 1963 1946 ibi
1996 1890 2214 1961 negatio
2246 1890 2329 1946 rei
2362 1894 2543 1965 :·quia

535 1981 706 2037 multa
727 1986 857 2037 sunt
879 1996 1005 2054 quae
1029 1980 1110 2037 sic
1125 1978 1464 2049 dividuntur,
1489 1980 1633 2053 quod
1652 1994 1840 2037 eorum
1864 1995 2031 2036 unum
2054 1994 2159 2036 non
2177 1986 2262 2037 est
2284 1978 2541 2037 alterurn.

1235 2154 1689 2219 ARTICULUS
1752 2156 1833 2221 11.

605 2290 824 2359 Utrum
851 2290 1133 2359 Christus
1159 2291 1245 2357 sit
1273 2291 1663 2381 descensurus
1690 2290 1773 2355 ad
1785 2288 2098 2369 ,iudicium
2126 2290 2196 2356 in·
2224 2297 2470 2358 terram.

864 2380 948 2463 (4,
982 2382 1127 2446 dist.
1160 2383 1259 2456 47,
1293 2386 1505 2461 quoesc.
1535 2382 1593 2456 1,
1626 2386 1747 2443 art.
1779 2382 1836 2455 1,
1868 2386 2078 2461 quast.
2115 2382 2199 2462 1).

603 2517 687 2575 Ad
713 2515 1009 2573 secundum
1039 2515 1120 2572 sic
1142 2515 1479 2588 proceditur.
1507 2516 1559 2569 l.
1588 2513 1816 2570 Videtur
1851 2512 1998 2589 quod
2036 2514 2289 2572 Christus
2334 2532 2441 2573 non
2466 2516 2544 2572 sit

535 2606 893 2663 descensurus
917 2604 984 2661 ad
1005 2604 1274 2677 judicium
1306 2604 1604 2661 interram.
1628 2602 1768 2672 Quia
1796 2618 1959 2676 super
1985 2603 2113 2659 illud
2147 2604 2349 2661 Psalm.
2372 2618 2430 2672 x,
2460 2607 2496 2659 ὃ
2526 2621 2542 2661 z

538 2694 796 2753 Dominus
825 2693 884 2748 in
925 2694 1112 2767 templo
1140 2698 1320 2748 sancto
1359 2709 1475 2758 suo,
1506 2692 1767 2748 Dominus
1793 2690 1851 2747 in
1894 2692 2015 2749 coelo
2060 2692 2203 2749 sedes
2241 2692 2376 2765 ejus,
2406 2693 2545 2749 dicit

535 2781 728 2837 Glossa
755 2781 900 2854 quod
925 2782 1071 2837 Deus
1095 2782 1149 2836 in
1176 2780 1316 2838 coelo
1348 2781 1563 2849 sedena„
1596 2779 1663 2836 de
1688 2780 1844 2836 bonis
1870 2788 1925 2837 et
1955 2780 2114 2838 malis
2132 2782 2371 2855 judicat.
2398 2782 2545 2853 Ergo

527 2868 798 2941 judicium
827 2883 935 2923 non
960 2876 1042 2924 est
1071 2869 1313 2924 futurum
1345 2869 1397 2924 in
1432 2876 1595 2937 terra,
1624 2869 1796 2926 sedin
1824 2868 1985 2926 coelo.

605 2960 658 3013 2.
686 2956 976 3023 Praeterea,
1006 2956 1074 3011 ad
1112 2955 1436 3027 dignitatem
1459 2956 1662 3027 judicis
1686 2958 1923 3031 pertinet
1964 2956 2109 3031 quod
2144 2956 2431 3031 judicandi
2472 2958 2549 3015 ad

535 3062 660 3102 eum
689 3045 971 3113 accedant,
1001 3052 1055 3101 et
1097 3060 1203 3102 non
1234 3060 1264 3101 e
1295 3059 1579 3100 converso.
1606 3046 1711 3102 Sed
1756 3044 2005 3105 Christus
2055 3052 2140 3102 est
2188 3046 2549 3119 dignissimus

529 3134 716 3206 judex,
761 3136 916 3206 cujus
941 3132 1090 3189 locus
1129 3141 1213 3190 est
1250 3132 1469 3190 coelum.
1498 3133 1641 3205 Ergo
1682 3133 1927 3190 homines
1972 3130 2277 3191 ascendent
2318 3134 2447 3192 illuc
2484 3142 2551 3190 ut

535 3222 606 3275 ibi
629 3222 959 3294 judicentur,
987 3237 1096 3277 non
1121 3227 1304 3279 autem
1333 3221 1449 3293 ipse
1479 3222 1534 3276 in
1566 3228 1767 3279 terram
1796 3222 2092 3281 descendet
2120 3222 2367 3280 homines
2388 3222 2553 3296 judi-

534 3314 778 3363 caturus.

605 3401 658 3452 3.
686 3394 977 3464 Praeterea,
1009 3397 1054 3452 si
1078 3398 1347 3469 judicium
1366 3399 1440 3456 sit
1469 3398 1522 3456 in
1553 3405 1700 3456 terra
1725 3400 1988 3475 futurum,
2020 3400 2297 3474 praecipue
2324 3400 2554 3459 videtur

535 3484 681 3559 quod
710 3486 782 3541 sit
812 3484 1055 3541 futurum
1079 3484 1133 3541 in
1164 3486 1303 3545 valle
1324 3488 1605 3561 Josaphat‚
1634 3494 1695 3545 ut
1722 3488 1953 3547 habetur
1976 3488 2114 3545 Joel.
2146 3504 2234 3546 111.
2261 3488 2368 3547 Sed
2394 3488 2555 3547 locus

535 3575 624 3631 ille
649 3590 756 3631 non
782 3579 968 3648 posset
997 3581 1208 3632 tantam
1233 3575 1638 3633 multitudinem
1666 3576 1947 3636 hominum
1991 3592 2208 3652 capere,
2235 3584 2292 3634 et
2330 3578 2413 3635 sic
2435 3593 2556 3636 non

534 3670 617 3720 est
643 3664 716 3721 ibi
748 3663 989 3721 futurum
1013 3664 1303 3737 judicium.
1329 3664 1473 3737 Ergo
1502 3666 1555 3721 in
1577 3667 1725 3723 nullo
1757 3666 1873 3725 loco
1902 3676 2085 3729 terrae.

605 3754 711 3811 Sed
737 3760 929 3811 contra
957 3758 1042 3810 est
1064 3754 1209 3827 quod
1233 3753 1435 3811 dicitur
1464 3756 1488 3811 I
1518 3756 1586 3812 ad
1616 3755 1859 3813 Thessal.
1884 3772 1964 3829 tv,
1996 3758 2083 3822 45,
2107 3754 2253 3829 quod
2296 3755 2563 3815 Christus

536 3843 596 3898 ιή
617 3844 771 3910 iussu
797 3850 848 3901 et
879 3842 941 3899 in
973 3859 1090 3899 voce
1112 3843 1439 3917 Archanyeli
1466 3852 1515 3903 et
1540 3845 1600 3901 in
1631 3845 1757 3903 tuba
1786 3846 1887 3903 Dei
1912 3846 2181 3904 descendet
2208 3845 2269 3902 de
2303 3847 2457 3919 coelo‚·
2496 3857 2563 3909 et

534 3930 615 3987 ita
642 3930 858 3989 videtur
882 3930 1028 4005 quod
1050 3932 1320 4005 judicium
1348 3934 1404 3991 in
1436 3940 1601 4007 terra,
1632 3949 1736 3992 non
1762 3934 1819 3991 in
1846 3936 1985 3993 coelo
2010 3935 2084 3993 sit
2112 3926 2377 3996 futurum.

2770 3594 2773 3615 ’
