2800 4492
543 307 622 381 34
846 316 850 318 ’
1020 336 1072 382 s.
1117 326 1354 380 ‘'rHOMAE
1394 331 1721 386 Aoumnns
1762 333 2073 378 OPUSGULA
2112 337 2119 342 “

581 454 718 509 titur
742 451 928 508 multis
950 452 1400 509 similitudinibus
1424 469 1490 508 ex
1518 450 1781 508 doctrinis
1810 447 2195 522 philosophicis
2223 442 2455 519 sumptis
2486 447 2557 502 ad

543 541 1004 597 manifestandum
1032 542 1386 611 T1·initatem;
1426 555 1554 614 ergo
1589 539 1657 595 ad
1684 539 2047 594 resistendum
2085 537 2171 592 his
2208 552 2333 609 quae
2358 543 2557 592 contra

543 631 989 686 fidem-dicuntur
1009 631 1124 686 sive
1139 628 1477 686 ostendendo
1508 644 1626 684 esse
1646 627 1802 694 falsa,
1821 626 1935 682 sive
1952 626 2287 682 ostendendo
2305 642 2408 681 non
2432 641 2559 682 osse

544 721 870 787 necessaria,
906 726 1086 776 tamen
1112 728 1328 774 utentes
1354 716 1694 790 philosophia
1735 717 1787 770 in
1817 731 1974 772 sacra
2013 716 2293 788 Scriptura
2324 723 2558 787 possunt

543 806 832 881 dupliciter
856 825 1060 864 errare.
1105 809 1223 864 Uno
1253 807 1415 862 modo
1450 806 1652 861 utendo
1694 804 1779 860 his
1814 820 1939 878 quae
1975 811 2100 860 sunt
2134 813 2324 860 contra
2365 805 2553 869 iidem,

543 905 668 970 quae
692 913 798 954 non
823 903 951 953 sunt
970 896 1345 970 philosophiae,
1379 896 1473 951 sed
1501 895 1682 966 potius
1704 906 1875 959 error,
1904 892 1989 949 vel
2016 892 2215 949 abusus
2245 892 2381 964 ejuS,
2408 893 2555 948 sicut

543 985 699 1057 Orig.
728 984 874 1044 fecit..
902 984 1024 1042 Alio
1053 985 1233 1051 niodo,
1264 989 1324 1039 ut
1349 999 1415 1038 ea
1441 999 1565 1056 quae
1589 988 1716 1044 sunt
1738 981 1862 1038 fidei
1890 981 2235 1036 includantur
2266 979 2367 1037 sub
2388 981 2557 1036 metis

539 1073 914 1146 philosophiae,
948 1082 1009 1130 ut
1037 1075 1084 1130 si
1113 1071 1246 1128 nihil
1275 1071 1475 1144 aliquis
1503 1071 1726 1128 credere
1754 1070 1907 1136 velit,
1942 1070 2046 1125 nisi
2076 1069 2220 1142 quod
2252 1085 2348 1142 per
2371 1068 2575 1142 philo--

539 1163 788 1235 sophiam
829 1153 1016 1219 haberi
1046 1153 1247 1235 potest,
1275 1177 1399 1216 cum
1442 1177 1472 1216 c
1509 1175 1770 1216 converso
1809 1157 2147 1230 philosophia
2176 1160 2249 1214 sit
2276 1158 2345 1215 ad
2374 1166 2555 1215 metas

539 1252 670 1306 fidei
709 1252 1024 1322 redigenda,
1057 1249 1354 1306 secundum
1395 1249 1526 1304 illud
1565 1247 1811 1321 Apostol.
1854 1248 1877 1303 1
1922 1249 2045 1304 Cor.
2077 1263 2119 1303 x
2169 1264 2182 1302 ε
2224 1247 2292 1304 In
2318 1247 2555 1320 captivi-

543 1345 706 1398 tatem
735 1339 1030 1411 rediyentes
1053 1355 1251 1394 omnem
1281 1338 1599 1394 intellectum
1631 1337 1691 1392 in
1718 1337 2017 1408 obsequium
2044 1335 2272 1393 Christi.

611 1426 696 1482 Ad
721 1428 956 1499 primum
980 1442 1108 1497 ergo
1137 1425 1448 1491 dicendum,
1478 1425 1623 1497 quod
1654 1441 1719 1479 ex
1743 1424 1995 1480 omnibus
2020 1424 2129 1479 illis
2154 1423 2335 1480 verbis
2360 1427 2553 1480 osten-

540 1514 706 1584 ditur,
735 1517 878 1588 quod
909 1515 1158 1572 doctrina
1195 1513 1637 1587 philosophorum
1666 1529 1771 1569 non
1800 1513 1872 1568 eit
1902 1513 2162 1570 utendum
2200 1513 2355 1586 quasi
2392 1513 2554 1586 prin·-

539 1603 720 1675 cipali,
747 1611 806 1658 ut
825 1603 1035 1660 scilicet
1065 1610 1285 1674 propter
1307 1617 1429 1658 eam
1450 1601 1705 1657 credatur
1724 1601 1829 1656 fide
1860 1617 1997 1658 :non
2030 1606 2215 1658 tamen
2239 1608 2551 1658 removetur

543 1692 677 1762 quin
700 1706 764 1746 ea
792 1691 1001 1764 possint
1033 1689 1112 1746 uti
1149 1690 1292 1745 sacri
1318 1690 1570 1746 doctores
1594 1689 1753 1762 quasi
1788 1689 2132 1746 secundaria.
2165 1690 2315 1746 Unde
2344 1691 2550 1746 ibidem
2632 1737 2647 1754 .

542 1794 704 1849 super
733 1777 864 1834 illud
899 1795 913 1833 ι
955 1777 1188 1833 Perdam
1213 1777 1531 1850 sapientiam
1557 1779 1873 1851 sapientum,
1905 1785 2012 1834 etc.
2044 1778 2132 1850 glo
2166 1796 2179 1834 τ
2214 1799 2241 1832 α
2278 1779 2398 1835 Non
2425 1780 2551 1834 ideo

539 1861 645 1920 hoc
683 1865 820 1921 dicit
861 1872 917 1919 ut
963 1865 1214 1922 veritatis
1251 1865 1614 1938 intelligentia
1658 1866 1831 1938 possit
1868 1882 1900 1922 a
1946 1867 2059 1922 Deo
2101 1866 2399 1938 reprobari,
2450 1867 2551 1922 sed

543 1954 672 2026 quia
689 1969 876 2010 eorum
894 1955 1543 2028 prudentiareprobatur,
1562 1955 1656 2028 qui
1682 1955 1735 2011 in
1754 1971 1855 2012 sua
1870 1955 2174 2012 eruditione
2194 1956 2493 2013 confidunt.
2520 1977 2548 2010 »

541 2040 616 2098 Ut
648 2048 826 2098 tamen
874 2049 1046 2099 totum
1091 2045 1235 2117 quod
1265 2052 1348 2101 est
1375 2043 1524 2110 fidei,
1572 2061 1677 2100 non
1718 2044 1969 2101 humanae
2006 2045 2285 2118 potentiae,
2317 2051 2412 2100 aut
2451 2042 2571 2102 sa?

540 2130 764 2201 pientiae
795 2131 1142 2201 tribueretur,
1175 2133 1269 2189 sed
1294 2134 1429 2200 Deo,
1462 2131 1633 2190 voluit
1662 2133 1811 2190 Deus
1843 2141 1902 2188 ut
1941 2133 2219 2204 primitiva
2256 2133 2549 2206 Apostolo-

539 2235 662 2273 rum
697 2220 1014 2291 praedicatio
1043 2228 1186 2278 esset
1228 2223 1283 2277 in
1325 2221 1663 2288 infirmitate,
1697 2229 1753 2278 et
1790 2221 2159 2294 simplicitate,
2192 2237 2317 2278 cum
2362 2229 2546 2278 tamen

450 2335 454 2338 ·
538 2308 786 2378 potentia
833 2315 888 2364 et
943 2309 1222 2366 saecularis
1263 2310 1533 2381 sapientia
1573 2315 1763 2381 postea
1800 2310 2189 2382 superveniens
2245 2311 2550 2366 ostenderit

536 2411 637 2467 per
673 2394 960 2454 victoriam
999 2398 1122 2454 fidei
1153 2398 1417 2454 mundum
1449 2413 1569 2454 esse
1606 2398 1718 2454 Deo
1754 2396 2061 2472 subjectum
2090 2404 2144 2455 et
2173 2405 2438 2472 quantum
2474 2398 2571 2454 ad.

536 2485 860 2555 potentiam,
889 2492 942 2541 et
962 2492 1230 2559 quantum
1255 2487 1321 2543 ad
1350 2485 1699 2560 sapientiam.

608 2573 691 2629 Ad
721 2575 1022 2630 secundum
1049 2575 1360 2642 dicendum,
1394 2576 1539 2647 quod
1568 2574 1837 2647 sapientia
1874 2574 2163 2633 saecularis'
2181 2575 2381 2632 dicitur
2409 2591 2548 2632 con-

537 2661 710 2716 traria
733 2662 848 2716 Deo
877 2667 1142 2733 quantum
1171 2663 1242 2718 ad
1271 2663 1390 2732 ejus
1414 2663 1661 2732 abusum,
1688 2663 1832 2719 sicut
1858 2678 1923 2720 ea
1950 2663 2197 2721 haeretici
2222 2665 2542 2734 abutuntur,

539 2763 646 2828 non
671 2755 934 2821 quantum
965 2750 1032 2805 ad
1069 2751 1186 2821 ejus
1209 2751 1521 2808 veritatem.

577 2835 693 2892 -Ad
737 2837 961 2893 tertium
997 2837 1308 2916 dicendum,
1341 2839 1487 2913 quod
1518 2847 1921 2900 sacramentum
1956 2840 2084 2899 fidei
2114 2857 2211 2916 pro
2254 2848 2407 2900 tauto
2453 2844 2570 2900 ‘di--

535 2924 678 2980 citur
721 2939 842 2980 esse
877 2925 1108 2982 liberum
1154 2942 1186 2982 a
1225 2927 1615 3001 philosophicis
1661 2928 1843 3000 dictis,
1876 2931 2007 3004 quia
2048 2931 2151 2988 sub
2186 2931 2545 3006 philosophiae

536 3015 702 3070 metis
730 3020 1198 3072 noncoarctatur.
2568 3038 2573 3040 ·

573 3117 580 3124 ’
607 3103 693 3161 Ad
721 3111 978 3176 quartum
1002 3105 1309 3176 dicendum,
1339 3108 1486 3180 quod
1508 3108 1693 3165 Hiero·
1721 3107 1859 3166 adeo
1882 3093 2221 3166 afficiebatur
2241 3111 2309 3168 ad
2327 3110 2546 3184 aliquos

536 3191 706 3248 libros
730 3192 1032 3264 gentilium,
1067 3195 1214 3266 quod
1251 3211 1465 3253 sacram
1498 3197 1835 3270 Scripturam
1865 3199 2267 3270 quodammodo
2290 3205 2546 3258 contem-

535 3281 704 3338 nebat
734 3281 916 3337 :unde
939 3281 1056 3354 ipse
1084 3283 1218 3340 dicit
1252 3301 1265 3340 z
1292 3304 1320 3340 t<
1345 3286 1400 3342 Si
1426 3286 1645 3359 quando
1669 3287 1723 3342 in
1744 3292 1943 3344 memet
1968 3303 2219 3345 reversus
2243 3290 2547 3360 Prophetas

535 3369 717 3442 legere
745 3369 1050 3442 coepissem,
1091 3388 1270 3430 sermo
1308 3373 1565 3432 horrebat
1602 3374 1861 3432 incultus,
1896 3395 1921 3428 n
1954 3376 2020 3432 Et
2046 3375 2149 3434 hoc
2190 3393 2309 3436 esse
2349 3395 2549 3452 repre-

535 3458 800 3514 hensibile
830 3459 1006 3515 nullus
1031 3461 1278 3534 ambigit.

607 3548 689 3603 Ad
738 3549 988 3621 quintum
1025 3551 1338 3619 dicendum,
1382 3551 1528 3624 quod
1566 3567 1631 3608 ex
1663 3552 1885 3626 tropicis
1914 3553 2281 3612 locutionibus
2308 3571 2415 3613 non
2458 3565 2546 3614 est

537 3637 864 3693 assumenda
907 3639 1328 3710 argumentat10‚
1361 3647 1424 3696 ut
1453 3639 1584 3696 dicit
1608 3641 1866 3714 Magister
1894 3657 1953 3700 v1
1977 3642 2233 3700 Distinet.
2276 3661 2297 3702 1
2339 3644 2434 3700 lib.
2475 3645 2549 3703 Et

535 3725 736 3799 Diony.
772 3725 905 3782 dicit
940 3727 994 3783 in
1023 3727 1252 3799 epistola
1282 3727 1348 3782 ad
1380 3729 1583 3798 Titum,
1612 3729 1756 3803 quod
1796 3731 2095 3806 symbolica
2130 3732 2399 3805 theologia
2432 3751 2547 3791 non

538 3821 622 3868 cst
648 3814 1102 3886 argumentative,
1129 3824 1182 3872 ot
1210 3817 1481 3887 praecipuo
1506 3833 1627 3876 cum
1660 3821 1761 3877 hoc
1790 3837 1893 3876 non
1921 3823 1991 3878 sit
2018 3821 2283 3894 expositio
2309 3820 2547 3892 alicujus

541 3900 778 3958 auctorIS
820 3923 832 3957 :
880 3911 929 3958 ct
978 3913 1156 3960 tamnu
1208 3912 1384 3974 potest
1432 3906 1537 3964 dici
1578 3910 1719 3982 quod
1770 3911 1988 3984 quaudo
2032 3911 2262 3968 altorum
2308 3911 2549 3972 duorum

1159 4139 1194 4153 N
