2800 4492
499 307 566 380 ,β
959 325 1056 374 rs.
1100 323 1335 370 moine
1373 321 1705 376 aemma-ts
1742 321 2059 370 censentit

523 439 570 496 si
598 439 722 512 quis
749 444 835 497 est
865 439 1072 498 fructus
1102 441 1328 499 interior
1357 461 1384 494 n
1412 440 1569 514 quasi
1594 440 1744 498 dicat
1770 456 1785 494 ε
1816 436 2197 512 Principaliter
2224 437 2419 495 incitat
2449 439 2540 494 nie

521 527 734 587 fructus
757 529 1004 598 interior,
1033 551 1060 584 α
1082 529 1178 587 sed
1205 530 1252 587 si
1280 530 1481 603 aliquis
1504 538 1588 586 est
1616 529 1873 594 exterior,
1907 528 1997 584 hic
2022 543 2127 584 non
2158 534 2340 600 potest
2370 527 2538 584 aliam

524 624 813 690 ,expectare
859 617 944 676 vei
971 634 1192 691 sperare
1219 620 1568 692 sententiam,
1604 618 1704 674 nisi
1734 617 1981 676 materiae
2004 616 2237 673 similem
2266 636 2314 684 n,
2348 616 2403 672 id
2427 622 2533 679 est,

503 706 1159 780 .contzenlentem,1quasi
1201 707 1350 764 dicat
1381 726 1394 762 :
1427 709 1549 764 Non
1586 706 1734 763 aliud
1778 705 2396 780 necess-arium‘requiro
2434 719 2537 777 pro

522 782 704 852 fructu
730 795 1007 862 exteriori,
1039 796 1144 872 nisi
1173 796 1318 869 quod
1347 797 1541 854 deceat
1566 802 1777 852 tantam
1813 795 2119 861 materiam,
2150 795 2221 852 de
2248 811 2357 868 qua
2380 794 2539 866 judi-

504 884 670 950 ‚oium
710 884 935 948 concedi
977 900 1083 941 non
1123 884 1286 956 debet
1330 891 1523 958 neque·
1550 883 1822 960 ignaviter
1870 883 2057 957 pigris,
2113 899 2291 956 neque
2336 882 2536 939 callide

525 971 744 1042 invidis,
771 974 866 1031 sed
885 972 1062 1030 solum
1087 971 1348 1030 benevolo
1371 974 1627 1046 sapienti,
1644 973 1797 1029 'unde
1816 959 2065 1046 sequitur
2090 989 2101 1027 :
2128 992 2155 1032 it
2178 972 2537 1044 Quocumque

505 1117 512 1126 ,
525 1062 692 1132 igitur
713 1077 744 1118 a
771 1061 930 1125 vobis·
947 1061 1121 1134 dejeci
1144 1061 1333 1120 oculos
1351 1081 1376 1114 »
1404 1062 1461 1118 id
1486 1069 1570 1118 est
1590 1061 1659 1118 ad
1680 1075 2055 1134 quoscumque
2073 1061 2307 1132 respexi,
2334 1075 2443 1116 non
2464 1058 2537 1117 ad

509 1164 624 1222 ,vos
649 1157 882 1216 tantum,
915 1171 942 1204 α
970 1150 1393 1212 considerationi
1422 1165 1561 1209 meae
1589 1150 1827 1225 occurrit
1842 1150 2047 1222 partim
2067 1169 2099 1208 ,ν
2132 1150 2188 1205 id
2215 1155 2318 1216 est,
2346 1149 2405 1216 in
2427 1148 2535 1222 alif-

514 1238 726 1310 ,quibus
743 1239 981 1311 «ignava
1000 1257 1048 1306 n,
1066 1238 1120 1295 id
1139 1245 1223 1298 est
1243 1238 1411 1300 stulta
1428 1259 1454 1295 a
1474 1239 1735 1310 segnities
1755 1257 1804 1307 n,
1820 1237 1875 1294 id
1896 1245 2000 1306 est,
2013 1237 2267 1310 pigritia:
2290 1238 2534 1310 «partim

511 1314 663 1396 :livor
691 1346 739 1396 »ς
766 1327 823 1387 id
847 1335 950 1393 cst,
977 1327 1198 1394 invidia,
1229 1337 1256 1380 <i
1282 1327 1513 1385 callidus
1536 1346 1585 1395 n,
1610 1327 1665 1384 id
1691 1333 1793 1393 est,
1822 1332 2039 1384 astutus
2057 1326 2125 1384 ad
2148 1325 2453 1388 nocendum
2478 1326 2536 1382 in

511 1424 742 1482 -tantum
767 1435 794 1482 ᾳ
817 1424 878 1476 ut
902 1417 1287 1476 contumeliam
1312 1416 1565 1475 videatur
1587 1417 1829 1488 irrogare
1850 1416 2053 1472 divinis
2074 1415 2422 1481 tractatibus,
2436 1415 2533 1487 qui

510 1505 668 1573 baec,
685 1505 896 1570 scilicet
920 1505 1125 1574 divina,
1147 1507 1441 1580 projecerit
1462 1525 1513 1572 n,
1536 1504 1591 1561 id
1616 1512 1718 1571 est,
1750 1505 2059 1563 inordinate
2076 1504 2435 1578 exposuerit«
2460 1509 2537 1570 ta·

527 1592 672 1663 libus
696 1595 954 1662 monstris
979 1594 1262 1658 hominum
1291 1613 1341 1648 n.
1371 1595 1613 1653 Monstra
1641 1594 1897 1651 dicuntur
1924 1593 2171 1651 homines
2198 1593 2293 1667 qui
2321 1593 2377 1648 in
2406 1606 2535 1652 cor-

514 1697 658 1754 ,pore
673 1682 908 1739 humano
923 1697 1018 1741 cor
1033 1690 1229 1752 gerunt
1252 1681 1500 1750 bestiale,
1515 1698 1614 1755 per
1632 1691 1919 1756 peccatum
1932 1681 2136 1738 similes
2150 1682 2329 1738 effecti
2344 1681 2537 1738 bestiis

507 1771 583 1834 ‘in
609 1771 805 1833 affectu
823 1787 838 1837 ς
859 1790 885 1824 α
905 1785 1013 1830 non
1035 1771 1415 1842 cognoscenda
1432 1771 1615 1843 potius
1633 1787 1799 1845 quam
1822 1770 2192 1830 conculcanda
2215 1789 2265 1838 n,
2282 1770 2412 1843 quia
2429 1784 2535 1828 non

527 1863 642 1924 tam
682 1865 936 1934 quaerunt
977 1873 1289 1930 agnoscere,
1336 1875 1504 1933 quam
1532 1859 1851 1933 vituperare
1873 1875 2237 1934 quaecumque
2275 1860 2537 1917 dicuntur

509 1956 749 2019 propter
777 1947 1060 2016 invidiam,
1103 1947 1247 2014 unde
1289 1949 1420 2006 Nat.
1452 1965 1537 2006 vu
1569 1965 1583 2004 ε
1626 1949 1809 2008 Nolite
1845 1957 2087 2007 sanctum
2121 1949 2254 2005 dare
2292 1947 2533 2013 canibus,

517 2051 690 2108 neque
714 2035 950 2093 mittatis
987 2036 1320 2109 maryaritas
1345 2043 1551 2094 vestras
1585 2044 1711 2094 ante
1740 2055 1950 2112 porcos,
1979 2055 2045 2094 ne
2069 2037 2212 2109 sorte
2238 2037 2537 2093 conculcent

511 2141 634 2186 ωε.
659 2126 741 2206 Ne
765 2140 895 2197 ergo
925 2125 970 2181 si
991 2125 1148 2182 aliter
1167 2126 1404 2188 facerem
1418 2127 1609 2188 videar
1623 2128 1770 2201 quod
1790 2128 2132 2201 pr'oJecerim,
2152 2137 2261 2188 eto.
2279 2147 2307 2184 α
2328 2126 2537 2182 idcirco

527 2213 732 2286 stylum
765 2233 814 2270 n.
846 2215 976 2272 Haec
1002 2223 1086 2272 est
1116 2216 1358 2274 secunda
1378 2209 1507 2291 pars
1536 2217 1807 2289 prooemii,
1833 2216 1893 2271 in
1919 2231 2029 2289 qua
2056 2215 2335 2287 subjungit
2363 2230 2538 2272 excu-

527 2302 817 2360 sationem.
843 2303 912 2360 Et
948 2304 1123 2378 primo
1151 2312 1377 2364 excusat
1416 2306 1596 2380 operis
1624 2304 2023 2361 difficultatem.
2052 2305 2321 2373 Secundo,
2352 2304 2537 2376 operis

526 2392 1012 2464 imperfectionem.
1054 2412 1082 2448 α
1113 2394 1261 2456 Sane.
1284 2400 1497 2453 tantum
1522 2410 1555 2451 a
1584 2393 1759 2460 nobis,
1787 2399 1895 2448 etc.
1927 2411 1954 2444 n
1985 2390 2184 2464 Tangit
2210 2397 2395 2448 autem
2429 2393 2535 2460 tri-‚-

512 2480 723 2554 plicam
760 2481 1156 2550 difficultatem,
1198 2499 1364 2556 quam
1391 2489 1585 2556 sponte
1620 2482 1749 2539 huic
1776 2481 1929 2556 operi
1965 2480 2209 2538 adhibet.
2240 2480 2421 2538 Prima
2450 2486 2535 2537 est

515 2585 593 2625 ex
616 2568 886 2630 brevitate
912 2572 1218 2643 scriptum,
1243 2573 1388 2627 unde
1407 2573 1543 2628 dicit
1567 2589 1579 2627 :
1606 2593 1633 2626 α
1654 2572 1864 2629 Idcirco
1885 2570 2089 2644 stylum
2112 2569 2383 2626 brevitate
2396 2584 2535 2628 con-

526 2656 686 2714 traho
714 2676 762 2725 ν,
789 2658 1089 2716 secundum
1129 2657 1263 2714 illud
1290 2658 1503 2714 Horatii
1532 2675 1547 2714 ε

760 2774 764 2782 ’
867 2861 872 2864 ¹
959 2791 1076 2841 Dum
1100 2789 1258 2840 brevis
1281 2801 1384 2840 esse
1408 2790 1572 2840 laboro
1592 2813 1657 2830 -—
1672 2751 1911 2844 bbscurus
1933 2763 2013 2840 fio.

525 2920 794 2991 Secunda,
821 2937 888 2978 ex
921 2919 1214 2983 subtilibus
1241 2921 1711 2995 rationibus‘quas
1748 2920 1977 2990 inducit,
2002 2922 2148 2980 unde
2193 2923 2365 2981 dicit:
2395 2943 2423 2977 α
2453 2923 2535 2981 Ex

526 3011 734 3069 intimis
777 3010 1076 3084 disciplinis
1123 3010 1479 3092 pbilosophiae
1506 3017 1724 3084 sumpta
1766 3031 1793 3063 n
1824 3027 1949 3085 quae
1989 3018 2133 3068 sunt.
2161 3011 2463 3086 disciplinae
2500 3025 2534 3070 a

525 3100 777 3164 sensibus
799 3100 1195 3168 abstrahentem
1227 3117 1460 3174 quarum
1485 3100 1766 3175 principiis
1788 3107 1846 3168 et
1874 3101 2313 3159 conclusionibus
2334 3102 2530 3169 utitur,

526 3195 583 3248 et
625 3190 1014 3264 metaphysicis
1058 3197 1114 3247 et
1155 3189 1366 3262 logicae.
1406 3189 1611 3258 Tertia,
1653 3207 1721 3246 ex
1756 3190 1999 3247 novitate
2035 3190 2343 3259 verborum,
2390 3190 2534 3247 unde

519 3279 697 3344 ‚dicitz
732 3299 758 3332 α
782 3279 916 3338 Velo
945 3277 1432 3351 significationibus
1456 3295 1722 3336 novorum
1749 3279 2039 3336 verborum
2067 3297 2116 3334 ι).
2146 3279 2281 3349 Quae
2309 3279 2533 3353 quidem

525 3381 669 3444 nova
697 3366 952 3425 dicuntur
971 3366 1057 3422 vel
1085 3375 1350 3440 quantum
1375 3367 1445 3425 ad
1469 3367 1937 3440 materiam,.quia
1964 3366 2056 3424 alii
2084 3372 2350 3424 tractores
2370 3365 2533 3440 hujus

525 3455 847 3528 quaestionis
877 3471 983 3512 non
1017 3464 1142 3512 sunt
1169 3454 1254 3513 usi
1283 3456 1485 3514 talibus
1511 3456 1693 3513 verbis
1724 3473 1738 3511 ε
1779 3456 1865 3513 vel
1894 3461 2160 3528 quantum
2188 3457 2258 3512 ad
2286 3455 2409 3512 illos
2435 3458 2535 3530 qui

515 3542 731 3614 legunt,
760 3542 855 3616 qui
889 3543 1088 3600 talibus
1115 3545 1297 3601 verbis
1325 3561 1433 3602 non
1466 3553 1592 3602 sunt
1619 3544 1844 3604 assueti.
1875 3544 2010 3600 Tres
2038 3551 2221 3601 autem
2263 3543 2361 3600 has
2382 3544 2535 3600 difli-

525 3631 760 3689 cultates
789 3638 1002 3704 quartae
1037 3633 1209 3700 addit,
1237 3650 1404 3707 quam
1442 3649 1607 3708 supra
1636 3633 1811 3705 tetigi,
1844 3649 1970 3707 quae
1998 3640 2083 3690 est
2112 3634 2356 3690 materiae
2384 3632 2535 3688 diffi-

525 3721 722 3788 cultas,
755 3728 816 3777 ut
852 3721 906 3777 in
949 3721 1030 3779 his
1055 3729 1182 3794 quae
1221 3721 1273 3776 in
1310 3721 1412 3778 hoc
1435 3721 1529 3778 lib.
1571 3722 1900 3785 scribuntur,
1934 3727 2147 3779 tant-um
2196 3722 2534 3795 sapientibus

525 3809 886 3882 colloquatur,
921 3811 1028 3884 ‚qui
1058 3810 1178 3868 haec
1217 3810 1519 3883 intelligere
1558 3817 1829 3883 poterunt,
1875 3811 2019 3868 sicut
2048 3814 2144 3867 „est
2174 3817 2366 3866 auctor
2390 3811 2529 3883 ipse,

525 3904 582 3958 et
607 3897 698 3964 ille
717 3899 791 3962 ad
819 3915 984 3974 quem
1008 3899 1142 3960 liber
1166 3899 1443 3980 scribitur.
1469 3899 1576 3961 Alii
1603 3909 1734 3972 vero
1758 3899 1854 3972 qui
1882 3914 2080 3972 capere
2113 3898 2395 3957 intellectu
2424 3915 2531 3957 non
