2800 4492
503 277 621 340 266
977 296 1027 342 s.
1074 295 1306 338 ‘ruouAE
1347 293 1675 366 acuminis
1716 292 2027 338 croscum
2080 356 2084 360 .

504 411 736 480 gratiam
765 411 1134 467 remittentem
1164 411 1398 483 culpam,
1430 418 1484 466 et
1514 424 1728 464 omnem
1767 407 1935 465 alium
1968 407 2299 465 sacramenti
2338 405 2513 461 effec-

498 505 640 561 tum.
669 500 735 554 Et
773 497 875 555 hoc
903 499 1069 555 etiam
1104 499 1445 570 continge-ret
1479 497 1533 554 in
1558 497 1764 562 adulto.
1799 496 1849 554 si
1884 496 2045 552 simul
2087 512 2212 553 cum
2252 495 2513 566 baptiza-

506 594 672 653 retur,
721 593 907 644 votum
956 587 1213 658 baptismi
1251 586 1451 644 habere
1490 575 1785 660 inciperet}
1830 594 1886 642 et
1922 584 2070 642 idem
2115 591 2199 640 est
2238 584 2409 640 etiam
2451 584 2509 638 in

504 682 846 731 sacramento
907 675 1263 749 peanitentiae,
1309 674 1456 750 quod
1524 680 1933 731 consummatur
1988 674 2041 729 in
2098 671 2511 744 dispensatione

506 760 737 818 ministri
787 761 1138 819 absolventis,
1177 764 1312 818 Cum
1353 763 1499 818 enim
1544 761 1744 835 aliquis
1784 769 1912 819 actu
1956 760 2276 826 absolvitur,
2308 774 2511 816 conse-

507 850 692 923 quitur
743 849 982 922 plenarie
1037 851 1362 906 sacramenti
1407 850 1693 916 effectum;
1741 850 1837 904 sed
1879 848 1927 904 si
1974 854 2269 921 antequam
2320 845 2511 902 absol-

510 944 684 1004 vatur,
713 937 910 994 habeat
937 937 1041 994 hoc
1069 945 1474 995 sacramentum
1505 937 1559 994 in
1589 943 1736 1004 voto,
1766 937 1985 1010 quando
2014 936 2223 993 scilicet
2253 935 2509 1007 proponit

506 1042 574 1102 se·
609 1026 874 1099 subjicere
921 1026 1167 1084 clavibus
1210 1025 1491 1094 Ecclesiae,
1518 1028 1635 1098 jam
1667 1027 1843 1082 virtus
1880 1025 2117 1082 clavium
2156 1031 2415 1096 operatur
2452 1024 2509 1079 in

509 1115 641 1188 ipso,
672 1123 728 1171 et
772 1116 1124 1188 consequitur
1168 1115 1543 1171 remissionem
1571 1115 1768 1187 culpae.
1808 1114 1863 1172 Si
1907 1114 2031 1187 quis
2069 1122 2251 1170 tamen
2290 1113 2346 1168 in
2387 1112 2508 1184 ipsa

397 1268 422 1281 ἱ
509 1203 844 1260 absolutione
873 1205 1066 1279 incipit
1099 1205 1326 1270 conteri,
1351 1212 1408 1260 et
1437 1204 1619 1260 claves
1646 1203 1903 1260 Ecclesiae
1932 1203 2131 1258 habere
2176 1204 2229 1258 in
2258 1209 2419 1270 voto;
2453 1201 2510 1258 iu

510 1292 622 1364 ipsa
655 1292 996 1348 absolutione
1024 1293 1326 1348 sacerdotis
1354 1291 1512 1364 culpa
1542 1291 1591 1346 ei
1629 1290 1923 1347 dimittitur
1960 1306 2057 1365 per
2094 1290 2347 1361 gratiam,
2381 1281 2533 1361 quae‘
2556 1303 2573 1322 ⁸

509 1379 811 1436 infunditur
838 1381 892 1436 in
923 1381 1024 1437 boc
1052 1387 1415 1447 sacramento,
1448 1381 1589 1436 sicut
1618 1386 1674 1436 et
1712 1380 1765 1435 in
1794 1378 1919 1436 aliis
1945 1379 2303 1435 sacramentis
2349 1393 2510 1434 novae

439 1467 442 1471 ’
527 1470 672 1540 egis;
693 1470 833 1525 unde
858 1463 1183 1544 quandoque
1202 1470 1470 1540 contingit
1494 1468 1639 1544 quod
1666 1467 1835 1543 aliqui
1860 1484 1964 1524 non
1995 1467 2232 1541 perfecte
2258 1468 2506 1536 contriti,

509 1559 712 1614 virtute
766 1559 1002 1616 clavium
1053 1559 1286 1630 gratiam
1328 1558 1675 1614 contritionis
1727 1564 2153 1630 consequuntur,
2210 1555 2509 1612 dummodo

509 1660 613 1704 non
653 1654 854 1718 ponant
881 1647 1090 1703 obicem
1130 1647 1352 1720 Spiritui
1399 1655 1623 1714 sanct03
1650 1650 1706 1702 et
1742 1645 1886 1701 idem
1929 1651 2013 1700 est
2050 1645 2103 1700 in
2152 1643 2275 1700 aliis
2314 1659 2509 1702 sacra-

511 1736 708 1790 mentis
729 1749 882 1791 novae
908 1734 1060 1805 legiS,
1095 1735 1149 1792 in
1173 1735 1372 1809 quibus
1393 1735 1571 1806 gratia
1596 1732 1890 1790 confertur.
1921 1731 2151 1789 Videtur
2175 1738 2354 1789 tamen
2384 1749 2507 1789 esse

509 1822 814 1878 differentia
855 1822 996 1879 inter
1044 1823 1373 1893 baptismum
1415 1829 1470 1878 et
1519 1822 1893 1895 poenitentiam
1926 1838 1940 1876 ι
1973 1829 2193 1894 propter
2230 1820 2333 1877 hoc
2357 1822 2507 1894 quod

507 1916 910 1966 sacramentum
939 1910 1276 1985 poenitentiae
1311 1926 1525 1982 semper
1566 1909 1850 1966 exhibetur
1878 1909 2099 1977 adultis,
2132 1910 2189 1966 in
2217 1909 2415 1982 quibus
2446 1915 2507 1964 ut

508 1996 801 2071 plurimum
829 2000 1087 2055 contritio
1115 2000 1376 2072 praecedit
1411 2007 1651 2072 tempore
1692 1998 2087 2056 confessionem
2116 2005 2171 2056 et
2200 1998 2509 2055 absolutio-

511 2101 664 2152 nem;
705 2087 1006 2160 baptismus
1061 2096 1242 2145 autem
1293 2088 1568 2144 multoties
1618 2086 1895 2144 confertur
1944 2088 2148 2160 pueriS,
2199 2087 2253 2143 in
2305 2086 2507 2159 quibus

508 2182 696 2231 votum
724 2175 979 2248 baptismi
1009 2192 1115 2234 non
1141 2177 1433 2249 praecedit;
1461 2177 1679 2233 omnino
1706 2183 1888 2234 autem
1918 2175 2094 2234 simile
2118 2182 2427 2250 appareret,
2455 2175 2505 2232 si

507 2263 674 2319 etiam
698 2263 998 2348 baptismus
1027 2264 1370 2322 exhiberetur
1398 2264 1621 2322 adultis.

578 2352 659 2408 Ad
692 2353 923 2426 primum
953 2370 1081 2427 ergo
1123 2354 1434 2421 dicendum,
1464 2354 1624 2454 quod·
1643 2353 1866 2410 verbum
1912 2335 2155 2424 Hugonis
2180 2369 2284 2412 non
2314 2360 2398 2409 est
2422 2354 2504 2414 sic

504 2439 915 2514 intelligendum
947 2443 1102 2516 quasi
1140 2443 1413 2499 sententia
1437 2443 1581 2499 Petri
1612 2442 1665 2497 in
1691 2442 1975 2498 sacerdote
1998 2440 2313 2498 absolvente
2354 2459 2505 2516 prae-

505 2530 666 2586 cedat
695 2536 936 2604 tempore
978 2531 1304 2588 sententiam
1344 2531 1489 2597 eceli,
1518 2531 1574 2587 id
1617 2538 1701 2587 est
1730 2531 1829 2586 Dei
1877 2531 2209 2588 remittentis
2246 2531 2500 2604 culpam;

504 2618 600 2672 sed
630 2619 758 2690 quia
787 2619 1111 2675 sententiam
1142 2619 1287 2675 Petri
1318 2619 1583 2692 approbat
1606 2619 1878 2676 sententia
1903 2619 2023 2674 Dei.

575 2704 658 2761 Ad
687 2705 984 2761 secundum
1008 2706 1319 2773 dicendum,
1341 2707 1487 2780 quod
1513 2707 1781 2764 medicina
1801 2706 2214 2765 sacramentalis
2242 2718 2503 2782 operatur

507 2809 617 2848 non
644 2787 816 2847 soluin
845 2801 970 2850 actu
1001 2793 1264 2864 adhibita,
1297 2795 1389 2850 sed
1416 2795 1582 2852 etiam
1620 2796 1673 2851 in
1700 2795 1975 2869 proposito
1998 2796 2266 2866 existens3
2292 2806 2349 2853 et
2378 2798 2501 2856 ideo

509 2881 835 2955 quandoque
879 2882 1092 2940 sanatio
1146 2882 1386 2939 vulneris
1444 2874 1702 2958 praecedit
1760 2885 2213 2942 sacramentalem
2278 2885 2502 2942 absolu-

512 2972 733 3026 tionem.

449 3123 464 3139 ,-
576 3060 659 3116 Ad
693 3061 914 3118 tertium
951 3061 1260 3128 dicendum,
1296 3062 1439 3134 quod
1478 3078 1753 3136 nunquam
1784 3069 2107 3140 potestesse
2130 3079 2260 3120 vera
2286 3065 2500 3120 contri-

518 3149 592 3203 tio
627 3148 745 3204 sine
791 3157 914 3206 voto
956 3150 1190 3206 clavium
1231 3150 1507 3218 Ecclesiae,
1558 3159 2057 3224 quantumcumque
2111 3152 2185 3208 sit
2235 3151 2389 3208 dolor
2430 3155 2499 3212 de

507 3244 727 3307 peccato
758 3239 1053 3309 praeterito,
1083 3246 1139 3294 et
1176 3241 1510 3312 propositum
1554 3239 1860 3296 abstinendi
1898 3240 1953 3298 in
1983 3239 2224 3298 futurum
2247 3257 2261 3310 ;
2288 3249 2345 3298 et
2375 3242 2497 3300 ideo

507 3325 560 3379 in
584 3324 906 3382 contritione
934 3326 1094 3400 culpa
1121 3329 1440 3386 remittitur.

1195 3506 1648 3584 ARTIGULUS
1689 3507 1799 3567 XI.

516 3611 734 3700 Utrum
760 3637 858 3699 vir
887 3638 1087 3718 possit
1121 3641 1385 3716 accipere
1421 3657 1651 3714 crucem
1690 3659 1876 3704 uxore
1904 3643 2155 3717 nolente,
2180 3643 2245 3706 -si
2272 3644 2341 3706 de
2367 3643 2501 3722 eju-5

638 3728 1068 3790 incontinentia
1093 3729 1395 3789 timeatur.
1429 3761 1507 3774 -
1532 3728 1616 3809 (4,
1649 3729 1794 3792 dist.
1822 3732 1882 3806 3,
1916 3737 2036 3794 art.
2077 3735 2131 3806 1,
2156 3733 2239 3794 ad
2266 3733 2348 3811 1).

578 3858 656 3922 Ad
683 3860 978 3917 secundum
1008 3859 1088 3920 sic
1107 3857 1439 3940 proceditur.
1471 3860 1695 3920 Videtur
1724 3863 1867 3944 quod
1918 3865 1999 3924 vir
2037 3864 2207 3944 possit
2244 3865 2499 3943 accipere

526 4063 602 4072 ——.---
