2800 4492
495 287 623 348 352-
972 301 1024 346 s.
1069 297 1302 344 ‘rumim
1344 296 1670 350 Aommrrs
1711 296 2019 346 oruscnm

497 419 724 474 ditur.in
755 415 1114 473 universitate
1147 411 1363 472 illorum
1390 415 1459 470 de
1488 414 1685 487 quibus
1720 413 2012 488 Apostolus
2050 413 2184 472 dicit
2224 414 2294 472 ad
2335 415 2499 472 Rom.

498 524 551 576 v,
581 510 649 565 ⁴2
676 522 691 561 ε
725 506 792 562 In
819 521 919 577 quo
944 521 1118 561 omnes
1143 510 1488 578 peccaverunt
1504 521 1521 570 ,·
1551 520 1579 559 a
1612 520 1721 576 qua
1744 504 2103 561 universitate
2132 503 2279 562 solus
2307 503 2504 562 Chris-

498 601 587 652 tus
610 594 898 667 excipitur,
921 592 1016 665 qui
1047 593 1101 648 in
1137 593 1312 648 Adam
1342 591 1448 649 non
1486 591 1591 648 fuit
1626 591 1927 648 secundum
1959 593 2276 649 seminalem
2320 593 2504 648 ratio-

496 699 650 752 nem;
677 681 916 754 alioquin
959 681 1006 738 si
1037 680 1140 737 hoc
1180 680 1335 737 alteri
1367 681 1685 738 conveniret
1727 698 1894 755 quam
1937 679 2171 746 Christo,
2204 696 2311 737 non
2351 681 2505 736 indi-

496 780 648 844 geret
686 770 885 826 Christi
934 769 1325 842 redemptione.
1367 771 1439 826 Et
1486 770 1609 826 ideo
1646 787 1753 827 non
1803 778 2015 827 tantum
2060 769 2321 826 debemus
2365 769 2503 824 dare

499 860 657 915 matri
685 859 828 933 quod
853 858 1361 930 subtrahataliquid
1381 859 1569 915 honori
1598 859 1741 926 Filii,
1758 860 1851 931 qui
1880 866 1963 914 est
1982 860 2231 916 Salvator
2254 859 2502 916 omnium

498 949 793 1014 hominum,
824 955 884 1002 ut
910 948 1046 1026 dicit
1071 947 1380 1018 Apostolus,
1411 949 1435 1002 1
1458 948 1525 1003 ad
1553 947 1695 1002 Tim.
1720 963 1801 1002 iv.

569 1036 830 1106 Quamvis
853 1042 1037 1092 autem
1073 1037 1240 1092 Beata
1265 1035 1431 1108 Virgo
1474 1035 1527 1090 in
1566 1035 1817 1106 originali
1848 1043 2111 1108 concepta
2158 1033 2341 1104 luerit,
2372 1051 2502 1091 cre-

387 1185 406 1198 !
499 1126 646 1181 ditur
676 1124 936 1182 tamenin
965 1131 1121 1181 utero
1151 1123 1318 1180 luisse
1351 1123 1717 1184 sanctificata,
1752 1130 2044 1196 antequam
2088 1131 2236 1180 nata.
2267 1123 2336 1178 Et
2376 1125 2500 1179 ideo

498 1213 644 1270 circa
669 1212 1090 1269 celebrationem
1119 1211 1499 1284 conceptionis
1532 1213 1649 1282 ejus
1678 1211 1895 1267 diversa
1933 1209 2267 1266 consuetudo
2306 1212 2499 1266 Eccle-

499 1303 704 1358 siarum
741 1301 989 1357 inolevit.
1020 1301 1160 1357 Nam
1209 1301 1473 1355 Romama
1506 1297 1751 1355 Ecclesia
1788 1307 1844 1354 et
1888 1298 2134 1371 plurimae
2176 1299 2318 1364 aliae,
2360 1317 2499 1356 con-

499 1391 802 1448 siderantes
855 1389 1274 1462 Conceptionem
1327 1387 1564 1459 Virginis
1615 1388 1668 1442 in
1726 1387 1981 1458 originali
2032 1398 2257 1461 peccato
2307 1389 2515 1460 fuisse,-

499 1479 700 1536 festum
723 1469 728 1476 ’
750 1477 1130 1551 conceptionis
1182 1492 1288 1532 non
1343 1475 1642 1532 celebrant.
1671 1476 1852 1550 Aliqui
1910 1491 2038 1532 vero
2090 1477 2501 1536 considerantis

501 1567 990 1624 sanctificationem
1015 1568 1131 1639 ejus
1160 1567 1212 1621 in
1245 1572 1420 1630 utero,
1452 1566 1609 1636 cujus
1637 1572 1852 1638 tempus
1890 1565 2189 1637 ignoratur,
2222 1569 2503 1626 celebrant

502 1655 954 1727 Conceptionem;
994 1654 1237 1710 creditur
1279 1653 1424 1708 enim
1472 1641 1615 1726 quod
1655 1653 1767 1709 cito
1809 1660 1932 1725 post
1984 1655 2397 1726 conceptionem
2446 1666 2503 1714 et

504 1745 701 1800 animae
726 1743 1048 1800 infusionem
1078 1733 1240 1797 suerit
1269 1741 1631 1798 sanctificata.
1659 1741 1813 1798 Unde
1835 1740 1925 1798 illa
1955 1739 2247 1799 celebritas
2271 1759 2377 1800 non
2417 1755 2503 1811 est

502 1832 786 1888 referenda
825 1831 892 1886 ad
923 1831 1344 1902 conceptionem
1388 1833 1599 1885 ratione
1630 1831 2020 1902 conceptionis,
2048 1833 2143 1886 sed
2184 1833 2364 1904 potius
2408 1849 2503 1890 ra-

505 1920 652 1975 tione
680 1917 1148 1977 sanctificationis.
1179 1918 1270 1974 Sic
1293 1934 1423 1990 ergo
1454 1935 1559 1974 non
1588 1925 1672 1973 est
1701 1917 1822 1974 ideo
1847 1918 2172 1974 celebranda
2203 1920 2505 1993 conceptio

507 2007 790 2081 praedicta,
818 2007 946 2079 quia
983 2005 1144 2062 suerit
1181 2007 1299 2062 sine
1329 2013 1554 2078 peccato
1595 2005 1846 2078 originali
1874 2015 2159 2081 concepta.
2190 2009 2309 2064 Non
2356 2011 2503 2067 enim

506 2113 604 2168 per
634 2097 734 2152 hoc
761 2094 970 2163 tollitur
995 2096 1126 2167 quin
1157 2095 1318 2152 luerit
1347 2093 1639 2168 specialius
1666 2096 1865 2151 ceteris
1902 2107 2228 2168 praeparata,
2261 2114 2328 2153 eo
2356 2102 2505 2172 quod

506 2184 561 2240 in
594 2187 710 2256 ipsa
754 2183 1185 2242 sanctificatione
1229 2185 1505 2256 copiosius
1544 2185 1743 2240 ceteris
1779 2199 1975 2257 munus
2019 2186 2213 2256 gratiae
2255 2189 2501 2260 accepit3

508 2289 618 2330 uon
645 2273 819 2330 solum
839 2280 900 2330 ut
925 2283 1250 2346 purgaretur
1278 2289 1310 2330 a
1341 2280 1566 2346 peccato
1590 2271 1861 2346 originali,
1888 2274 1985 2330 sed
2012 2280 2071 2331 ut
2099 2283 2213 2331 tota
2240 2277 2361 2348 ejus
2387 2279 2507 2334 vita

508 2361 826 2423 redderetur
851 2360 1108 2426 immunis
1136 2361 1206 2420 ab
1229 2363 1374 2418 omni
1408 2369 1632 2435 peccato
1660 2368 1773 2420 tam
1810 2363 2025 2420 mortali
2070 2377 2237 2438 quam
2278 2364 2500 2435 veniali,

508 2457 571 2508 ut
598 2451 734 2509 dicit
759 2451 1095 2510 Anselmus.·

1165 2627 1619 2693 ARTICULUS
1674 2627 1758 2692 VI
1764 2626 1842 2693 11.

582 2760 799 2828 Utrum
826 2761 1077 2826 ezericus
1101 2762 1479 2840 beneficiatus
1503 2768 1793 2838 teneatur,
1827 2764 1894 2828 in
1918 2762 2138 2830 scholis
2164 2755 2443 2845 wistane,

1063 2852 1254 2914 dicere
1281 2853 1536 2930 officium
1558 2859 1952 2919 mortuorum.

581 2985 736 3042 Circa
767 2983 1066 3041 secundum
1097 2985 1178 3042 sic
1209 2985 1540 3058 proceditur.
1571 2986 1801 3043 Videtur
1828 2987 1973 3061 quod
2018 2986 2251 3046 clericus
2296 2990 2513 3046 benefi-

511 3072 690 3129 ciatus
715 3080 984 3141 teneatur,
1019 3073 1072 3127 in
1112 3071 1312 3129 scholis
1353 3072 1617 3138 existens,
1650 3073 1833 3129 dicere
1875 3073 2110 3130 officium
2142 3085 2509 3133 mortuorum.

503 3159 607 3226 llle
630 3161 774 3216 enim
799 3161 892 3233 qui
925 3161 1118 3233 recipit
1146 3159 1286 3217 bona
1317 3157 1637 3235 temporalia
1668 3162 1915 3234 alicujus,
1951 3171 2166 3220 tenetur
2210 3165 2263 3220 ei
2298 3167 2353 3221 in
2388 3168 2515 3236 spi-

512 3249 803 3307 ritualibus
858 3247 1290 3320 recompensare.
1343 3249 1449 3306 Sed
1507 3251 1611 3306 isto
1658 3250 1889 3306 clericus
1943 3252 2143 3325 accipit
2193 3253 2334 3310 bona
2383 3269 2516 3328 (μω

513 3335 731 3391 suerunt
759 3335 1157 3398 defunctorum.
1189 3337 1330 3409 Ergo
1364 3344 1581 3398 tenetur
1618 3354 1715 3411 pro
1746 3339 1825 3395 eis
1853 3339 2037 3396 dicere
2078 3340 2320 3398 officium
2360 3355 2520 3399 mon-

513 3431 752 3481 tuorum.
2300 3495 2307 3500 ἱ

580 3513 685 3568 Sed
716 3524 928 3583 contra,
961 3513 1050 3570 ille
1076 3513 1172 3587 qui
1196 3515 1374 3570 minus
1401 3514 1615 3587 recipit,
1646 3514 1825 3573 minus
1871 3523 2105 3574 tenetur.
2137 3519 2240 3576 Sed
2282 3518 2521 3576 clericus

512 3602 605 3674 qui
637 3601 691 3657 in
721 3602 922 3658 scholis
948 3613 1213 3671 moratur,
1243 3604 1421 3658 minus
1466 3605 1659 3676 recipit
1694 3621 1860 3676 quam
1906 3606 1999 3661 alii
2045 3607 2139 3680 qui
2182 3607 2234 3662 in
2270 3607 2523 3664 Ecclesia
2579 3641 2587 3648 ·

511 3689 867 3747 residentiam
929 3691 1156 3758 faciunt,
1215 3691 1309 3763 qui
1362 3691 1632 3762 recipiunt
1678 3694 2026 3764 quotidianas
2076 3695 2523 3754 distributiones·

509 3777 656 3848 Ergo
686 3795 792 3835 non
824 3786 1037 3835 tenetur
1059 3779 1246 3835 dicere
1272 3778 1510 3834 officium
1534 3788 1871 3837 mortuorum
1895 3783 2040 3838 sicut
2069 3783 2169 3840 illi.

584 3865 907 3938 Respondeo
932 3867 1240 3938 dicendum,
1273 3867 1420 3943 quod
1449 3868 1701 3939 clericus,
1732 3885 1798 3928 ex
1828 3869 1931 3928 hoc
1966 3871 2087 3945 ipso
2108 3871 2256 3946 quod
2286 3879 2370 3929 est
2398 3871 2527 3930 cle-
