2800 4492
497 322 619 388 320
976 339 1030 384 a.
1071 338 1309 393 ‘monac
1350 335 1681 387 nomisma
1718 336 2032 382 ornacum

502 450 703 514 Christi
724 457 995 529 accipiat;
1022 456 1158 529 quia
1177 455 1270 527 qui
1297 453 1585 511 manducat
1611 463 1659 510 et
1690 453 1819 510 bibit
1854 453 2091 525 indique,
2112 453 2385 526 judicium
2411 453 2545 509 sibi

502 545 789 603 manducat
829 552 881 602 et
926 544 1078 610 bibit,
1113 551 1171 600 ut
1199 544 1402 600 dicitur
1426 544 1452 598 1
1492 544 1615 600 Cor.
1662 559 1746 608 xi,
1774 547 1863 599 29.
1888 542 2031 614 Ergo
2076 544 2335 599 sacerdos
2376 543 2541 598 bene

501 632 652 698 facit.
685 633 732 688 si
761 635 880 706 ejus
922 633 1224 706 periculum
1267 631 1456 698 evit-et,
1489 631 1775 704 porrigens
1802 631 1853 686 ei
1886 630 2121 705 hostiam
2170 647 2274 687 non
2313 647 2543 688 conse-

500 727 732 780 cratem.

571 809 893 883 Respondeo
915 809 1225 876 dicendum,
1243 808 1399 882 ,quod
1428 808 1647 865 veritati
1671 823 1780 864 non
1803 815 1889 864 est
1919 808 2103 882 aliqua
2134 807 2281 864 [ictio
2309 807 2541 880 adjun-

499 897 697 970 genda,
713 899 844 972 quia
859 898 1006 955 nulla
1021 905 1107 955 est
1130 897 1421 954 conventio
1439 897 1575 953 lucie
1600 897 1669 954 ad
1689 897 1961 962 tenebras,
1980 904 2041 952 ut
2064 896 2355 971 Apostolus
2374 897 2536 954 dicit

501 987 550 1044 1¹
576 987 642 1043 ad
668 988 792 1050 Cor.
824 1002 882 1042 v!
913 1003 928 1043 ε
963 995 1017 1043 et
1055 994 1279 1059 propter
1307 984 1410 1040 hoc
1438 986 1774 1056 Augustinus
1797 985 1992 1058 probat
2022 986 2076 1040 in
2106 986 2197 1040 lib.
2225 985 2535 1040 Lxxxm

503 1082 700 1148 quaest.
732 1075 874 1148 quod
905 1061 1106 1149 corpus
1143 1073 1344 1130 Christi
1377 1089 1482 1128 non
1526 1073 1630 1128 §nit
1674 1072 2097 1145 phantasticum,
2124 1073 2254 1145 quia
2282 1074 2529 1142 veritas,

503 1180 628 1238 quae
654 1171 736 1218 est
760 1163 1026 1228 Christus,
1047 1178 1152 1218 non
1183 1162 1364 1236 potuit
1387 1160 1603 1229 saliere;
1625 1169 1681 1217 et
1712 1161 1834 1217 ideo
1862 1162 1917 1217 in
1942 1162 2299 1217 sacramentis
2316 1161 2535 1217 Eccle-

502 1255 601 1310 siae
626 1251 756 1306 nihil
801 1260 886 1307 est
924 1266 1018 1324 per
1048 1250 1324 1307 fictionem
1349 1250 1641 1322 agendum,
1672 1257 1731 1334 et
1758 1250 2031 1324 praecipue
2073 1252 2126 1306 in
2168 1261 2567 1327 sacramento·

503 1341 714 1407 aitaris,
747 1340 802 1396 in
831 1355 940 1413 quo
983 1346 1131 1400 totus
1171 1335 1422 1395 Christus
1464 1340 1795 1395 continetur.
1828 1339 1985 1394 Esset
2028 1349 2213 1397 autem
2258 1341 2533 1412 quaedam

503 1429 671 1494 fictio,
687 1430 732 1486 si
749 1429 926 1487 hostia
951 1444 1055 1484 non
1079 1435 1402 1484 consecrata
1423 1427 1541 1483 ioco
1570 1434 1905 1484 consecratae
1924 1427 2148 1483 daretur
2164 1445 2178 1498 ;
2196 1444 2319 1485 cum
2344 1429 2531 1486 etiam

504 1519 779 1586 sacerdos,
817 1526 1081 1592 quantum
1123 1518 1176 1572 in
1219 1532 1278 1572 se
1317 1524 1420 1580 est,
1456 1515 1655 1588 populo
1694 1516 1847 1572 fieret
1890 1516 2219 1572 idolatrandi
2260 1517 2525 1587 occasio;

505 1610 599 1681 qui
621 1609 872 1681 quamvis
901 1612 1186 1679 peccatum
1221 1604 1491 1661 idolatriae
1517 1619 1622 1660 non
1653 1604 1972 1670 incurreret,
2006 1606 2286 1662 aestimans
2310 1606 2529 1680 proba-

505 1695 688 1752 biiiter
723 1696 958 1751 hostiam
1004 1709 1124 1749 esse
1163 1699 1571 1761 consecratam;
1622 1699 1802 1748 tamen
1842 1693 2099 1749 sacerdos
2126 1695 2186 1750 in
2226 1694 2326 1750 hoc
2367 1697 2527 1767 quod

505 1782 742 1839 hostiam
769 1797 874 1838 non
906 1790 1283 1838 consecratam
1309 1780 1507 1854 populo
1536 1780 1816 1838 exhiberet
1855 1782 2211 1852 adorandam,
2244 1783 2527 1842 idolatrioe

506 1873 716 1928 crimen
762 1871 1084 1925 incurreret.
1136 1868 1288 1925 Unde
1335 1867 1439 1923 hoc
1482 1869 1535 1924 in
1583 1868 1729 1924 nullo
1784 1885 1914 1926 casu
1958 1877 2043 1926 est
2092 1869 2421 1940 faciendum,
2458 1881 2529 1930 ut

505 1958 686 2015 hostia
715 1973 824 2013 non
852 1963 1170 2013 consecrata
1207 1956 1528 2012 exhibeatur
1554 1958 1651 2034 uni
1688 1957 1769 2012 vel
1796 1957 2042 2031 pluribus
2071 1967 2348 2032 tamquam
2378 1978 2528 2018 con-³-

507 2053 745 2105 eecrata.
772 2046 945 2102 Debet
973 2061 1104 2118 ergo
1131 2046 1387 2102 sacerdos
1427 2051 1768 2117 peccatorem
1796 2046 2068 2103 occultum
2096 2049 2269 2120 primo
2293 2051 2526 2121 quidem

509 2151 728 2193 monere
768 2142 829 2191 ut
873 2134 1248 2208 poenitentiam
1291 2143 1446 2208 agat,
1488 2142 1547 2190 et
1585 2133 1666 2190 sic
1702 2134 1772 2191 ad
1811 2129 2213 2193 sacramentum
2256 2140 2523 2211 accedatg

509 2224 656 2300 quod
689 2218 732 2280 s'i
766 2225 1028 2298 poenitere
1053 2223 1309 2290 noluerit,
1337 2222 1501 2279 debet
1526 2223 1574 2278 ei
1605 2223 1815 2280 occulte
1843 2223 2084 2281 inhibere
2115 2241 2180 2280 ne
2211 2226 2332 2282 aliis
2358 2243 2524 2284 com-

510 2313 912 2370 manicantibus
954 2313 1010 2369 in
1057 2312 1272 2384 publico
1315 2328 1375 2369 se
1415 2310 1754 2381 immisceat3
1787 2313 1936 2386 quod
1963 2313 2010 2370 si
2043 2329 2104 2371 se
2132 2314 2519 2386 immiscuerit,

509 2403 669 2460 debet
698 2402 747 2460 ei
778 2403 910 2458 dare
937 2400 1171 2458 bostiam
1197 2409 1596 2458 consecratam.

579 2477 732 2548 Unde
760 2493 932 2562 prima
957 2491 1065 2546 duo
1089 2490 1461 2545 concedimus·

579 2580 660 2636 Ad
692 2581 916 2635 tertium
940 2578 1247 2645 dicendum,
1273 2579 1419 2651 quod
1446 2577 1647 2634 stultus
1674 2583 1818 2636 esset
1840 2579 2104 2648 medicus,
2125 2581 2220 2654 qui
2244 2597 2369 2640 cum
2394 2599 2523 2640 tna-

502 2669 610 2741 jori
641 2683 742 2724 suo
775 2665 1016 2741 periculo
1063 2667 1240 2721 minus
1268 2667 1571 2738 periculum
1614 2666 1811 2723 infirmi
1843 2667 2007 2724 vellet
2053 2667 2349 2746 impedire:
2382 2679 2524 2745 puta

510 2757 558 2812 si
590 2754 751 2812 veliet
779 2755 895 2826 ipse
923 2769 1191 2809 venenum
1229 2753 1433 2820 bibere,
1466 2771 1533 2811 ne
1562 2756 1809 2811 infirmus
1855 2755 2073 2819 biberet.
2110 2759 2315 2815 vinum.
2346 2761 2523 2818 Multo

513 2853 697 2902 autem
744 2843 918 2914 magis
961 2849 1150 2914 peccat
1197 2843 1452 2899 sacerdos
1496 2843 1771 2899 fictionem
1818 2843 2025 2902 faciens
2069 2847 2125 2902 in
2171 2857 2523 2907 sacramento

511 2931 710 2988 Christi
740 2947 904 3004 quam
932 2936 1185 3002 peccator
1217 2931 1437 3002 indigne
1464 2947 1703 2988 sumens.
1725 2931 1880 2988 Unde
1914 2932 2119 2990 stultus
2158 2944 2304 2992 esset
2327 2924 2529 2993 sa'cer-

511 3021 612 3078 dos
633 3020 698 3087 si,
735 3030 792 3077 ut
829 3012 1029 3076 vitaret
1054 3027 1340 3096 peccatum
1375 3019 1601 3088 subditi,
1635 3022 1751 3094 ipse
1781 3021 2003 3093 gravius
2028 3031 2301 3096 peccaret,
2332 3025 2531 3082 fictio-

511 3125 637 3166 nem
659 3109 865 3166 faciens
889 3109 947 3165 in
973 3114 1320 3169 sacramento
1347 3109 1623 3167 veritatiS.

1240 3331 1636 3437 QUAESTIO
1684 3292 1835 3428 v11'
1938 3318 1946 3325 ’

586 3553 793 3610 Deinde
833 3553 982 3610 circa
1031 3559 1439 3610 sacramentum
1487 3553 1823 3624 poenitentiae
1873 3554 2108 3627 quaesita
2152 3561 2281 3611 sunt
2335 3553 2445 3611 duo
2504 3572 2529 3616 z

515 3644 579 3700 ⁴⁰
603 3648 784 3699 utrum
807 3641 1070 3716 praelatus
1097 3640 1294 3696 debeat
1323 3641 1603 3696 subditum
1638 3657 1797 3699 suum
1828 3643 1897 3699 ab
1930 3643 2404 3703 administratione
2430 3660 2533 3700 re-

513 3745 735 3790 movere
756 3738 975 3803 propter
991 3729 1198 3801 aliquid
1224 3730 1368 3802 quod
1385 3730 1457 3784 ab
1479 3730 1615 3785 eoin
1637 3732 1976 3788 confessione
1999 3732 2243 3800 audivit,
2263 3735 2323 3788 2⁰
2340 3737 2533 3792 utrum

515 3821 570 3876 in
605 3819 814 3875 meliori
831 3824 987 3875 ⁴statu
1016 3819 1283 3874 moriatur
1310 3817 1402 3873 iiie
1426 3818 1520 3890 qui
1540 3813 1770 3876 moritur
1789 3821 1844 3877 in
1868 3819 1957 3878 via
1983 3820 2146 3876 eundi
2178 3819 2320 3876 ultra
2351 3835 2533 3894 mare,

516 3921 683 3980 quam
713 3906 804 3962 iiie
832 3907 924 3979 qui
955 3907 1186 3968 moritur
1215 3905 1269 3961 in
1294 3906 1599 3966 redeundo·
