2800 4492
485 279 606 340 202
963 295 1013 340 s.
1059 295 1292 342 'tuomst
1333 295 1661 346 Aoutmtrts
1702 295 2012 344 oruscunA

487 413 664 484 magis
686 415 988 479 contracta,
1016 416 1074 468 et
1101 411 1170 468 ad
1200 410 1459 484 pauciora
1484 426 1541 467 so
1564 411 1828 469 extendit.
1862 411 2077 481 Quanto
2105 417 2287 468 autem
2316 410 2497 472 forma

488 511 571 558 est
615 501 877 574 prior,‚et
907 501 1262 578 propinquior
1301 499 1545 572 subjecto
1576 502 1768 575 primo,
1803 506 1955 556 tanto
1984 506 2197 574 oportet
2238 501 2387 574 quod
2424 501 2496 560 ad

488 591 643 664 plura
690 606 750 647 ss
791 590 1069 646 extendat.
1115 590 1374 663 Sequitur
1419 605 1549 660 ergo
1590 591 1735 662 quod
1769 589 1959 650 sormae
1996 587 2326 662 posteriores
2366 599 2495 652 sunt

491 679 562 740 ab
602 677 945 738 inferioribus
988 679 1306 751 agentibu33
1337 679 1547 752 priores
1572 695 1703 736 vero
1744 685 1799 734 et
1826 680 2225 736 communiores
2266 695 2299 736 a
2328 696 2494 754 supe-

493 767 745 826 rioribus.
777 769 846 823 Et
881 769 962 824 sic
999 767 1324 842 relinquitur
1361 768 1508 840 quod
1546 767 1600 824 id
1644 767 1786 840 quod
1819 774 1903 823 est
1930 769 2161 841 primum
2191 768 2494 826 subsistens

495 857 547 914 in
594 872 936 930 unoquoque,
983 856 1057 912 sit
1097 873 1130 914 a
1183 857 1353 929 prima
1383 857 1627 913 omnium
1667 872 1854 912 causa.
1899 856 2168 926 Quaelibet
2214 873 2345 928 ergo
2389 857 2496 920 alia

493 961 658 1001 causa
687 953 888 1018 praeter
916 945 1163 1019 primam,
1201 951 1419 1019 oportet
1446 945 1593 1015 quod
1630 935 1759 1017 agat
1789 947 2186 1020 praesupposito
2225 946 2491 1020 subjecto,

496 1032 640 1105 quod
661 1041 744 1088 est
762 1034 988 1089 effectus
1010 1048 1193 1090 causae
1219 1031 1428 1105 primae.
1454 1031 1614 1089 Nulla
1636 1048 1766 1104 ergo
1790 1048 1957 1088 causa
1976 1033 2079 1088 alia
2106 1039 2287 1110 potest
2309 1049 2497 1090 creare

497 1121 599 1178 nisi
627 1121 798 1194 prima
831 1137 994 1178 causa
1020 1137 1146 1195 quae
1173 1130 1256 1178 est
1285 1123 1459 1190 Deus;
1490 1135 1615 1176 nam
1645 1137 1833 1178 creare
1856 1131 1938 1178 est
1964 1121 2262 1193 producere
2292 1122 2495 1195 aliquid

498 1226 602 1265 non
630 1212 1022 1284 praesupposito
1049 1212 1314 1282 subjecto.
1343 1209 1713 1284 Quascumque
1738 1225 1867 1281 ergo
1888 1225 1991 1266 non
2022 1217 2246 1281 possunt
2270 1211 2494 1283 produci

499 1300 552 1354 in
578 1313 695 1356 esse
725 1299 827 1355 nisi
858 1316 951 1372 per
979 1301 1333 1367 creationem,
1361 1315 1391 1355 a
1418 1298 1532 1355 solo
1567 1300 1677 1354 Deo
1698 1305 1972 1354 creantur.
2005 1301 2133 1356 Haec
2159 1306 2345 1354 autem
2374 1306 2497 1355 sunt

500 1387 590 1448 illa
616 1373 759 1462 qus-e,
787 1404 912 1445 cum
935 1388 1047 1444 sint
1063 1389 1436 1454 subsistentia,
1466 1386 1548 1443 vel
1572 1381 1674 1443 non
1700 1395 1828 1446 sint
1852 1389 2152 1459 composita
2176 1404 2244 1444 ex
2270 1389 2496 1445 materia

499 1486 555 1532 et
583 1476 774 1544 forma,
803 1477 897 1532 sed
928 1484 1054 1533 sunt
1075 1477 1263 1534 formae
1298 1478 1352 1534 in
1379 1492 1479 1532 suo
1507 1492 1627 1532 esso
1655 1476 2033 1542 subsistentes,
2066 1476 2205 1532 sicut
2232 1483 2361 1532 sunt
2386 1481 2498 1533 An·-

499 1565 640 1636 geli,·
686 1566 767 1621 vel
813 1572 939 1622 sunt
975 1581 1039 1622 ea
1080 1581 1203 1639 quae
1244 1565 1290 1621 si
1331 1566 1441 1621 sint
1478 1565 1779 1639 composita
1823 1581 1888 1621 ex
1933 1566 2159 1622 materia
2202 1574 2258 1621 et
2302 1565 2493 1636 forma,

503 1662 682 1709 tamen
715 1655 939 1710 materia
969 1669 1155 1710 eorum
1182 1669 1288 1708 non
1325 1661 1410 1709 est
1452 1654 1505 1708 in
1537 1652 1779 1726 potentia
1810 1653 1911 1708 nisi
1942 1653 2010 1710 ad
2056 1669 2215 1710 unam
2246 1652 2492 1722 sormam,

502 1742 644 1797 sicut
666 1748 748 1796 est
775 1742 830 1796 in
853 1741 1170 1814 corporibus
1192 1741 1533 1814 caelestjbu33
1564 1747 1793 1815 utraque
1818 1742 1962 1797 enim
1984 1741 2103 1798 haec
2125 1741 2496 1815 producuntur

504 1830 709 1902 absque
737 1829 1092 1901 productione
1119 1830 1276 1903 primi
1308 1829 1654 1886 subsistentis
1684 1832 1735 1884 in
1770 1831 1868 1886 eis·
1898 1830 2128 1887 Possunt
2158 1838 2344 1888 autem
2372 1847 2497 1905 pro·

503 1918 630 1974 duci
658 1918 711 1972 in
750 1923 932 1974 actum
962 1917 1166 1990 absque
1203 1917 1557 1990 productione
1601 1919 1760 1991 primi
1784 1919 2014 1991 subjecti
2060 1929 2169 1976 tam
2198 1921 2496 1992 composita

503 2023 569 2061 ex
597 2007 824 2062 materia
853 2013 908 2062 et
940 2005 1131 2071 forma,
1164 2015 1395 2078 quorum
1425 2009 1652 2063 materia
1683 2016 1765 2064 ost
1796 2008 1848 2062 in
1887 2007 2128 2080 potentia
2157 2007 2224 2064 ad
2256 2008 2499 2065 diversas

505 2093 723 2162 formas,
751 2100 806 2150 et
834 2093 916 2150 sic
944 2092 995 2150 iu
1023 2095 1216 2150 eadem
1253 2096 1483 2150 materia
1519 2102 1743 2168 possunt
1770 2095 1874 2152 sibi
1902 2095 2135 2154 diversae
2162 2095 2355 2153 l'ormae
2376 2112 2491 2153 suc-

507 2180 731 2249 cedere;
763 2189 874 2246 tam
913 2182 1076 2238 etiam
1104 2181 1292 2246 sormoe
1317 2197 1442 2254 quae
1464 2196 1571 2240 non
1596 2189 1727 2244 „sunt
1762 2181 2121 2238 subsistentes
2148 2183 2200 2243 in
2234 2197 2337 2238 suo
2361 2198 2492 2250 esse,

507 2285 628 2344 quae
651 2270 870 2343 quidem
909 2284 1013 2326 non
1041 2269 1298 2326 dicuntur
1325 2285 1445 2326 esso
1481 2270 1609 2343 quia
1635 2269 1769 2342 ipseo
1810 2270 2045 2329 habeant
2082 2285 2218 2337 esse,
2252 2272 2350 2332 sed
2374 2272 2498 2346 quia

503 2359 746 2431 subjecta
792 2358 990 2416 habent
1027 2357 1335 2432 aliqualiter
1371 2373 1490 2413 esse
1531 2359 1828 2416 secundnm
1878 2374 2006 2428 eas;
2050 2359 2193 2416 unde
2231 2375 2333 2415 nec
2373 2360 2498 2432 ipsae

504 2447 799 2504 secundum
823 2463 881 2504 se
905 2446 1157 2506 dicuntur
1190 2445 1304 2504 lieri
1328 2445 1411 2501 vel
1440 2446 1733 2518 corrumpi,
1762 2446 1855 2502 sed
1883 2447 1937 2502 in
1968 2452 2231 2519 quantum
2256 2447 2498 2522 subjecta

506 2536 640 2593 liunt
667 2539 814 2594 entia
857 2538 913 2593 in
956 2545 1080 2595 actu
1111 2534 1197 2591 vel
1240 2551 1345 2591 non
1374 2535 1521 2591 entia
1552 2535 1848 2591 secundum
1882 2535 2045 2608 ipsas·
2077 2537 2274 2592 Anima
2318 2543 2497 2591 autem

505 2627 785 2682 rationalis
809 2633 892 2681 est
919 2625 1221 2681 subsistens
1249 2625 1304 2679 in
1341 2639 1441 2679 suo
1465 2639 1603 2692 esse,
1649 2623 1891 2698 alioquin
1930 2640 2035 2680 non
2081 2631 2264 2697 posset
2302 2623 2496 2680 babere

503 2716 874 2791 operationem
904 2715 1109 2788 absque
1131 2713 1510 2770 communione
1539 2728 1653 2770 suae
1688 2715 1951 2770 materiae.
1979 2714 2131 2770 Unde
2176 2713 2496 2790 relinquitur

507 2802 652 2877 quod
680 2801 860 2858 anima
884 2801 1163 2858 rationalis
1185 2818 1292 2857 non
1319 2802 1489 2873 possit
1522 2801 1744 2874 produci
1778 2801 1829 2856 in
1854 2817 1973 2858 esse
1999 2801 2101 2858 nisi
2135 2818 2229 2874 per
2261 2801 2496 2857 creatio-

511 2904 662 2958 nem3
703 2899 758 2946 et
787 2891 865 2945 ita
911 2897 1061 2966 patet
1089 2889 1232 2966 quod
1276 2888 1516 2963 Angelus
1553 2888 1697 2946 nullo
1741 2889 1899 2948 modo
1928 2890 2000 2945 sit
2042 2905 2209 2946 causa
2234 2891 2375 2964 ejus,
2406 2886 2498 2945 sed

509 2977 654 3034 solus
682 2979 845 3036 Deus.

575 3066 656 3123 Ad
698 3067 826 3124 illud
872 3083 1002 3124 vero
1042 3068 1186 3144 quod
1226 3069 1278 3126 in
1325 3067 1663 3125 contrarium
1705 3067 1979 3140 objicitur,
2016 3065 2327 3134 dicendum,
2355 3065 2495 3140 quod

507 3157 678 3229 prima
726 3158 1022 3230 propositio
1066 3158 1286 3216 inducta
1341 3159 1557 3214 videtur
1610 3157 1886 3214 includere
1935 3157 2204 3230 opposita.
2254 3157 2312 3213 Si
2358 3156 2497 3216 enim

506 3246 686 3301 anima
715 3255 769 3300 et
811 3245 1048 3316 Angelus
1083 3235 1437 3318 parificantur
1468 3247 1519 3302 in
1548 3255 1759 3312 natura,
1788 3245 2027 3320 Angelus
2072 3261 2176 3301 non
2224 3252 2309 3300 est
2356 3246 2497 3318 prior

505 3331 686 3387 anima
710 3333 1007 3387 secundum
1033 3333 1278 3388 ordinem
1305 3340 1548 3402 naturae,·
1582 3334 1684 3389 nisi
1726 3333 1978 3389 dicantur
2010 3331 2284 3405 purificari
2314 3333 2368 3387 in
2401 3348 2497 3387 nn-

506 3427 626 3475 tura
655 3419 783 3493 quia
811 3421 1140 3476 conveniunt
1169 3423 1222 3476 in
1254 3432 1467 3488 natura,
1500 3437 1603 3478 non
1637 3421 1857 3494 quidem
1886 3421 2105 3494 speciei,
2138 3422 2233 3478 sed
2264 3420 2492 3492 generis-

502 3510 622 3565 Non
647 3515 830 3565 autem
859 3517 1073 3580 oportet
1102 3511 1244 3582 quod
1269 3512 1512 3567 omnium
1533 3527 1655 3584 quae
1680 3510 2009 3566 conveniunt
2032 3511 2084 3565 in
2113 3516 2303 3565 natura
2334 3526 2497 3580 gene-

507 3597 581 3653 ris
608 3598 690 3653 vel
715 3599 936 3671 speciei,
969 3597 1023 3654 id
1053 3599 1195 3673 quod
1234 3610 1316 3657 est
1348 3601 1516 3673 prius,
1548 3602 1621 3657 sit
1660 3617 1824 3656 causa
1868 3601 2108 3656 omnium
2156 3599 2415 3665 aliorum;
2444 3607 2494 3653 et

507 3688 732 3759 quidem·
755 3690 809 3743 in
839 3688 1030 3746 eadem
1055 3691 1234 3762 specie
1264 3705 1368 3745 non
1399 3697 1576 3761 potest
1617 3676 1780 3746 unum
1805 3705 1924 3746 esse
1970 3689 2121 3762 prius
2149 3687 2341 3757 altero,
2370 3702 2495 3760 pro-

508 3778 621 3849 prio
651 3777 938 3850 loquendo,
966 3779 1155 3836 ordine
1183 3786 1427 3848 naturae3
1454 3778 1582 3854 quia
1606 3781 1815 3851 species
1860 3778 2188 3851 praedicatur
2216 3777 2494 3850 aequaliter

510 3863 579 3924 de
603 3866 849 3924 omnibus
877 3867 1189 3941 individuiS‚
1205 3873 1268 3924 ut
1292 3867 1579 3930 dicendum
1607 3868 1662 3924 in
1681 3882 1747 3928 ιιι
1770 3867 2071 3950 Metaphys.
2090 3867 2244 3944 (text.
2262 3880 2402 3922 com.
2424 3862 2488 3946 l),
