<?xml version="1.0" encoding="UTF-8"?>
<!DOCTYPE html PUBLIC "-//W3C//DTD XHTML 1.0 Transitional//EN"
    "http://www.w3.org/TR/xhtml1/DTD/xhtml1-transitional.dtd">
<html xmlns="http://www.w3.org/1999/xhtml" xml:lang="en" lang="en">
 <head>
  <title>
</title>
<meta http-equiv="Content-Type" content="text/html;charset=utf-8" />
  <meta name='ocr-system' content='tesseract 3.04.00' />
  <meta name='ocr-capabilities' content='ocr_page ocr_carea ocr_par ocr_line ocrx_word'/>
</head>
<body>
  <div class='ocr_page' id='page_1' title='image "./sthomaquinatisd00thomgoog_0331.png"; bbox 0 0 2800 4492; ppageno 0'>
   <div class='ocr_carea' id='block_1_1' title="bbox 797 344 2306 408">
    <p class='ocr_par' dir='ltr' id='par_1_1' title="bbox 797 344 2306 408">
     <span class='ocr_line' id='line_1_1' title="bbox 797 344 2306 408; baseline 0.004 -8"><span class='ocrx_word' id='word_1_1' title='bbox 797 351 909 400; x_wconf 74' lang='lat'>111.</span> <span class='ocrx_word' id='word_1_2' title='bbox 939 369 1020 387; x_wconf 91' lang='lat'>-</span> <span class='ocrx_word' id='word_1_3' title='bbox 1045 352 1473 406; x_wconf 71' lang='lat' dir='ltr'><strong>ouonmsn‘ruu</strong></span> <span class='ocrx_word' id='word_1_4' title='bbox 1524 357 1799 408; x_wconf 67' lang='lat' dir='ltr'><strong>numum</strong></span> <span class='ocrx_word' id='word_1_5' title='bbox 1820 356 1833 396; x_wconf 71' lang='grc' dir='ltr'>ι</span> <span class='ocrx_word' id='word_1_6' title='bbox 2184 344 2306 406; x_wconf 76' lang='grc'><strong>317</strong></span> 
     </span>
    </p>
   </div>
   <div class='ocr_carea' id='block_1_2' title="bbox 292 461 2408 548">
    <p class='ocr_par' dir='ltr' id='par_1_2' title="bbox 292 461 2408 548">
     <span class='ocr_line' id='line_1_2' title="bbox 292 461 2408 548; baseline 0.003 -22"><span class='ocrx_word' id='word_1_7' title='bbox 292 469 544 545; x_wconf 79' lang='lat' dir='ltr'><strong>quamvis</strong></span> <span class='ocrx_word' id='word_1_8' title='bbox 573 461 753 544; x_wconf 85' lang='lat' dir='ltr'><strong>ipsum</strong></span> <span class='ocrx_word' id='word_1_9' title='bbox 771 469 1001 530; x_wconf 72' lang='lat' dir='ltr'><strong>,verbum</strong></span> <span class='ocrx_word' id='word_1_10' title='bbox 1031 471 1203 543; x_wconf 81' lang='lat' dir='ltr'>possit</span> <span class='ocrx_word' id='word_1_11' title='bbox 1226 470 1332 527; x_wconf 91' lang='lat' dir='ltr'><strong>dici</strong></span> <span class='ocrx_word' id='word_1_12' title='bbox 1373 469 1663 528; x_wconf 79' lang='lat' dir='ltr'><strong>sorma&#39;vel</strong></span> <span class='ocrx_word' id='word_1_13' title='bbox 1687 471 1899 546; x_wconf 84' lang='lat' dir='ltr'><strong>species</strong></span> <span class='ocrx_word' id='word_1_14' title='bbox 1924 474 2298 548; x_wconf 51' lang='lat' dir='ltr'><strong>intelligibili&amp;</strong></span> <span class='ocrx_word' id='word_1_15' title='bbox 2400 511 2408 523; x_wconf 84' lang='lat'><strong>·</strong></span> 
     </span>
    </p>
   </div>
   <div class='ocr_carea' id='block_1_3' title="bbox 289 555 2303 1677">
    <p class='ocr_par' dir='ltr' id='par_1_3' title="bbox 290 555 2303 720">
     <span class='ocr_line' id='line_1_3' title="bbox 292 555 2303 634; baseline 0.002 -17"><span class='ocrx_word' id='word_1_16' title='bbox 292 561 434 618; x_wconf 88' lang='lat' dir='ltr'><strong>sicut</strong></span> <span class='ocrx_word' id='word_1_17' title='bbox 465 575 558 632; x_wconf 89' lang='lat' dir='ltr'><strong>per</strong></span> <span class='ocrx_word' id='word_1_18' title='bbox 587 555 946 614; x_wconf 83' lang='lat' dir='ltr'><strong>intellectum</strong></span> <span class='ocrx_word' id='word_1_19' title='bbox 946 559 1276 614; x_wconf 84' lang='lat' dir='ltr'><strong>constituta·</strong></span> <span class='ocrx_word' id='word_1_20' title='bbox 1263 601 1278 628; x_wconf 98' lang='lat'><strong>,</strong></span> <span class='ocrx_word' id='word_1_21' title='bbox 1311 567 1473 630; x_wconf 86' lang='lat' dir='ltr'><strong>prout</strong></span> <span class='ocrx_word' id='word_1_22' title='bbox 1497 559 1669 616; x_wconf 80' lang='lat' dir='ltr'><strong>forma</strong></span> <span class='ocrx_word' id='word_1_23' title='bbox 1695 561 1831 617; x_wconf 89' lang='lat' dir='ltr'><strong>artis</strong></span> <span class='ocrx_word' id='word_1_24' title='bbox 1855 577 2021 634; x_wconf 87' lang='lat' dir='ltr'><strong>quam</strong></span> <span class='ocrx_word' id='word_1_25' title='bbox 2050 563 2303 622; x_wconf 86' lang='lat' dir='ltr'><strong>intellec-</strong></span> 
     </span>
     <span class='ocr_line' id='line_1_4' title="bbox 290 647 1859 720; baseline 0.001 -16"><span class='ocrx_word' id='word_1_26' title='bbox 290 655 383 705; x_wconf 78' lang='lat' dir='ltr'><strong>tus</strong></span> <span class='ocrx_word' id='word_1_27' title='bbox 406 647 705 713; x_wconf 87' lang='lat' dir='ltr'><strong>adinvenit,</strong></span> <span class='ocrx_word' id='word_1_28' title='bbox 737 647 938 702; x_wconf 89' lang='lat' dir='ltr'><strong>dicitur</strong></span> <span class='ocrx_word' id='word_1_29' title='bbox 967 647 1218 720; x_wconf 73' lang='lat' dir='ltr'><strong>quaedam</strong></span> <span class='ocrx_word' id='word_1_30' title='bbox 1251 663 1463 720; x_wconf 77' lang='lat' dir='ltr'><strong>species</strong></span> <span class='ocrx_word' id='word_1_31' title='bbox 1480 647 1859 720; x_wconf 76' lang='lat' dir='ltr'><strong>intelligibilis</strong></span> 
     </span>
    </p>

    <p class='ocr_par' dir='ltr' id='par_1_4' title="bbox 289 734 2299 1677">
     <span class='ocr_line' id='line_1_5' title="bbox 361 734 2299 814; baseline 0.003 -20"><span class='ocrx_word' id='word_1_32' title='bbox 361 736 441 794; x_wconf 85' lang='lat' dir='ltr'><strong>Ad</strong></span> <span class='ocrx_word' id='word_1_33' title='bbox 479 737 714 809; x_wconf 84' lang='lat' dir='ltr'><strong>primum</strong></span> <span class='ocrx_word' id='word_1_34' title='bbox 753 734 883 807; x_wconf 87' lang='lat' dir='ltr'><strong>e&#39;rgo</strong></span> <span class='ocrx_word' id='word_1_35' title='bbox 911 735 1224 802; x_wconf 84' lang='lat' dir='ltr'><strong>dicendum,</strong></span> <span class='ocrx_word' id='word_1_36' title='bbox 1271 734 1419 810; x_wconf 88' lang='lat' dir='ltr'><strong>quod</strong></span> <span class='ocrx_word' id='word_1_37' title='bbox 1455 736 1769 794; x_wconf 82' lang='lat' dir='ltr'><strong>intellectus</strong></span> <span class='ocrx_word' id='word_1_38' title='bbox 1798 738 2055 811; x_wconf 80' lang='lat' dir='ltr'><strong>intelligit</strong></span> <span class='ocrx_word' id='word_1_39' title='bbox 2092 741 2299 814; x_wconf 84' lang='lat' dir='ltr'><strong>aliquid</strong></span> 
     </span>
     <span class='ocr_line' id='line_1_6' title="bbox 291 823 2299 900; baseline 0.001 -19"><span class='ocrx_word' id='word_1_40' title='bbox 291 823 626 898; x_wconf 82' lang='lat' dir='ltr'>dupliciter.</span> <span class='ocrx_word' id='word_1_41' title='bbox 659 837 766 878; x_wconf 91' lang='lat' dir='ltr'><strong>uno</strong></span> <span class='ocrx_word' id='word_1_42' title='bbox 796 823 956 878; x_wconf 89' lang='lat' dir='ltr'><strong>modo</strong></span> <span class='ocrx_word' id='word_1_43' title='bbox 985 823 1306 890; x_wconf 76' lang='lat' dir='ltr'><strong>formaliter,</strong></span> <span class='ocrx_word' id='word_1_44' title='bbox 1343 825 1400 880; x_wconf 86' lang='lat' dir='ltr'><strong>et</strong></span> <span class='ocrx_word' id='word_1_45' title='bbox 1431 824 1511 880; x_wconf 91' lang='lat' dir='ltr'><strong>sic</strong></span> <span class='ocrx_word' id='word_1_46' title='bbox 1537 824 1794 896; x_wconf 82' lang='lat' dir='ltr'><strong>intelligit</strong></span> <span class='ocrx_word' id='word_1_47' title='bbox 1830 827 2013 898; x_wconf 86' lang='lat' dir='ltr'><strong>specie</strong></span> <span class='ocrx_word' id='word_1_48' title='bbox 2042 828 2299 900; x_wconf 82' lang='lat' dir='ltr'><strong>intelligi-</strong></span> 
     </span>
     <span class='ocr_line' id='line_1_7' title="bbox 292 909 2298 987; baseline 0.003 -19"><span class='ocrx_word' id='word_1_49' title='bbox 292 913 384 968; x_wconf 89' lang='lat' dir='ltr'><strong>bili</strong></span> <span class='ocrx_word' id='word_1_50' title='bbox 414 927 525 984; x_wconf 85' lang='lat' dir='ltr'><strong>qua</strong></span> <span class='ocrx_word' id='word_1_51' title='bbox 561 911 626 966; x_wconf 90' lang='lat' dir='ltr'><strong>fit</strong></span> <span class='ocrx_word' id='word_1_52' title='bbox 672 910 726 966; x_wconf 91' lang='lat' dir='ltr'><strong>in</strong></span> <span class='ocrx_word' id='word_1_53' title='bbox 759 917 918 978; x_wconf 85' lang='lat' dir='ltr'><strong>actu;</strong></span> <span class='ocrx_word' id='word_1_54' title='bbox 955 910 1064 967; x_wconf 86' lang='lat' dir='ltr'><strong>alio</strong></span> <span class='ocrx_word' id='word_1_55' title='bbox 1105 909 1265 966; x_wconf 85' lang='lat' dir='ltr'><strong>modo</strong></span> <span class='ocrx_word' id='word_1_56' title='bbox 1301 911 1445 966; x_wconf 86' lang='lat' dir='ltr'><strong>sicut</strong></span> <span class='ocrx_word' id='word_1_57' title='bbox 1473 910 1837 970; x_wconf 88' lang='lat' dir='ltr'><strong>instrumento</strong></span> <span class='ocrx_word' id='word_1_58' title='bbox 1878 931 1989 987; x_wconf 89' lang='lat' dir='ltr'><strong>quo</strong></span> <span class='ocrx_word' id='word_1_59' title='bbox 2030 916 2205 973; x_wconf 87' lang='lat' dir='ltr'><strong>utitur</strong></span> <span class='ocrx_word' id='word_1_60' title='bbox 2228 918 2298 974; x_wconf 86' lang='lat' dir='ltr'><strong>ad</strong></span> 
     </span>
     <span class='ocr_line' id='line_1_8' title="bbox 292 996 2299 1076; baseline 0.002 -22"><span class='ocrx_word' id='word_1_61' title='bbox 292 996 436 1055; x_wconf 79' lang='lat' dir='ltr'><strong>aliud</strong></span> <span class='ocrx_word' id='word_1_62' title='bbox 467 996 909 1066; x_wconf 78' lang='lat' dir='ltr'><strong>intelligendum3</strong></span> <span class='ocrx_word' id='word_1_63' title='bbox 940 1002 996 1052; x_wconf 86' lang='lat' dir='ltr'><strong>et</strong></span> <span class='ocrx_word' id='word_1_64' title='bbox 1025 996 1126 1052; x_wconf 86' lang='lat' dir='ltr'><strong>hoc</strong></span> <span class='ocrx_word' id='word_1_65' title='bbox 1153 997 1312 1052; x_wconf 88' lang='lat' dir='ltr'><strong>modo</strong></span> <span class='ocrx_word' id='word_1_66' title='bbox 1335 996 1645 1054; x_wconf 86' lang='lat' dir='ltr'><strong>intellectus</strong></span> <span class='ocrx_word' id='word_1_67' title='bbox 1671 999 1834 1054; x_wconf 85' lang='lat' dir='ltr'><strong>verbo</strong></span> <span class='ocrx_word' id='word_1_68' title='bbox 1862 999 2135 1072; x_wconf 83' lang='lat' dir='ltr'><strong>intelligit,</strong></span> <span class='ocrx_word' id='word_1_69' title='bbox 2170 1003 2299 1076; x_wconf 88' lang='lat' dir='ltr'><strong>quia</strong></span> 
     </span>
     <span class='ocr_line' id='line_1_9' title="bbox 291 1084 1598 1158; baseline 0 -17"><span class='ocrx_word' id='word_1_70' title='bbox 291 1087 490 1142; x_wconf 81' lang='lat' dir='ltr'><strong>format</strong></span> <span class='ocrx_word' id='word_1_71' title='bbox 517 1084 741 1142; x_wconf 89' lang='lat' dir='ltr'><strong>verbum</strong></span> <span class='ocrx_word' id='word_1_72' title='bbox 771 1085 839 1140; x_wconf 92' lang='lat' dir='ltr'><strong>ad</strong></span> <span class='ocrx_word' id='word_1_73' title='bbox 867 1085 968 1141; x_wconf 88' lang='lat' dir='ltr'><strong>hoc</strong></span> <span class='ocrx_word' id='word_1_74' title='bbox 996 1085 1140 1158; x_wconf 87' lang='lat' dir='ltr'><strong>quod</strong></span> <span class='ocrx_word' id='word_1_75' title='bbox 1172 1085 1441 1157; x_wconf 83' lang='lat' dir='ltr'><strong>intelligat</strong></span> <span class='ocrx_word' id='word_1_76' title='bbox 1464 1102 1598 1141; x_wconf 86' lang='lat' dir='ltr'><strong>rem.</strong></span> 
     </span>
     <span class='ocr_line' id='line_1_10' title="bbox 305 1172 2297 1252; baseline 0.002 -20"><span class='ocrx_word' id='word_1_77' title='bbox 305 1226 312 1232; x_wconf 81' lang='lat'><em>.</em></span> <span class='ocrx_word' id='word_1_78' title='bbox 360 1175 443 1230; x_wconf 84' lang='lat' dir='ltr'><strong>Ad</strong></span> <span class='ocrx_word' id='word_1_79' title='bbox 469 1172 768 1230; x_wconf 84' lang='lat' dir='ltr'><strong>secundum</strong></span> <span class='ocrx_word' id='word_1_80' title='bbox 797 1173 1108 1238; x_wconf 84' lang='lat' dir='ltr'><strong>dicendum,</strong></span> <span class='ocrx_word' id='word_1_81' title='bbox 1142 1173 1291 1246; x_wconf 88' lang='lat' dir='ltr'><strong>quod</strong></span> <span class='ocrx_word' id='word_1_82' title='bbox 1329 1173 1569 1244; x_wconf 73' lang='lat' dir='ltr'>cognitio</span> <span class='ocrx_word' id='word_1_83' title='bbox 1593 1190 1785 1230; x_wconf 87' lang='lat' dir='ltr'><strong>sensus</strong></span> <span class='ocrx_word' id='word_1_84' title='bbox 1814 1177 2101 1251; x_wconf 67' lang='lat' dir='ltr'><strong>exterioris</strong></span> <span class='ocrx_word' id='word_1_85' title='bbox 2130 1181 2297 1252; x_wconf 75' lang='lat' dir='ltr'><strong>perfi-</strong></span> 
     </span>
     <span class='ocr_line' id='line_1_11' title="bbox 289 1261 2294 1339; baseline 0.002 -20"><span class='ocrx_word' id='word_1_86' title='bbox 289 1263 432 1319; x_wconf 84' lang='lat' dir='ltr'><strong>citur</strong></span> <span class='ocrx_word' id='word_1_87' title='bbox 454 1279 550 1339; x_wconf 90' lang='lat' dir='ltr'><strong>per</strong></span> <span class='ocrx_word' id='word_1_88' title='bbox 569 1261 740 1318; x_wconf 85' lang='lat' dir='ltr'><strong>solam</strong></span> <span class='ocrx_word' id='word_1_89' title='bbox 761 1261 1197 1318; x_wconf 86' lang='lat' dir='ltr'><strong>immutationem</strong></span> <span class='ocrx_word' id='word_1_90' title='bbox 1217 1277 1411 1318; x_wconf 89' lang='lat' dir='ltr'><strong>sensus</strong></span> <span class='ocrx_word' id='word_1_91' title='bbox 1430 1278 1460 1317; x_wconf 89' lang='lat' dir='ltr'><strong>a</strong></span> <span class='ocrx_word' id='word_1_92' title='bbox 1476 1263 1717 1318; x_wconf 78' lang='lat' dir='ltr'>sensibili</span> <span class='ocrx_word' id='word_1_93' title='bbox 1746 1280 1760 1318; x_wconf 76' lang='lat' dir='ltr'><strong><em>z</em></strong></span> <span class='ocrx_word' id='word_1_94' title='bbox 1786 1265 1927 1320; x_wconf 87' lang='lat' dir='ltr'><strong>unde</strong></span> <span class='ocrx_word' id='word_1_95' title='bbox 1951 1282 2047 1337; x_wconf 85' lang='lat' dir='ltr'><strong>per</strong></span> <span class='ocrx_word' id='word_1_96' title='bbox 2066 1267 2294 1324; x_wconf 83' lang='lat' dir='ltr'><strong>formam</strong></span> 
     </span>
     <span class='ocr_line' id='line_1_12' title="bbox 290 1343 2295 1426; baseline 0.001 -18"><span class='ocrx_word' id='word_1_97' title='bbox 290 1367 414 1426; x_wconf 83' lang='lat' dir='ltr'><strong>quae</strong></span> <span class='ocrx_word' id='word_1_98' title='bbox 441 1351 542 1406; x_wconf 87' lang='lat' dir='ltr'><strong>sibi</strong></span> <span class='ocrx_word' id='word_1_99' title='bbox 591 1365 622 1406; x_wconf 91' lang='lat' dir='ltr'><strong>a</strong></span> <span class='ocrx_word' id='word_1_100' title='bbox 650 1350 889 1405; x_wconf 81' lang='lat' dir='ltr'>sensibili</span> <span class='ocrx_word' id='word_1_101' title='bbox 932 1343 1280 1424; x_wconf 76' lang='lat' dir='ltr'><strong>imprimitur,</strong></span> <span class='ocrx_word' id='word_1_102' title='bbox 1319 1351 1491 1406; x_wconf 86' lang='lat' dir='ltr'><strong>sentit</strong></span> <span class='ocrx_word' id='word_1_103' title='bbox 1528 1367 1541 1404; x_wconf 69' lang='grc' dir='ltr'>ε</span> <span class='ocrx_word' id='word_1_104' title='bbox 1584 1367 1689 1420; x_wconf 83' lang='lat' dir='ltr'><strong>non</strong></span> <span class='ocrx_word' id='word_1_105' title='bbox 1734 1358 1917 1424; x_wconf 83' lang='lat' dir='ltr'><strong>autem</strong></span> <span class='ocrx_word' id='word_1_106' title='bbox 1954 1355 2071 1426; x_wconf 90' lang='lat' dir='ltr'><strong>ipse</strong></span> <span class='ocrx_word' id='word_1_107' title='bbox 2102 1371 2295 1426; x_wconf 78' lang='lat' dir='ltr'><strong>sensus</strong></span> 
     </span>
     <span class='ocr_line' id='line_1_13' title="bbox 289 1437 2295 1510; baseline 0.001 -14"><span class='ocrx_word' id='word_1_108' title='bbox 289 1440 526 1496; x_wconf 76' lang='lat' dir='ltr'><strong>exterior</strong></span> <span class='ocrx_word' id='word_1_109' title='bbox 547 1438 747 1494; x_wconf 79' lang='lat' dir='ltr'><strong>format</strong></span> <span class='ocrx_word' id='word_1_110' title='bbox 775 1437 877 1494; x_wconf 90' lang='lat' dir='ltr'><strong>sibi</strong></span> <span class='ocrx_word' id='word_1_111' title='bbox 903 1438 1145 1510; x_wconf 84' lang='lat' dir='ltr'><strong>aliquam</strong></span> <span class='ocrx_word' id='word_1_112' title='bbox 1173 1439 1402 1494; x_wconf 81' lang='lat' dir='ltr'><strong>formam</strong></span> <span class='ocrx_word' id='word_1_113' title='bbox 1431 1438 1743 1494; x_wconf 81' lang='lat' dir='ltr'><strong>sensibilem</strong></span> <span class='ocrx_word' id='word_1_114' title='bbox 1776 1457 1789 1494; x_wconf 73' lang='grc' dir='ltr'><strong>ε</strong></span> <span class='ocrx_word' id='word_1_115' title='bbox 1822 1440 1923 1496; x_wconf 85' lang='lat' dir='ltr'><strong>hoc</strong></span> <span class='ocrx_word' id='word_1_116' title='bbox 1954 1449 2136 1498; x_wconf 89' lang='lat' dir='ltr'><strong>autem</strong></span> <span class='ocrx_word' id='word_1_117' title='bbox 2164 1443 2295 1500; x_wconf 80' lang='lat' dir='ltr'><strong>facit</strong></span> 
     </span>
     <span class='ocr_line' id='line_1_14' title="bbox 289 1525 2295 1608; baseline 0.001 -22"><span class='ocrx_word' id='word_1_118' title='bbox 289 1527 764 1600; x_wconf 86' lang='lat' dir='ltr'><strong>visimaginativa,</strong></span> <span class='ocrx_word' id='word_1_119' title='bbox 791 1527 949 1599; x_wconf 89' lang='lat' dir='ltr'><strong>cujus</strong></span> <span class='ocrx_word' id='word_1_120' title='bbox 977 1526 1167 1608; x_wconf 77' lang='lat' dir='ltr'><strong>formae</strong></span> <span class='ocrx_word' id='word_1_121' title='bbox 1195 1525 1597 1600; x_wconf 87' lang='lat' dir='ltr'><strong>quodammodo</strong></span> <span class='ocrx_word' id='word_1_122' title='bbox 1626 1526 1803 1585; x_wconf 88' lang='lat' dir='ltr'><strong>simile</strong></span> <span class='ocrx_word' id='word_1_123' title='bbox 1832 1538 1914 1585; x_wconf 87' lang='lat' dir='ltr'><strong>est</strong></span> <span class='ocrx_word' id='word_1_124' title='bbox 1942 1530 2167 1588; x_wconf 89' lang='lat' dir='ltr'><strong>verbum</strong></span> <span class='ocrx_word' id='word_1_125' title='bbox 2205 1533 2295 1588; x_wconf 85' lang='lat' dir='ltr'><strong>in-</strong></span> 
     </span>
     <span class='ocr_line' id='line_1_15' title="bbox 289 1617 560 1677; baseline -0.007 0"><span class='ocrx_word' id='word_1_126' title='bbox 289 1617 560 1677; x_wconf 71' lang='lat' dir='ltr'><strong>tellectuS.</strong></span> 
     </span>
    </p>
   </div>
   <div class='ocr_carea' id='block_1_4' title="bbox 985 1749 1587 1854">
    <p class='ocr_par' dir='ltr' id='par_1_5' title="bbox 985 1749 1587 1854">
     <span class='ocr_line' id='line_1_16' title="bbox 985 1749 1587 1854; baseline 0.002 -2"><span class='ocrx_word' id='word_1_127' title='bbox 985 1749 1442 1853; x_wconf 48' lang='lat' dir='ltr'><strong>mammos</strong></span> <span class='ocrx_word' id='word_1_128' title='bbox 1504 1792 1587 1854; x_wconf 86' lang='lat' dir='ltr'><strong>x.</strong></span> 
     </span>
    </p>
   </div>
   <div class='ocr_carea' id='block_1_5' title="bbox 457 1890 2125 2112">
    <p class='ocr_par' dir='ltr' id='par_1_6' title="bbox 457 1890 2125 2112">
     <span class='ocr_line' id='line_1_17' title="bbox 457 1890 2125 2006; baseline -0.002 -13"><span class='ocrx_word' id='word_1_129' title='bbox 457 1927 674 1994; x_wconf 73' lang='lat' dir='ltr'><strong>Utrum</strong></span> <span class='ocrx_word' id='word_1_130' title='bbox 721 1943 788 1988; x_wconf 82' lang='lat' dir='ltr'><strong>ea</strong></span> <span class='ocrx_word' id='word_1_131' title='bbox 832 1941 944 2006; x_wconf 79' lang='lat' dir='ltr'><strong>que</strong></span> <span class='ocrx_word' id='word_1_132' title='bbox 981 1925 1142 2001; x_wconf 79' lang='lat' dir='ltr'><strong>fiunt</strong></span> <span class='ocrx_word' id='word_1_133' title='bbox 1181 1920 1258 1998; x_wconf 58' lang='grc' dir='ltr'><strong>σέο,</strong></span> <span class='ocrx_word' id='word_1_134' title='bbox 1299 1923 1531 2000; x_wconf 78' lang='lat' dir='ltr'><strong>timore,</strong></span> <span class='ocrx_word' id='word_1_135' title='bbox 1581 1890 1709 1988; x_wconf 64' lang='lat' dir='ltr'><strong>sirit</strong></span> <span class='ocrx_word' id='word_1_136' title='bbox 1756 1919 2125 1991; x_wconf 77' lang='lat' dir='ltr'><strong>voluntaria.</strong></span> 
     </span>
     <span class='ocr_line' id='line_1_18' title="bbox 605 2013 1969 2112; baseline 0 -35"><span class='ocrx_word' id='word_1_137' title='bbox 605 2015 768 2112; x_wconf 57' lang='lat'><strong>42-2,</strong></span> <span class='ocrx_word' id='word_1_138' title='bbox 799 2018 1008 2096; x_wconf 72' lang='lat' dir='ltr'><strong>quast.</strong></span> <span class='ocrx_word' id='word_1_139' title='bbox 1043 2015 1102 2089; x_wconf 88' lang='lat'><strong>6,</strong></span> <span class='ocrx_word' id='word_1_140' title='bbox 1131 2019 1258 2076; x_wconf 74' lang='lat' dir='ltr'><strong>art:</strong></span> <span class='ocrx_word' id='word_1_141' title='bbox 1287 2013 1346 2088; x_wconf 89' lang='lat'><strong>6,</strong></span> <span class='ocrx_word' id='word_1_142' title='bbox 1381 2031 1571 2096; x_wconf 60' lang='lat' dir='ltr'><strong>corp„</strong></span> <span class='ocrx_word' id='word_1_143' title='bbox 1605 2019 1661 2077; x_wconf 83' lang='lat' dir='ltr'><strong>et</strong></span> <span class='ocrx_word' id='word_1_144' title='bbox 1686 2016 1747 2091; x_wconf 87' lang='lat'><strong>7,</strong></span> <span class='ocrx_word' id='word_1_145' title='bbox 1774 2016 1855 2078; x_wconf 81' lang='lat' dir='ltr'><strong>ad</strong></span> <span class='ocrx_word' id='word_1_146' title='bbox 1885 2016 1969 2086; x_wconf 86' lang='lat'><strong>1).</strong></span> 
     </span>
    </p>
   </div>
   <div class='ocr_carea' id='block_1_6' title="bbox 283 2146 2287 2572">
    <p class='ocr_par' dir='ltr' id='par_1_7' title="bbox 283 2146 2286 2482">
     <span class='ocr_line' id='line_1_19' title="bbox 355 2146 2286 2223; baseline -0.001 -14"><span class='ocrx_word' id='word_1_147' title='bbox 355 2152 512 2210; x_wconf 89' lang='lat' dir='ltr'><strong>Circa</strong></span> <span class='ocrx_word' id='word_1_148' title='bbox 544 2150 766 2206; x_wconf 86' lang='lat' dir='ltr'><strong>tertium</strong></span> <span class='ocrx_word' id='word_1_149' title='bbox 795 2148 874 2203; x_wconf 89' lang='lat' dir='ltr'><strong>sio</strong></span> <span class='ocrx_word' id='word_1_150' title='bbox 900 2147 1232 2223; x_wconf 83' lang='lat' dir='ltr'><strong>proceditur.</strong></span> <span class='ocrx_word' id='word_1_151' title='bbox 1267 2147 1492 2203; x_wconf 86' lang='lat' dir='ltr'><strong>Videtur</strong></span> <span class='ocrx_word' id='word_1_152' title='bbox 1526 2146 1671 2219; x_wconf 89' lang='lat' dir='ltr'><strong>quod</strong></span> <span class='ocrx_word' id='word_1_153' title='bbox 1702 2162 1767 2203; x_wconf 86' lang='lat' dir='ltr'><strong>ea</strong></span> <span class='ocrx_word' id='word_1_154' title='bbox 1802 2164 1927 2222; x_wconf 81' lang='lat' dir='ltr'><strong>quae</strong></span> <span class='ocrx_word' id='word_1_155' title='bbox 1956 2149 2090 2205; x_wconf 84' lang='lat' dir='ltr'><strong>fiunt</strong></span> <span class='ocrx_word' id='word_1_156' title='bbox 2118 2167 2185 2207; x_wconf 86' lang='lat' dir='ltr'><strong>ex</strong></span> <span class='ocrx_word' id='word_1_157' title='bbox 2218 2151 2286 2207; x_wconf 85' lang='lat' dir='ltr'><strong>ti-</strong></span> 
     </span>
     <span class='ocr_line' id='line_1_20' title="bbox 286 2234 2285 2309; baseline -0.002 -12"><span class='ocrx_word' id='word_1_158' title='bbox 286 2255 456 2306; x_wconf 89' lang='lat' dir='ltr'><strong>more,</strong></span> <span class='ocrx_word' id='word_1_159' title='bbox 483 2254 590 2294; x_wconf 89' lang='lat' dir='ltr'><strong>non</strong></span> <span class='ocrx_word' id='word_1_160' title='bbox 615 2237 724 2292; x_wconf 88' lang='lat' dir='ltr'><strong>sint</strong></span> <span class='ocrx_word' id='word_1_161' title='bbox 749 2235 1073 2299; x_wconf 69' lang='lat' dir='ltr'><strong>voluntaria.</strong></span> <span class='ocrx_word' id='word_1_162' title='bbox 1106 2234 1419 2292; x_wconf 75' lang='lat' dir='ltr'><strong>Necessitas</strong></span> <span class='ocrx_word' id='word_1_163' title='bbox 1441 2234 1587 2290; x_wconf 88' lang='lat' dir='ltr'><strong>enim</strong></span> <span class='ocrx_word' id='word_1_164' title='bbox 1606 2235 1872 2291; x_wconf 87' lang='lat' dir='ltr'><strong>voluntati</strong></span> <span class='ocrx_word' id='word_1_165' title='bbox 1898 2239 2285 2309; x_wconf 83' lang='lat' dir='ltr'><strong>contrariatur,</strong></span> 
     </span>
     <span class='ocr_line' id='line_1_21' title="bbox 285 2322 2285 2400; baseline -0.002 -14"><span class='ocrx_word' id='word_1_166' title='bbox 285 2339 346 2400; x_wconf 81' lang='lat' dir='ltr'><strong>ut</strong></span> <span class='ocrx_word' id='word_1_167' title='bbox 365 2329 566 2386; x_wconf 88' lang='lat' dir='ltr'><strong>dicitur</strong></span> <span class='ocrx_word' id='word_1_168' title='bbox 593 2326 648 2384; x_wconf 87' lang='lat' dir='ltr'><strong>in</strong></span> <span class='ocrx_word' id='word_1_169' title='bbox 675 2341 708 2380; x_wconf 92' lang='lat' dir='ltr'>v</span> <span class='ocrx_word' id='word_1_170' title='bbox 732 2323 970 2396; x_wconf 87' lang='lat' dir='ltr'><strong>Metapb.</strong></span> <span class='ocrx_word' id='word_1_171' title='bbox 1002 2325 1154 2394; x_wconf 84' lang='lat' dir='ltr'><strong>(text.</strong></span> <span class='ocrx_word' id='word_1_172' title='bbox 1182 2337 1325 2389; x_wconf 87' lang='lat' dir='ltr'><strong>com.</strong></span> <span class='ocrx_word' id='word_1_173' title='bbox 1355 2323 1428 2392; x_wconf 88' lang='lat'><strong>6).</strong></span> <span class='ocrx_word' id='word_1_174' title='bbox 1454 2322 1560 2378; x_wconf 87' lang='lat' dir='ltr'><strong>Sed</strong></span> <span class='ocrx_word' id='word_1_175' title='bbox 1584 2338 1647 2386; x_wconf 83' lang='lat' dir='ltr'><strong>ea</strong></span> <span class='ocrx_word' id='word_1_176' title='bbox 1674 2339 1803 2394; x_wconf 72' lang='lat' dir='ltr'><strong>,quae</strong></span> <span class='ocrx_word' id='word_1_177' title='bbox 1825 2323 1961 2379; x_wconf 82' lang='lat' dir='ltr'><strong>fiunt</strong></span> <span class='ocrx_word' id='word_1_178' title='bbox 1982 2341 2048 2392; x_wconf 84' lang='lat' dir='ltr'><strong>ex</strong></span> <span class='ocrx_word' id='word_1_179' title='bbox 2072 2327 2285 2396; x_wconf 84' lang='lat' dir='ltr'><strong>timore,</strong></span> 
     </span>
     <span class='ocr_line' id='line_1_22' title="bbox 283 2409 1976 2482; baseline -0.005 -7"><span class='ocrx_word' id='word_1_180' title='bbox 283 2418 540 2476; x_wconf 82' lang='lat' dir='ltr'><strong>dicuntur</strong></span> <span class='ocrx_word' id='word_1_181' title='bbox 568 2428 634 2469; x_wconf 84' lang='lat' dir='ltr'><strong>ex</strong></span> <span class='ocrx_word' id='word_1_182' title='bbox 663 2411 990 2470; x_wconf 86' lang='lat' dir='ltr'><strong>necessitate</strong></span> <span class='ocrx_word' id='word_1_183' title='bbox 1019 2410 1156 2466; x_wconf 84' lang='lat' dir='ltr'><strong>fieri.</strong></span> <span class='ocrx_word' id='word_1_184' title='bbox 1189 2409 1308 2466; x_wconf 85' lang='lat' dir='ltr'><strong>Non</strong></span> <span class='ocrx_word' id='word_1_185' title='bbox 1335 2425 1468 2482; x_wconf 84' lang='lat' dir='ltr'><strong>ergo</strong></span> <span class='ocrx_word' id='word_1_186' title='bbox 1496 2418 1623 2467; x_wconf 88' lang='lat' dir='ltr'><strong>sunt</strong></span> <span class='ocrx_word' id='word_1_187' title='bbox 1647 2409 1976 2467; x_wconf 84' lang='lat' dir='ltr'><strong>voluntaria.</strong></span> 
     </span>
    </p>

    <p class='ocr_par' dir='ltr' id='par_1_8' title="bbox 353 2499 2287 2572">
     <span class='ocr_line' id='line_1_23' title="bbox 353 2499 2287 2572; baseline -0.004 -8"><span class='ocrx_word' id='word_1_188' title='bbox 353 2506 460 2565; x_wconf 90' lang='lat' dir='ltr'><strong>Sed</strong></span> <span class='ocrx_word' id='word_1_189' title='bbox 496 2509 705 2564; x_wconf 85' lang='lat' dir='ltr'><strong>contra,</strong></span> <span class='ocrx_word' id='word_1_190' title='bbox 734 2513 894 2556; x_wconf 90' lang='lat' dir='ltr'><strong>omne</strong></span> <span class='ocrx_word' id='word_1_191' title='bbox 923 2499 1065 2571; x_wconf 89' lang='lat' dir='ltr'><strong>quod</strong></span> <span class='ocrx_word' id='word_1_192' title='bbox 1097 2499 1222 2570; x_wconf 86' lang='lat' dir='ltr'><strong>quis</strong></span> <span class='ocrx_word' id='word_1_193' title='bbox 1247 2507 1505 2570; x_wconf 85' lang='lat' dir='ltr'><strong>operatur</strong></span> <span class='ocrx_word' id='word_1_194' title='bbox 1526 2505 1750 2572; x_wconf 89' lang='lat' dir='ltr'><strong>propter</strong></span> <span class='ocrx_word' id='word_1_195' title='bbox 1774 2499 1955 2566; x_wconf 81' lang='lat' dir='ltr'><strong>linem,</strong></span> <span class='ocrx_word' id='word_1_196' title='bbox 1982 2509 2067 2556; x_wconf 88' lang='lat' dir='ltr'><strong>est</strong></span> <span class='ocrx_word' id='word_1_197' title='bbox 2094 2500 2287 2558; x_wconf 86' lang='lat' dir='ltr'><strong>volun-</strong></span> 
     </span>
    </p>
   </div>
   <div class='ocr_carea' id='block_1_7' title="bbox 169 2588 2393 2751">
    <p class='ocr_par' dir='ltr' id='par_1_9' title="bbox 169 2588 2393 2751">
     <span class='ocr_line' id='line_1_24' title="bbox 169 2588 2286 2663; baseline -0.003 -10"><span class='ocrx_word' id='word_1_198' title='bbox 169 2623 180 2632; x_wconf 79' lang='grc'><em>·</em></span> <span class='ocrx_word' id='word_1_199' title='bbox 283 2597 506 2654; x_wconf 84' lang='lat' dir='ltr'><strong>tarium.</strong></span> <span class='ocrx_word' id='word_1_200' title='bbox 549 2590 655 2648; x_wconf 86' lang='lat' dir='ltr'><strong>Sed</strong></span> <span class='ocrx_word' id='word_1_201' title='bbox 683 2605 748 2646; x_wconf 86' lang='lat' dir='ltr'><strong>ea</strong></span> <span class='ocrx_word' id='word_1_202' title='bbox 790 2599 915 2662; x_wconf 75' lang='lat' dir='ltr'><strong>qua-3</strong></span> <span class='ocrx_word' id='word_1_203' title='bbox 955 2588 1077 2660; x_wconf 87' lang='lat' dir='ltr'><strong>quis</strong></span> <span class='ocrx_word' id='word_1_204' title='bbox 1115 2593 1372 2658; x_wconf 86' lang='lat' dir='ltr'><strong>operatur</strong></span> <span class='ocrx_word' id='word_1_205' title='bbox 1408 2603 1473 2644; x_wconf 84' lang='lat' dir='ltr'><strong>ex</strong></span> <span class='ocrx_word' id='word_1_206' title='bbox 1517 2588 1729 2654; x_wconf 81' lang='lat' dir='ltr'><strong>timore,</strong></span> <span class='ocrx_word' id='word_1_207' title='bbox 1770 2593 2027 2659; x_wconf 82' lang='lat' dir='ltr'><strong>operatur</strong></span> <span class='ocrx_word' id='word_1_208' title='bbox 2064 2599 2286 2663; x_wconf 88' lang='lat' dir='ltr'><strong>propter</strong></span> 
     </span>
     <span class='ocr_line' id='line_1_25' title="bbox 284 2675 2393 2751; baseline -0.001 -12"><span class='ocrx_word' id='word_1_209' title='bbox 284 2685 476 2750; x_wconf 83' lang='lat' dir='ltr'><strong>finem;</strong></span> <span class='ocrx_word' id='word_1_210' title='bbox 505 2679 714 2736; x_wconf 88' lang='lat' dir='ltr'><strong>scilicet</strong></span> <span class='ocrx_word' id='word_1_211' title='bbox 743 2679 810 2734; x_wconf 89' lang='lat' dir='ltr'><strong>ad</strong></span> <span class='ocrx_word' id='word_1_212' title='bbox 844 2675 1361 2741; x_wconf 79' lang='lat' dir='ltr'><strong>vitandummalum</strong></span> <span class='ocrx_word' id='word_1_213' title='bbox 1389 2677 1536 2749; x_wconf 89' lang='lat' dir='ltr'><strong>quod</strong></span> <span class='ocrx_word' id='word_1_214' title='bbox 1563 2677 1749 2742; x_wconf 84' lang='lat' dir='ltr'><strong>timet;</strong></span> <span class='ocrx_word' id='word_1_215' title='bbox 1778 2677 1921 2733; x_wconf 88' lang='lat' dir='ltr'><strong>sicut</strong></span> <span class='ocrx_word' id='word_1_216' title='bbox 1944 2677 2037 2749; x_wconf 86' lang='lat' dir='ltr'><strong>qui</strong></span> <span class='ocrx_word' id='word_1_217' title='bbox 2069 2679 2285 2751; x_wconf 86' lang='lat' dir='ltr'><strong>projicit</strong></span> <span class='ocrx_word' id='word_1_218' title='bbox 2388 2717 2393 2720; x_wconf 95' lang='lat'>-</span> 
     </span>
    </p>
   </div>
   <div class='ocr_carea' id='block_1_8' title="bbox 283 2764 2363 3992">
    <p class='ocr_par' dir='ltr' id='par_1_10' title="bbox 283 2764 2363 2917">
     <span class='ocr_line' id='line_1_26' title="bbox 283 2764 2363 2846; baseline -0.002 -16"><span class='ocrx_word' id='word_1_219' title='bbox 283 2787 494 2830; x_wconf 83' lang='lat' dir='ltr'><strong>merces</strong></span> <span class='ocrx_word' id='word_1_220' title='bbox 520 2771 575 2826; x_wconf 92' lang='lat' dir='ltr'><strong>in</strong></span> <span class='ocrx_word' id='word_1_221' title='bbox 612 2783 781 2834; x_wconf 87' lang='lat' dir='ltr'><strong>mare,</strong></span> <span class='ocrx_word' id='word_1_222' title='bbox 821 2766 960 2823; x_wconf 69' lang='lat' dir='ltr'><strong>vitat</strong></span> <span class='ocrx_word' id='word_1_223' title='bbox 988 2764 1419 2822; x_wconf 84' lang='lat' dir='ltr'><strong>submersionem</strong></span> <span class='ocrx_word' id='word_1_224' title='bbox 1446 2766 1622 2824; x_wconf 86' lang='lat' dir='ltr'><strong>navis.</strong></span> <span class='ocrx_word' id='word_1_225' title='bbox 1650 2765 1792 2837; x_wconf 83' lang='lat' dir='ltr'><strong>Ergo</strong></span> <span class='ocrx_word' id='word_1_226' title='bbox 1824 2765 2131 2838; x_wconf 77' lang='lat' dir='ltr'><strong>huJ&#39;usmodi</strong></span> <span class='ocrx_word' id='word_1_227' title='bbox 2156 2774 2283 2826; x_wconf 84' lang='lat' dir='ltr'><strong>sunt</strong></span> <span class='ocrx_word' id='word_1_228' title='bbox 2348 2829 2363 2846; x_wconf 85' lang='lat'><strong>.</strong></span> 
     </span>
     <span class='ocr_line' id='line_1_27' title="bbox 283 2858 738 2917; baseline -0.007 0"><span class='ocrx_word' id='word_1_229' title='bbox 283 2858 738 2917; x_wconf 82' lang='lat' dir='ltr'><strong>voluntaria..</strong></span> 
     </span>
    </p>

    <p class='ocr_par' dir='ltr' id='par_1_11' title="bbox 285 2940 2289 3992">
     <span class='ocr_line' id='line_1_28' title="bbox 290 2940 2283 3025; baseline -0.002 -20.9"><span class='ocrx_word' id='word_1_230' title='bbox 290 2947 672 3021; x_wconf 86' lang='lat' dir='ltr'><strong>Respondeo</strong></span> <span class='ocrx_word' id='word_1_231' title='bbox 701 2943 1013 3025; x_wconf 90' lang='lat' dir='ltr'><strong>dicendum,</strong></span> <span class='ocrx_word' id='word_1_232' title='bbox 1059 2940 1227 3014; x_wconf 89' lang='lat' dir='ltr'><strong>quod,</strong></span> <span class='ocrx_word' id='word_1_233' title='bbox 1257 2955 1384 2997; x_wconf 89' lang='lat' dir='ltr'><strong>oum</strong></span> <span class='ocrx_word' id='word_1_234' title='bbox 1418 2940 1619 2998; x_wconf 86' lang='lat' dir='ltr'><strong>bonum</strong></span> <span class='ocrx_word' id='word_1_235' title='bbox 1660 2942 1733 3004; x_wconf 82' lang='lat' dir='ltr'><strong>sit</strong></span> <span class='ocrx_word' id='word_1_236' title='bbox 1773 2941 2071 2999; x_wconf 84' lang='lat' dir='ltr'><strong>voluntatis</strong></span> <span class='ocrx_word' id='word_1_237' title='bbox 2098 2943 2283 3016; x_wconf 85' lang='lat' dir='ltr'><strong>objec-</strong></span> 
     </span>
     <span class='ocr_line' id='line_1_29' title="bbox 285 2995 2287 3103; baseline -0.004 -9"><span class='ocrx_word' id='word_1_238' title='bbox 285 2995 436 3103; x_wconf 74' lang='lat' dir='ltr'><strong>tum,</strong></span> <span class='ocrx_word' id='word_1_239' title='bbox 478 3035 590 3092; x_wconf 87' lang='lat' dir='ltr'><strong>hoc</strong></span> <span class='ocrx_word' id='word_1_240' title='bbox 605 3032 770 3092; x_wconf 84' lang='lat' dir='ltr'><strong>modo</strong></span> <span class='ocrx_word' id='word_1_241' title='bbox 808 3047 867 3088; x_wconf 89' lang='lat' dir='ltr'><strong>se</strong></span> <span class='ocrx_word' id='word_1_242' title='bbox 905 3030 1071 3086; x_wconf 86' lang='lat' dir='ltr'><strong>habet</strong></span> <span class='ocrx_word' id='word_1_243' title='bbox 1109 3029 1315 3102; x_wconf 87' lang='lat' dir='ltr'><strong>aliquid</strong></span> <span class='ocrx_word' id='word_1_244' title='bbox 1353 3029 1422 3084; x_wconf 91' lang='lat' dir='ltr'><strong>ad</strong></span> <span class='ocrx_word' id='word_1_245' title='bbox 1466 3029 1569 3086; x_wconf 90' lang='lat' dir='ltr'><strong>hoc</strong></span> <span class='ocrx_word' id='word_1_246' title='bbox 1604 3029 1751 3102; x_wconf 89' lang='lat' dir='ltr'><strong>quod</strong></span> <span class='ocrx_word' id='word_1_247' title='bbox 1794 3029 1867 3086; x_wconf 89' lang='lat' dir='ltr'><strong>sit</strong></span> <span class='ocrx_word' id='word_1_248' title='bbox 1895 3031 2287 3099; x_wconf 85' lang='lat' dir='ltr'><strong>voluntarium,</strong></span> 
     </span>
     <span class='ocr_line' id='line_1_30' title="bbox 285 3117 2287 3199; baseline -0.003 -18"><span class='ocrx_word' id='word_1_249' title='bbox 285 3140 395 3199; x_wconf 88' lang='lat' dir='ltr'><strong>quo</strong></span> <span class='ocrx_word' id='word_1_250' title='bbox 420 3121 580 3178; x_wconf 89' lang='lat' dir='ltr'><strong>modo</strong></span> <span class='ocrx_word' id='word_1_251' title='bbox 608 3136 667 3176; x_wconf 87' lang='lat' dir='ltr'><strong>se</strong></span> <span class='ocrx_word' id='word_1_252' title='bbox 695 3119 858 3174; x_wconf 83' lang='lat' dir='ltr'><strong>habet</strong></span> <span class='ocrx_word' id='word_1_253' title='bbox 885 3118 955 3173; x_wconf 94' lang='lat' dir='ltr'><strong>ad</strong></span> <span class='ocrx_word' id='word_1_254' title='bbox 984 3117 1088 3173; x_wconf 90' lang='lat' dir='ltr'><strong>hoc</strong></span> <span class='ocrx_word' id='word_1_255' title='bbox 1123 3117 1270 3191; x_wconf 80' lang='lat' dir='ltr'><strong>quod</strong></span> <span class='ocrx_word' id='word_1_256' title='bbox 1297 3117 1370 3172; x_wconf 91' lang='lat' dir='ltr'><strong>sit</strong></span> <span class='ocrx_word' id='word_1_257' title='bbox 1394 3117 1615 3172; x_wconf 86' lang='lat' dir='ltr'><strong>bouum.</strong></span> <span class='ocrx_word' id='word_1_258' title='bbox 1644 3117 1923 3188; x_wconf 86' lang='lat' dir='ltr'><strong>Contingit</strong></span> <span class='ocrx_word' id='word_1_259' title='bbox 1964 3124 2148 3184; x_wconf 79' lang='lat' dir='ltr'><strong>autem</strong></span> <span class='ocrx_word' id='word_1_260' title='bbox 2180 3118 2287 3176; x_wconf 84' lang='lat' dir='ltr'><strong>ali-</strong></span> 
     </span>
     <span class='ocr_line' id='line_1_31' title="bbox 285 3205 2285 3289; baseline -0.004 -19"><span class='ocrx_word' id='word_1_261' title='bbox 285 3214 416 3289; x_wconf 89' lang='lat' dir='ltr'><strong>quid</strong></span> <span class='ocrx_word' id='word_1_262' title='bbox 450 3213 504 3268; x_wconf 91' lang='lat' dir='ltr'><strong>in</strong></span> <span class='ocrx_word' id='word_1_263' title='bbox 525 3206 820 3266; x_wconf 88' lang='lat' dir='ltr'><strong>universali</strong></span> <span class='ocrx_word' id='word_1_264' title='bbox 843 3205 1249 3266; x_wconf 86' lang='lat' dir='ltr'><strong>consideratum</strong></span> <span class='ocrx_word' id='word_1_265' title='bbox 1282 3219 1402 3261; x_wconf 88' lang='lat' dir='ltr'><strong>esse</strong></span> <span class='ocrx_word' id='word_1_266' title='bbox 1443 3205 1661 3272; x_wconf 90' lang='lat' dir='ltr'><strong>bonum,</strong></span> <span class='ocrx_word' id='word_1_267' title='bbox 1694 3205 1839 3277; x_wconf 90' lang='lat' dir='ltr'><strong>quod</strong></span> <span class='ocrx_word' id='word_1_268' title='bbox 1882 3212 2062 3262; x_wconf 86' lang='lat' dir='ltr'><strong>tamen</strong></span> <span class='ocrx_word' id='word_1_269' title='bbox 2084 3221 2285 3264; x_wconf 84' lang='lat' dir='ltr'><strong>secun-</strong></span> 
     </span>
     <span class='ocr_line' id='line_1_32' title="bbox 285 3291 2283 3371; baseline -0.004 -12"><span class='ocrx_word' id='word_1_270' title='bbox 285 3304 416 3359; x_wconf 88' lang='lat' dir='ltr'><strong>dum</strong></span> <span class='ocrx_word' id='word_1_271' title='bbox 449 3298 664 3371; x_wconf 86' lang='lat' dir='ltr'><strong>aliquas</strong></span> <span class='ocrx_word' id='word_1_272' title='bbox 704 3291 1063 3367; x_wconf 82' lang='lat' dir='ltr'><strong>particulares</strong></span> <span class='ocrx_word' id='word_1_273' title='bbox 1101 3292 1544 3348; x_wconf 87' lang='lat' dir='ltr'><strong>circumstantias</strong></span> <span class='ocrx_word' id='word_1_274' title='bbox 1586 3291 1833 3348; x_wconf 91' lang='lat' dir='ltr'><strong>redditur</strong></span> <span class='ocrx_word' id='word_1_275' title='bbox 1872 3293 2101 3364; x_wconf 79' lang='lat' dir='ltr'><strong>malurn3</strong></span> <span class='ocrx_word' id='word_1_276' title='bbox 2141 3295 2283 3353; x_wconf 86' lang='lat' dir='ltr'><strong>sicut</strong></span> 
     </span>
     <span class='ocr_line' id='line_1_33' title="bbox 285 3381 2285 3466; baseline -0.003 -18"><span class='ocrx_word' id='word_1_277' title='bbox 285 3402 544 3466; x_wconf 82' lang='lat' dir='ltr'><strong>generare</strong></span> <span class='ocrx_word' id='word_1_278' title='bbox 567 3386 708 3444; x_wconf 86' lang='lat' dir='ltr'><strong>filios</strong></span> <span class='ocrx_word' id='word_1_279' title='bbox 745 3391 830 3438; x_wconf 91' lang='lat' dir='ltr'><strong>est</strong></span> <span class='ocrx_word' id='word_1_280' title='bbox 859 3381 1076 3448; x_wconf 87' lang='lat' dir='ltr'><strong>bonum,</strong></span> <span class='ocrx_word' id='word_1_281' title='bbox 1106 3381 1200 3436; x_wconf 88' lang='lat' dir='ltr'><strong>sed</strong></span> <span class='ocrx_word' id='word_1_282' title='bbox 1237 3397 1498 3452; x_wconf 88' lang='lat' dir='ltr'><strong>generare</strong></span> <span class='ocrx_word' id='word_1_283' title='bbox 1541 3381 1680 3439; x_wconf 80' lang='lat' dir='ltr'><strong>lilios</strong></span> <span class='ocrx_word' id='word_1_284' title='bbox 1719 3398 1787 3438; x_wconf 81' lang='lat' dir='ltr'><strong>ex</strong></span> <span class='ocrx_word' id='word_1_285' title='bbox 1824 3399 1930 3440; x_wconf 91' lang='lat' dir='ltr'><strong>non</strong></span> <span class='ocrx_word' id='word_1_286' title='bbox 1974 3401 2071 3442; x_wconf 88' lang='lat' dir='ltr'><strong>sua</strong></span> <span class='ocrx_word' id='word_1_287' title='bbox 2118 3401 2285 3442; x_wconf 87' lang='lat' dir='ltr'><strong>uxore</strong></span> 
     </span>
     <span class='ocr_line' id='line_1_34' title="bbox 287 3469 2287 3543; baseline -0.006 -6"><span class='ocrx_word' id='word_1_288' title='bbox 287 3487 370 3537; x_wconf 85' lang='lat' dir='ltr'><strong>est</strong></span> <span class='ocrx_word' id='word_1_289' title='bbox 396 3478 617 3535; x_wconf 87' lang='lat' dir='ltr'><strong>malum.</strong></span> <span class='ocrx_word' id='word_1_290' title='bbox 649 3473 718 3530; x_wconf 85' lang='lat' dir='ltr'><strong>Et</strong></span> <span class='ocrx_word' id='word_1_291' title='bbox 749 3471 1003 3528; x_wconf 86' lang='lat' dir='ltr'><strong>similiter</strong></span> <span class='ocrx_word' id='word_1_292' title='bbox 1026 3469 1311 3542; x_wconf 85' lang='lat' dir='ltr'><strong>contingit,</strong></span> <span class='ocrx_word' id='word_1_293' title='bbox 1345 3469 1551 3543; x_wconf 83' lang='lat' dir='ltr'><strong>aliquid</strong></span> <span class='ocrx_word' id='word_1_294' title='bbox 1594 3471 1645 3526; x_wconf 92' lang='lat' dir='ltr'><strong>in</strong></span> <span class='ocrx_word' id='word_1_295' title='bbox 1691 3472 1983 3530; x_wconf 81' lang='lat' dir='ltr'><strong>universali</strong></span> <span class='ocrx_word' id='word_1_296' title='bbox 2033 3473 2287 3528; x_wconf 82' lang='lat' dir='ltr'><strong>conside·-</strong></span> 
     </span>
     <span class='ocr_line' id='line_1_35' title="bbox 290 3558 2289 3635; baseline -0.004 -11"><span class='ocrx_word' id='word_1_297' title='bbox 290 3575 466 3624; x_wconf 85' lang='lat' dir='ltr'><strong>ratum</strong></span> <span class='ocrx_word' id='word_1_298' title='bbox 506 3581 625 3622; x_wconf 88' lang='lat' dir='ltr'><strong>esse</strong></span> <span class='ocrx_word' id='word_1_299' title='bbox 665 3562 889 3628; x_wconf 88' lang='lat' dir='ltr'><strong>malum,</strong></span> <span class='ocrx_word' id='word_1_300' title='bbox 929 3559 1076 3633; x_wconf 88' lang='lat' dir='ltr'><strong>quod</strong></span> <span class='ocrx_word' id='word_1_301' title='bbox 1123 3565 1306 3615; x_wconf 89' lang='lat' dir='ltr'><strong>tamen</strong></span> <span class='ocrx_word' id='word_1_302' title='bbox 1342 3560 1641 3615; x_wconf 87' lang='lat' dir='ltr'><strong>secundum</strong></span> <span class='ocrx_word' id='word_1_303' title='bbox 1680 3561 1893 3635; x_wconf 84' lang='lat' dir='ltr'><strong>aliquas</strong></span> <span class='ocrx_word' id='word_1_304' title='bbox 1930 3558 2289 3633; x_wconf 88' lang='lat' dir='ltr'><strong>particulares</strong></span> 
     </span>
     <span class='ocr_line' id='line_1_36' title="bbox 290 3648 2287 3721; baseline -0.003 -9"><span class='ocrx_word' id='word_1_305' title='bbox 290 3653 732 3712; x_wconf 87' lang='lat' dir='ltr'><strong>circumstancias</strong></span> <span class='ocrx_word' id='word_1_306' title='bbox 757 3651 816 3707; x_wconf 85' lang='lat' dir='ltr'><strong>lit</strong></span> <span class='ocrx_word' id='word_1_307' title='bbox 841 3650 1044 3705; x_wconf 89' lang='lat' dir='ltr'><strong>bonum</strong></span> <span class='ocrx_word' id='word_1_308' title='bbox 1063 3665 1078 3718; x_wconf 90' lang='grc'>;</span> <span class='ocrx_word' id='word_1_309' title='bbox 1096 3649 1238 3708; x_wconf 88' lang='lat' dir='ltr'><strong>sicut</strong></span> <span class='ocrx_word' id='word_1_310' title='bbox 1263 3648 1533 3716; x_wconf 76' lang='lat' dir='ltr'><strong>occidere,</strong></span> <span class='ocrx_word' id='word_1_311' title='bbox 1548 3649 1846 3706; x_wconf 89' lang='lat' dir='ltr'><strong>secundum</strong></span> <span class='ocrx_word' id='word_1_312' title='bbox 1868 3665 1927 3706; x_wconf 89' lang='lat' dir='ltr'><strong>se</strong></span> <span class='ocrx_word' id='word_1_313' title='bbox 1951 3656 2034 3706; x_wconf 82' lang='lat' dir='ltr'><strong>est</strong></span> <span class='ocrx_word' id='word_1_314' title='bbox 2055 3649 2287 3721; x_wconf 76' lang='lat' dir='ltr'><strong>malum3</strong></span> 
     </span>
     <span class='ocr_line' id='line_1_37' title="bbox 291 3736 2289 3810; baseline -0.002 -10"><span class='ocrx_word' id='word_1_315' title='bbox 291 3743 386 3800; x_wconf 87' lang='lat' dir='ltr'><strong>sed</strong></span> <span class='ocrx_word' id='word_1_316' title='bbox 425 3741 672 3800; x_wconf 87' lang='lat' dir='ltr'><strong>occidere</strong></span> <span class='ocrx_word' id='word_1_317' title='bbox 717 3739 992 3796; x_wconf 89' lang='lat' dir='ltr'><strong>hominem</strong></span> <span class='ocrx_word' id='word_1_318' title='bbox 1044 3739 1406 3810; x_wconf 89' lang='lat' dir='ltr'><strong>perniciosum</strong></span> <span class='ocrx_word' id='word_1_319' title='bbox 1450 3736 1807 3803; x_wconf 86' lang='lat' dir='ltr'><strong>multitudini,</strong></span> <span class='ocrx_word' id='word_1_320' title='bbox 1848 3745 1933 3792; x_wconf 86' lang='lat' dir='ltr'><strong>est</strong></span> <span class='ocrx_word' id='word_1_321' title='bbox 1973 3736 2193 3792; x_wconf 88' lang='lat' dir='ltr'><strong>bonum.</strong></span> <span class='ocrx_word' id='word_1_322' title='bbox 2221 3739 2289 3796; x_wconf 79' lang='lat' dir='ltr'><strong>Et</strong></span> 
     </span>
     <span class='ocr_line' id='line_1_38' title="bbox 290 3823 2289 3906; baseline -0.002 -20"><span class='ocrx_word' id='word_1_323' title='bbox 290 3832 419 3906; x_wconf 89' lang='lat' dir='ltr'><strong>quia</strong></span> <span class='ocrx_word' id='word_1_324' title='bbox 444 3827 686 3884; x_wconf 83' lang='lat' dir='ltr'><strong>actiones</strong></span> <span class='ocrx_word' id='word_1_325' title='bbox 721 3829 868 3885; x_wconf 90' lang='lat' dir='ltr'><strong>circa</strong></span> <span class='ocrx_word' id='word_1_326' title='bbox 904 3826 1200 3898; x_wconf 85' lang='lat' dir='ltr'><strong>singularia</strong></span> <span class='ocrx_word' id='word_1_327' title='bbox 1231 3825 1551 3899; x_wconf 85' lang='lat' dir='ltr'><strong>judicantur</strong></span> <span class='ocrx_word' id='word_1_328' title='bbox 1584 3824 1744 3882; x_wconf 83' lang='lat' dir='ltr'><strong>bonae</strong></span> <span class='ocrx_word' id='word_1_329' title='bbox 1782 3823 1866 3881; x_wconf 87' lang='lat' dir='ltr'><strong>vel</strong></span> <span class='ocrx_word' id='word_1_330' title='bbox 1907 3824 2079 3891; x_wconf 85' lang='lat' dir='ltr'><strong>malae,</strong></span> <span class='ocrx_word' id='word_1_331' title='bbox 2116 3833 2169 3881; x_wconf 91' lang='lat' dir='ltr'><strong>et</strong></span> <span class='ocrx_word' id='word_1_332' title='bbox 2194 3841 2289 3899; x_wconf 82' lang='lat' dir='ltr'><strong>per</strong></span> 
     </span>
     <span class='ocr_line' id='line_1_39' title="bbox 287 3912 2287 3992; baseline -0.003 -13"><span class='ocrx_word' id='word_1_333' title='bbox 287 3931 626 3992; x_wconf 88' lang='lat' dir='ltr'><strong>consequens</strong></span> <span class='ocrx_word' id='word_1_334' title='bbox 650 3913 970 3972; x_wconf 84' lang='lat' dir='ltr'><strong>voluntariae</strong></span> <span class='ocrx_word' id='word_1_335' title='bbox 999 3914 1084 3972; x_wconf 86' lang='lat' dir='ltr'><strong>vel</strong></span> <span class='ocrx_word' id='word_1_336' title='bbox 1115 3914 1517 3981; x_wconf 60' lang='lat' dir='ltr'><strong>involuntariae,</strong></span> <span class='ocrx_word' id='word_1_337' title='bbox 1546 3912 1868 3985; x_wconf 88' lang='lat' dir='ltr'><strong>simpliciter</strong></span> <span class='ocrx_word' id='word_1_338' title='bbox 1900 3913 2120 3989; x_wconf 77' lang='lat' dir='ltr'><strong>quidem</strong></span> <span class='ocrx_word' id='word_1_339' title='bbox 2153 3929 2287 3987; x_wconf 73' lang='lat' dir='ltr'><strong>con-5</strong></span> 
     </span>
    </p>
   </div>
  </div>
 </body>
</html>
