<?xml version="1.0" encoding="UTF-8"?>
<!DOCTYPE html PUBLIC "-//W3C//DTD XHTML 1.0 Transitional//EN"
    "http://www.w3.org/TR/xhtml1/DTD/xhtml1-transitional.dtd">
<html xmlns="http://www.w3.org/1999/xhtml" xml:lang="en" lang="en">
 <head>
  <title>
</title>
<meta http-equiv="Content-Type" content="text/html;charset=utf-8" />
  <meta name='ocr-system' content='tesseract 3.04.00' />
  <meta name='ocr-capabilities' content='ocr_page ocr_carea ocr_par ocr_line ocrx_word'/>
</head>
<body>
  <div class='ocr_page' id='page_1' title='image "./sthomaquinatisd00thomgoog_0055.png"; bbox 0 0 2800 4492; ppageno 0'>
   <div class='ocr_carea' id='block_1_1' title="bbox 733 329 2283 394">
    <p class='ocr_par' dir='ltr' id='par_1_1' title="bbox 733 329 2283 394">
     <span class='ocr_line' id='line_1_1' title="bbox 733 329 2283 394; baseline 0.004 -12"><span class='ocrx_word' id='word_1_1' title='bbox 733 335 822 382; x_wconf 88' lang='lat' dir='ltr'>x1.</span> <span class='ocrx_word' id='word_1_2' title='bbox 850 350 931 394; x_wconf 84' lang='lat'>.···</span> <span class='ocrx_word' id='word_1_3' title='bbox 955 335 1024 380; x_wconf 77' lang='lat' dir='ltr'>m</span> <span class='ocrx_word' id='word_1_4' title='bbox 1072 334 1341 380; x_wconf 71' lang='lat' dir='ltr'>nemum</span> <span class='ocrx_word' id='word_1_5' title='bbox 1381 337 1459 379; x_wconf 74' lang='lat' dir='ltr'>na:</span> <span class='ocrx_word' id='word_1_6' title='bbox 1502 337 1831 385; x_wconf 68' lang='lat' dir='ltr'>‘mimum</span> <span class='ocrx_word' id='word_1_7' title='bbox 2214 329 2283 388; x_wconf 75' lang='lat'>41</span> 
     </span>
    </p>
   </div>
   <div class='ocr_carea' id='block_1_2' title="bbox 259 451 2307 3998">
    <p class='ocr_par' dir='ltr' id='par_1_2' title="bbox 264 451 2287 708">
     <span class='ocr_line' id='line_1_2' title="bbox 264 451 2283 527; baseline 0.001 -16"><span class='ocrx_word' id='word_1_8' title='bbox 264 452 676 527; x_wconf 75' lang='lat' dir='ltr'>conjunctionis</span> <span class='ocrx_word' id='word_1_9' title='bbox 720 469 742 506; x_wconf 74' lang='lat'>:-</span> <span class='ocrx_word' id='word_1_10' title='bbox 769 458 980 508; x_wconf 76' lang='lat' dir='ltr'>remota</span> <span class='ocrx_word' id='word_1_11' title='bbox 1018 451 1161 506; x_wconf 88' lang='lat' dir='ltr'>enim</span> <span class='ocrx_word' id='word_1_12' title='bbox 1209 452 1431 525; x_wconf 84' lang='lat' dir='ltr'>propria</span> <span class='ocrx_word' id='word_1_13' title='bbox 1476 467 1642 510; x_wconf 85' lang='lat' dir='ltr'>causa</span> <span class='ocrx_word' id='word_1_14' title='bbox 1690 454 1905 512; x_wconf 76' lang='lat' dir='ltr'>tollitur</span> <span class='ocrx_word' id='word_1_15' title='bbox 1943 457 2186 515; x_wconf 81' lang='lat' dir='ltr'>effectus.</span> <span class='ocrx_word' id='word_1_16' title='bbox 2228 461 2283 516; x_wconf 88' lang='lat' dir='ltr'>Si</span> 
     </span>
     <span class='ocr_line' id='line_1_3' title="bbox 269 539 2287 616; baseline 0.003 -18"><span class='ocrx_word' id='word_1_17' title='bbox 269 545 444 613; x_wconf 79' lang='lat' dir='ltr'>igitur</span> <span class='ocrx_word' id='word_1_18' title='bbox 486 545 542 598; x_wconf 89' lang='lat' dir='ltr'>in</span> <span class='ocrx_word' id='word_1_19' title='bbox 566 542 742 598; x_wconf 80' lang='lat' dir='ltr'>tribus</span> <span class='ocrx_word' id='word_1_20' title='bbox 770 539 1020 614; x_wconf 86' lang='lat' dir='ltr'>personis</span> <span class='ocrx_word' id='word_1_21' title='bbox 1043 557 1150 598; x_wconf 89' lang='lat' dir='ltr'>non</span> <span class='ocrx_word' id='word_1_22' title='bbox 1171 547 1256 598; x_wconf 87' lang='grc' dir='ltr'>εει</span> <span class='ocrx_word' id='word_1_23' title='bbox 1280 541 1527 597; x_wconf 79' lang='lat' dir='ltr'>alteritas</span> <span class='ocrx_word' id='word_1_24' title='bbox 1555 541 1737 616; x_wconf 84' lang='lat' dir='ltr'>aliqua</span> <span class='ocrx_word' id='word_1_25' title='bbox 1763 543 2017 614; x_wconf 77' lang='lat' dir='ltr'><strong>Deitatis,</strong></span> <span class='ocrx_word' id='word_1_26' title='bbox 2048 562 2153 603; x_wconf 90' lang='lat' dir='ltr'>non</span> <span class='ocrx_word' id='word_1_27' title='bbox 2180 549 2287 604; x_wconf 75' lang='lat' dir='ltr'>erit</span> 
     </span>
     <span class='ocr_line' id='line_1_4' title="bbox 273 629 1155 708; baseline -0.002 -20"><span class='ocrx_word' id='word_1_28' title='bbox 273 632 564 708; x_wconf 74' lang='lat' dir='ltr'><strong>pluralitas</strong></span> <span class='ocrx_word' id='word_1_29' title='bbox 591 631 796 704; x_wconf 87' lang='lat' dir='ltr'>aliqua,</span> <span class='ocrx_word' id='word_1_30' title='bbox 831 631 926 687; x_wconf 88' lang='lat' dir='ltr'>sed</span> <span class='ocrx_word' id='word_1_31' title='bbox 951 629 1155 686; x_wconf 78' lang='lat' dir='ltr'>unitas·</span> 
     </span>
    </p>

    <p class='ocr_par' dir='ltr' id='par_1_3' title="bbox 261 719 2289 1327">
     <span class='ocr_line' id='line_1_5' title="bbox 347 719 2287 800; baseline 0.004 -23"><span class='ocrx_word' id='word_1_32' title='bbox 347 723 558 778; x_wconf 78' lang='lat' dir='ltr'>Deinde</span> <span class='ocrx_word' id='word_1_33' title='bbox 590 721 786 794; x_wconf 73' lang='lat' dir='ltr'>probat.</span> <span class='ocrx_word' id='word_1_34' title='bbox 813 719 959 794; x_wconf 92' lang='lat' dir='ltr'>quod</span> <span class='ocrx_word' id='word_1_35' title='bbox 989 725 1370 792; x_wconf 80' lang='lat' dir='ltr'><strong>supposuerat,</strong></span> <span class='ocrx_word' id='word_1_36' title='bbox 1400 719 1612 778; x_wconf 81' lang='lat' dir='ltr'>seilicet</span> <span class='ocrx_word' id='word_1_37' title='bbox 1638 721 1969 780; x_wconf 79' lang='lat' dir='ltr'>alteritatem</span> <span class='ocrx_word' id='word_1_38' title='bbox 2008 741 2125 781; x_wconf 86' lang='lat' dir='ltr'>esse</span> <span class='ocrx_word' id='word_1_39' title='bbox 2153 742 2287 800; x_wconf 81' lang='lat' dir='ltr'>pro-</span> 
     </span>
     <span class='ocr_line' id='line_1_6' title="bbox 273 807 2287 886; baseline 0.003 -20"><span class='ocrx_word' id='word_1_40' title='bbox 273 811 457 884; x_wconf 88' lang='lat' dir='ltr'>prium</span> <span class='ocrx_word' id='word_1_41' title='bbox 486 811 812 882; x_wconf 83' lang='lat' dir='ltr'>principium</span> <span class='ocrx_word' id='word_1_42' title='bbox 836 807 1184 882; x_wconf 75' lang='lat' dir='ltr'>pluralitatiS,</span> <span class='ocrx_word' id='word_1_43' title='bbox 1219 823 1344 864; x_wconf 83' lang='lat' dir='ltr'>cum</span> <span class='ocrx_word' id='word_1_44' title='bbox 1367 808 1541 865; x_wconf 84' lang='lat' dir='ltr'>dicit:</span> <span class='ocrx_word' id='word_1_45' title='bbox 1568 828 1595 862; x_wconf 78' lang='grc' dir='ltr'>α</span> <span class='ocrx_word' id='word_1_46' title='bbox 1628 809 1883 866; x_wconf 88' lang='lat' dir='ltr'>Omnium</span> <span class='ocrx_word' id='word_1_47' title='bbox 1911 829 2145 886; x_wconf 88' lang='lat' dir='ltr'>namque</span> <span class='ocrx_word' id='word_1_48' title='bbox 2180 834 2205 866; x_wconf 71' lang='grc' dir='ltr'>ι)</span> <span class='ocrx_word' id='word_1_49' title='bbox 2232 822 2287 872; x_wconf 86' lang='grc' dir='ltr'>ει</span> 
     </span>
     <span class='ocr_line' id='line_1_7' title="bbox 273 897 2288 972; baseline 0.001 -16"><span class='ocrx_word' id='word_1_50' title='bbox 273 908 362 956; x_wconf 91' lang='grc' dir='ltr'>εει</span> <span class='ocrx_word' id='word_1_51' title='bbox 389 901 534 956; x_wconf 85' lang='lat' dir='ltr'>ratio</span> <span class='ocrx_word' id='word_1_52' title='bbox 572 915 670 956; x_wconf 87' lang='lat' dir='ltr'>sua</span> <span class='ocrx_word' id='word_1_53' title='bbox 691 897 848 954; x_wconf 59' lang='lat' dir='ltr'>lulis.</span> <span class='ocrx_word' id='word_1_54' title='bbox 876 897 1132 953; x_wconf 87' lang='lat' dir='ltr'>Omnium</span> <span class='ocrx_word' id='word_1_55' title='bbox 1165 913 1346 952; x_wconf 89' lang='lat' dir='ltr'>rerum</span> <span class='ocrx_word' id='word_1_56' title='bbox 1375 913 1593 969; x_wconf 85' lang='lat' dir='ltr'>genere,</span> <span class='ocrx_word' id='word_1_57' title='bbox 1609 898 1693 954; x_wconf 86' lang='lat' dir='ltr'>vel</span> <span class='ocrx_word' id='word_1_58' title='bbox 1724 902 1925 972; x_wconf 84' lang='lat' dir='ltr'>speeie,</span> <span class='ocrx_word' id='word_1_59' title='bbox 1949 902 2029 958; x_wconf 87' lang='lat' dir='ltr'>vel</span> <span class='ocrx_word' id='word_1_60' title='bbox 2060 919 2288 959; x_wconf 82' lang='lat' dir='ltr'>nurnero</span> 
     </span>
     <span class='ocr_line' id='line_1_8' title="bbox 271 985 2287 1064; baseline 0.003 -21"><span class='ocrx_word' id='word_1_61' title='bbox 271 989 666 1053; x_wconf 79' lang='lat' dir='ltr'>differentium,</span> <span class='ocrx_word' id='word_1_62' title='bbox 694 993 780 1042; x_wconf 82' lang='grc' dir='ltr'>εει</span> <span class='ocrx_word' id='word_1_63' title='bbox 804 985 990 1059; x_wconf 84' lang='lat' dir='ltr'>aliqua</span> <span class='ocrx_word' id='word_1_64' title='bbox 1015 985 1282 1055; x_wconf 58' lang='lat' dir='ltr'>alternae,</span> <span class='ocrx_word' id='word_1_65' title='bbox 1308 986 1425 1042; x_wconf 86' lang='lat' dir='ltr'>sive</span> <span class='ocrx_word' id='word_1_66' title='bbox 1448 987 1756 1044; x_wconf 77' lang='lat' dir='ltr'>differentia</span> <span class='ocrx_word' id='word_1_67' title='bbox 1795 1004 1961 1047; x_wconf 85' lang='lat' dir='ltr'>causa</span> <span class='ocrx_word' id='word_1_68' title='bbox 1997 991 2287 1064; x_wconf 78' lang='lat' dir='ltr'>pluralita-</span> 
     </span>
     <span class='ocr_line' id='line_1_9' title="bbox 261 1075 2287 1150; baseline 0.002 -18"><span class='ocrx_word' id='word_1_69' title='bbox 261 1079 370 1141; x_wconf 56' lang='lat' dir='ltr'>lis,</span> <span class='ocrx_word' id='word_1_70' title='bbox 397 1077 486 1134; x_wconf 90' lang='lat' dir='ltr'>vel</span> <span class='ocrx_word' id='word_1_71' title='bbox 527 1075 908 1132; x_wconf 77' lang='lat' dir='ltr'>diversitatis:</span> <span class='ocrx_word' id='word_1_72' title='bbox 941 1075 1037 1130; x_wconf 84' lang='lat' dir='ltr'>sed</span> <span class='ocrx_word' id='word_1_73' title='bbox 1075 1090 1264 1132; x_wconf 89' lang='lat' dir='ltr'>omnes</span> <span class='ocrx_word' id='word_1_74' title='bbox 1308 1092 1395 1132; x_wconf 89' lang='lat' dir='ltr'>res</span> <span class='ocrx_word' id='word_1_75' title='bbox 1442 1076 1642 1148; x_wconf 81' lang='lat' dir='ltr'>plures,</span> <span class='ocrx_word' id='word_1_76' title='bbox 1687 1079 1805 1134; x_wconf 84' lang='lat' dir='ltr'>sive</span> <span class='ocrx_word' id='word_1_77' title='bbox 1850 1080 1961 1136; x_wconf 79' lang='lat' dir='ltr'>sint</span> <span class='ocrx_word' id='word_1_78' title='bbox 2007 1087 2141 1150; x_wconf 79' lang='lat' dir='ltr'>treS,</span> <span class='ocrx_word' id='word_1_79' title='bbox 2172 1083 2287 1138; x_wconf 88' lang='lat' dir='ltr'>sive</span> 
     </span>
     <span class='ocr_line' id='line_1_10' title="bbox 271 1163 2289 1243; baseline 0.003 -23"><span class='ocrx_word' id='word_1_80' title='bbox 271 1165 566 1238; x_wconf 79' lang='lat' dir='ltr'>quotlibet,</span> <span class='ocrx_word' id='word_1_81' title='bbox 597 1172 724 1220; x_wconf 82' lang='lat' dir='ltr'>suut</span> <span class='ocrx_word' id='word_1_82' title='bbox 757 1163 990 1223; x_wconf 83' lang='lat' dir='ltr'>diversae</span> <span class='ocrx_word' id='word_1_83' title='bbox 1028 1164 1115 1220; x_wconf 89' lang='lat' dir='ltr'>vel</span> <span class='ocrx_word' id='word_1_84' title='bbox 1139 1180 1356 1235; x_wconf 80' lang='lat' dir='ltr'>genere,</span> <span class='ocrx_word' id='word_1_85' title='bbox 1384 1163 1471 1221; x_wconf 81' lang='lat' dir='ltr'>vel</span> <span class='ocrx_word' id='word_1_86' title='bbox 1511 1166 1711 1236; x_wconf 84' lang='lat' dir='ltr'>specie,</span> <span class='ocrx_word' id='word_1_87' title='bbox 1742 1166 1828 1223; x_wconf 88' lang='lat' dir='ltr'>vel</span> <span class='ocrx_word' id='word_1_88' title='bbox 1869 1183 2127 1240; x_wconf 86' lang='lat' dir='ltr'>numero;</span> <span class='ocrx_word' id='word_1_89' title='bbox 2159 1185 2289 1243; x_wconf 83' lang='lat' dir='ltr'>ergo</span> 
     </span>
     <span class='ocr_line' id='line_1_11' title="bbox 271 1253 2091 1327; baseline 0 -17"><span class='ocrx_word' id='word_1_90' title='bbox 271 1255 520 1313; x_wconf 88' lang='lat' dir='ltr'>omnium</span> <span class='ocrx_word' id='word_1_91' title='bbox 546 1253 782 1327; x_wconf 90' lang='lat' dir='ltr'>plurium</span> <span class='ocrx_word' id='word_1_92' title='bbox 809 1253 1138 1326; x_wconf 88' lang='lat' dir='ltr'>principium</span> <span class='ocrx_word' id='word_1_93' title='bbox 1167 1260 1250 1307; x_wconf 87' lang='grc' dir='ltr'>εει</span> <span class='ocrx_word' id='word_1_94' title='bbox 1279 1253 1463 1325; x_wconf 88' lang='lat' dir='ltr'>aliqua</span> <span class='ocrx_word' id='word_1_95' title='bbox 1486 1253 1753 1311; x_wconf 80' lang='lat' dir='ltr'>alteritas.</span> <span class='ocrx_word' id='word_1_96' title='bbox 2082 1307 2091 1316; x_wconf 86' lang='grc'>,</span> 
     </span>
    </p>

    <p class='ocr_par' dir='ltr' id='par_1_4' title="bbox 259 1341 2307 3983">
     <span class='ocr_line' id='line_1_12' title="bbox 349 1341 2285 1420; baseline 0.004 -20"><span class='ocrx_word' id='word_1_97' title='bbox 349 1344 505 1400; x_wconf 88' lang='lat' dir='ltr'>Circa</span> <span class='ocrx_word' id='word_1_98' title='bbox 534 1343 677 1398; x_wconf 85' lang='lat' dir='ltr'>hano</span> <span class='ocrx_word' id='word_1_99' title='bbox 701 1343 970 1398; x_wconf 77' lang='lat' dir='ltr'>rationem</span> <span class='ocrx_word' id='word_1_100' title='bbox 1002 1341 1106 1397; x_wconf 82' lang='lat' dir='ltr'>tria</span> <span class='ocrx_word' id='word_1_101' title='bbox 1135 1341 1286 1397; x_wconf 76' lang='lat' dir='ltr'>facit.</span> <span class='ocrx_word' id='word_1_102' title='bbox 1311 1343 1511 1408; x_wconf 90' lang='lat' dir='ltr'>Primo,</span> <span class='ocrx_word' id='word_1_103' title='bbox 1527 1343 1682 1414; x_wconf 77' lang='lat' dir='ltr'>ponit</span> <span class='ocrx_word' id='word_1_104' title='bbox 1712 1344 2285 1420; x_wconf 83' lang='lat' dir='ltr'>minorem:seeund0,</span> 
     </span>
     <span class='ocr_line' id='line_1_13' title="bbox 273 1423 2289 1506; baseline 0.003 -18"><span class='ocrx_word' id='word_1_105' title='bbox 273 1423 679 1506; x_wconf 80' lang='lat' dir='ltr'>probatienem,</span> <span class='ocrx_word' id='word_1_106' title='bbox 725 1431 799 1486; x_wconf 91' lang='lat' dir='ltr'>ibi</span> <span class='ocrx_word' id='word_1_107' title='bbox 834 1447 847 1486; x_wconf 88' lang='lat'>:</span> <span class='ocrx_word' id='word_1_108' title='bbox 881 1450 907 1484; x_wconf 75' lang='grc' dir='ltr'><strong>α</strong></span> <span class='ocrx_word' id='word_1_109' title='bbox 940 1429 1183 1499; x_wconf 76' lang='lat' dir='ltr'>QuotieS,</span> <span class='ocrx_word' id='word_1_110' title='bbox 1221 1448 1248 1482; x_wconf 75' lang='grc' dir='ltr'>ιι</span> <span class='ocrx_word' id='word_1_111' title='bbox 1297 1435 1350 1484; x_wconf 87' lang='grc' dir='ltr'>ει</span> <span class='ocrx_word' id='word_1_112' title='bbox 1395 1435 1480 1485; x_wconf 84' lang='grc' dir='ltr'>εει</span> <span class='ocrx_word' id='word_1_113' title='bbox 1516 1430 1785 1502; x_wconf 81' lang='lat' dir='ltr'>probatio.</span> <span class='ocrx_word' id='word_1_114' title='bbox 1824 1433 2051 1502; x_wconf 79' lang='lat' dir='ltr'>Quoties</span> <span class='ocrx_word' id='word_1_115' title='bbox 2089 1438 2289 1495; x_wconf 73' lang='lat' dir='ltr'>dicitur</span> 
     </span>
     <span class='ocr_line' id='line_1_14' title="bbox 275 1518 2285 1595; baseline 0.002 -17"><span class='ocrx_word' id='word_1_116' title='bbox 275 1522 445 1588; x_wconf 89' lang='lat' dir='ltr'>idem,</span> <span class='ocrx_word' id='word_1_117' title='bbox 479 1520 646 1576; x_wconf 79' lang='lat' dir='ltr'>toties</span> <span class='ocrx_word' id='word_1_118' title='bbox 681 1519 882 1574; x_wconf 80' lang='lat' dir='ltr'>dicitur</span> <span class='ocrx_word' id='word_1_119' title='bbox 929 1518 1226 1584; x_wconf 88' lang='lat' dir='ltr'>diversum,</span> <span class='ocrx_word' id='word_1_120' title='bbox 1267 1519 1362 1572; x_wconf 89' lang='lat' dir='ltr'>sed</span> <span class='ocrx_word' id='word_1_121' title='bbox 1406 1518 1585 1587; x_wconf 87' lang='lat' dir='ltr'>idem;</span> <span class='ocrx_word' id='word_1_122' title='bbox 1630 1520 1831 1577; x_wconf 73' lang='lat' dir='ltr'>dicitur</span> <span class='ocrx_word' id='word_1_123' title='bbox 1874 1522 2049 1580; x_wconf 83' lang='lat' dir='ltr'>tribue</span> <span class='ocrx_word' id='word_1_124' title='bbox 2091 1527 2285 1595; x_wconf 89' lang='lat' dir='ltr'>modis,</span> 
     </span>
     <span class='ocr_line' id='line_1_15' title="bbox 275 1605 2289 1680; baseline 0.003 -13"><span class='ocrx_word' id='word_1_125' title='bbox 275 1611 490 1668; x_wconf 69' lang='lat' dir='ltr'>scilicet</span> <span class='ocrx_word' id='word_1_126' title='bbox 529 1623 749 1680; x_wconf 78' lang='lat' dir='ltr'>genere,</span> <span class='ocrx_word' id='word_1_127' title='bbox 783 1615 838 1662; x_wconf 90' lang='grc' dir='ltr'>ει</span> <span class='ocrx_word' id='word_1_128' title='bbox 864 1605 1064 1679; x_wconf 86' lang='lat' dir='ltr'>specie,</span> <span class='ocrx_word' id='word_1_129' title='bbox 1089 1615 1144 1662; x_wconf 90' lang='grc' dir='ltr'>ει</span> <span class='ocrx_word' id='word_1_130' title='bbox 1173 1621 1431 1674; x_wconf 88' lang='lat' dir='ltr'>numero;</span> <span class='ocrx_word' id='word_1_131' title='bbox 1462 1623 1591 1679; x_wconf 91' lang='lat' dir='ltr'>ergo</span> <span class='ocrx_word' id='word_1_132' title='bbox 1630 1615 1685 1662; x_wconf 89' lang='grc' dir='ltr'>ει</span> <span class='ocrx_word' id='word_1_133' title='bbox 1723 1608 2019 1666; x_wconf 85' lang='lat' dir='ltr'>diversum.</span> <span class='ocrx_word' id='word_1_134' title='bbox 2056 1615 2289 1674; x_wconf 79' lang='lat' dir='ltr'>Primam</span> 
     </span>
     <span class='ocr_line' id='line_1_16' title="bbox 275 1694 2291 1772; baseline 0.003 -18"><span class='ocrx_word' id='word_1_135' title='bbox 275 1698 538 1772; x_wconf 80' lang='lat' dir='ltr'>supponit</span> <span class='ocrx_word' id='word_1_136' title='bbox 574 1712 641 1751; x_wconf 86' lang='lat' dir='ltr'>ex</span> <span class='ocrx_word' id='word_1_137' title='bbox 677 1695 783 1750; x_wconf 83' lang='lat' dir='ltr'>hoc</span> <span class='ocrx_word' id='word_1_138' title='bbox 817 1694 965 1772; x_wconf 82' lang='lat' dir='ltr'>quod</span> <span class='ocrx_word' id='word_1_139' title='bbox 1001 1694 1202 1758; x_wconf 79' lang='lat' dir='ltr'>dieitur</span> <span class='ocrx_word' id='word_1_140' title='bbox 1253 1695 1308 1748; x_wconf 90' lang='lat' dir='ltr'>in</span> <span class='ocrx_word' id='word_1_141' title='bbox 1357 1710 1378 1759; x_wconf 77' lang='grc' dir='ltr'>ι</span> <span class='ocrx_word' id='word_1_142' title='bbox 1416 1696 1604 1767; x_wconf 86' lang='lat' dir='ltr'>Topic.</span> <span class='ocrx_word' id='word_1_143' title='bbox 1637 1696 1784 1767; x_wconf 85' lang='lat' dir='ltr'>quod</span> <span class='ocrx_word' id='word_1_144' title='bbox 1828 1700 2044 1771; x_wconf 75' lang='lat' dir='ltr'>quoties</span> <span class='ocrx_word' id='word_1_145' title='bbox 2088 1703 2291 1761; x_wconf 82' lang='lat' dir='ltr'>dicitur</span> 
     </span>
     <span class='ocr_line' id='line_1_17' title="bbox 271 1777 2289 1860; baseline 0.004 -17"><span class='ocrx_word' id='word_1_146' title='bbox 271 1804 448 1844; x_wconf 86' lang='lat' dir='ltr'>unum</span> <span class='ocrx_word' id='word_1_147' title='bbox 479 1784 878 1858; x_wconf 83' lang='lat' dir='ltr'>oppositorum,</span> <span class='ocrx_word' id='word_1_148' title='bbox 903 1783 1066 1838; x_wconf 73' lang='lat' dir='ltr'>toties</span> <span class='ocrx_word' id='word_1_149' title='bbox 1091 1790 1146 1838; x_wconf 85' lang='grc' dir='ltr'>ει</span> <span class='ocrx_word' id='word_1_150' title='bbox 1175 1781 1448 1855; x_wconf 86' lang='lat' dir='ltr'>reliquum</span> <span class='ocrx_word' id='word_1_151' title='bbox 1477 1799 1490 1838; x_wconf 77' lang='grc' dir='ltr'><em>τ</em></span> <span class='ocrx_word' id='word_1_152' title='bbox 1521 1791 1577 1840; x_wconf 83' lang='grc' dir='ltr'>ει</span> <span class='ocrx_word' id='word_1_153' title='bbox 1606 1801 1671 1840; x_wconf 85' lang='lat' dir='ltr'>ex</span> <span class='ocrx_word' id='word_1_154' title='bbox 1700 1785 1803 1842; x_wconf 83' lang='lat' dir='ltr'>hoe</span> <span class='ocrx_word' id='word_1_155' title='bbox 1842 1789 1988 1860; x_wconf 89' lang='lat' dir='ltr'>quod</span> <span class='ocrx_word' id='word_1_156' title='bbox 2022 1777 2226 1849; x_wconf 76' lang='lat' dir='ltr'>dicitur</span> <span class='ocrx_word' id='word_1_157' title='bbox 2248 1810 2289 1852; x_wconf 88' lang='lat' dir='ltr'>x</span> 
     </span>
     <span class='ocr_line' id='line_1_18' title="bbox 269 1871 2291 1946; baseline 0.002 -12"><span class='ocrx_word' id='word_1_158' title='bbox 269 1872 782 1946; x_wconf 79' lang='lat' dir='ltr'>Meta.quod1dem</span> <span class='ocrx_word' id='word_1_159' title='bbox 810 1878 866 1927; x_wconf 88' lang='grc' dir='ltr'>ει</span> <span class='ocrx_word' id='word_1_160' title='bbox 902 1871 1178 1927; x_wconf 84' lang='lat' dir='ltr'>diversum</span> <span class='ocrx_word' id='word_1_161' title='bbox 1219 1877 1348 1926; x_wconf 78' lang='lat' dir='ltr'>sunt</span> <span class='ocrx_word' id='word_1_162' title='bbox 1377 1873 1649 1944; x_wconf 82' lang='lat' dir='ltr'>opposita.</span> <span class='ocrx_word' id='word_1_163' title='bbox 1680 1874 1988 1932; x_wconf 80' lang='lat' dir='ltr'>Secundam</span> <span class='ocrx_word' id='word_1_164' title='bbox 2030 1881 2291 1938; x_wconf 82' lang='lat' dir='ltr'>manifes-</span> 
     </span>
     <span class='ocr_line' id='line_1_19' title="bbox 273 1960 2289 2044; baseline 0.003 -23"><span class='ocrx_word' id='word_1_165' title='bbox 273 1974 361 2022; x_wconf 76' lang='lat' dir='ltr'>tat</span> <span class='ocrx_word' id='word_1_166' title='bbox 399 1981 500 2037; x_wconf 87' lang='lat' dir='ltr'>per</span> <span class='ocrx_word' id='word_1_167' title='bbox 527 1961 795 2034; x_wconf 83' lang='lat' dir='ltr'>exempla,</span> <span class='ocrx_word' id='word_1_168' title='bbox 825 1968 883 2016; x_wconf 89' lang='grc' dir='ltr'>ει</span> <span class='ocrx_word' id='word_1_169' title='bbox 925 1962 1182 2032; x_wconf 84' lang='lat' dir='ltr'>supponit</span> <span class='ocrx_word' id='word_1_170' title='bbox 1217 1976 1337 2015; x_wconf 87' lang='lat' dir='ltr'>eam</span> <span class='ocrx_word' id='word_1_171' title='bbox 1385 1977 1481 2031; x_wconf 84' lang='lat' dir='ltr'>per</span> <span class='ocrx_word' id='word_1_172' title='bbox 1521 1960 1625 2017; x_wconf 83' lang='lat' dir='ltr'>hoc</span> <span class='ocrx_word' id='word_1_173' title='bbox 1669 1966 1813 2036; x_wconf 90' lang='lat' dir='ltr'>quod</span> <span class='ocrx_word' id='word_1_174' title='bbox 1858 1966 2060 2022; x_wconf 78' lang='lat' dir='ltr'>dicitur</span> <span class='ocrx_word' id='word_1_175' title='bbox 2096 1985 2115 2024; x_wconf 88' lang='lat'>1</span> <span class='ocrx_word' id='word_1_176' title='bbox 2153 1972 2289 2044; x_wconf 88' lang='lat' dir='ltr'>Top.</span> 
     </span>
     <span class='ocr_line' id='line_1_20' title="bbox 271 2050 2295 2130; baseline -0.004 -20"><span class='ocrx_word' id='word_1_177' title='bbox 271 2054 468 2112; x_wconf 79' lang='lat' dir='ltr'>Tertio</span> <span class='ocrx_word' id='word_1_178' title='bbox 493 2068 622 2108; x_wconf 88' lang='lat' dir='ltr'>vero</span> <span class='ocrx_word' id='word_1_179' title='bbox 651 2050 848 2125; x_wconf 78' lang='lat' dir='ltr'>probat</span> <span class='ocrx_word' id='word_1_180' title='bbox 872 2051 1136 2121; x_wconf 83' lang='lat' dir='ltr'>majorem</span> <span class='ocrx_word' id='word_1_181' title='bbox 1158 2058 1431 2121; x_wconf 79' lang='lat' dir='ltr'>quantum</span> <span class='ocrx_word' id='word_1_182' title='bbox 1460 2051 1527 2105; x_wconf 88' lang='lat' dir='ltr'>ad</span> <span class='ocrx_word' id='word_1_183' title='bbox 1556 2051 1609 2105; x_wconf 93' lang='lat' dir='ltr'>id</span> <span class='ocrx_word' id='word_1_184' title='bbox 1631 2053 1775 2124; x_wconf 88' lang='lat' dir='ltr'>quod</span> <span class='ocrx_word' id='word_1_185' title='bbox 1806 2052 1955 2111; x_wconf 85' lang='lat' dir='ltr'>circa</span> <span class='ocrx_word' id='word_1_186' title='bbox 1984 2073 2103 2112; x_wconf 87' lang='lat' dir='ltr'>eam</span> <span class='ocrx_word' id='word_1_187' title='bbox 2134 2066 2295 2130; x_wconf 65' lang='lat' dir='ltr'>pote..</span> 
     </span>
     <span class='ocr_line' id='line_1_21' title="bbox 272 2137 2292 2215; baseline 0.002 -15"><span class='ocrx_word' id='word_1_188' title='bbox 272 2151 368 2200; x_wconf 73' lang='lat' dir='ltr'>rat</span> <span class='ocrx_word' id='word_1_189' title='bbox 397 2158 522 2198; x_wconf 86' lang='lat' dir='ltr'>esse</span> <span class='ocrx_word' id='word_1_190' title='bbox 562 2139 810 2209; x_wconf 80' lang='lat' dir='ltr'>dubium,</span> <span class='ocrx_word' id='word_1_191' title='bbox 843 2138 964 2193; x_wconf 87' lang='lat' dir='ltr'>ibi:</span> <span class='ocrx_word' id='word_1_192' title='bbox 997 2157 1022 2190; x_wconf 76' lang='grc' dir='ltr'><strong>α</strong></span> <span class='ocrx_word' id='word_1_193' title='bbox 1051 2137 1154 2193; x_wconf 90' lang='lat' dir='ltr'>Sed</span> <span class='ocrx_word' id='word_1_194' title='bbox 1203 2153 1431 2194; x_wconf 89' lang='lat' dir='ltr'>numero</span> <span class='ocrx_word' id='word_1_195' title='bbox 1472 2139 1855 2198; x_wconf 73' lang='lat' dir='ltr'>differentiam.</span> <span class='ocrx_word' id='word_1_196' title='bbox 1894 2162 1919 2195; x_wconf 86' lang='lat'>»</span> <span class='ocrx_word' id='word_1_197' title='bbox 1946 2143 2103 2215; x_wconf 83' lang='lat' dir='ltr'>Quod</span> <span class='ocrx_word' id='word_1_198' title='bbox 2147 2149 2292 2205; x_wconf 81' lang='lat' dir='ltr'>e&#39;nim</span> 
     </span>
     <span class='ocr_line' id='line_1_22' title="bbox 272 2225 2294 2308; baseline 0.003 -22"><span class='ocrx_word' id='word_1_199' title='bbox 272 2229 621 2292; x_wconf 74' lang='lat' dir='ltr'>diversitatis</span> <span class='ocrx_word' id='word_1_200' title='bbox 649 2228 864 2284; x_wconf 75' lang='lat' dir='ltr'>illorum</span> <span class='ocrx_word' id='word_1_201' title='bbox 893 2241 1018 2299; x_wconf 84' lang='lat' dir='ltr'>quae</span> <span class='ocrx_word' id='word_1_202' title='bbox 1050 2232 1176 2282; x_wconf 75' lang='lat' dir='ltr'>sunt</span> <span class='ocrx_word' id='word_1_203' title='bbox 1218 2225 1437 2282; x_wconf 88' lang='lat' dir='ltr'>diversa</span> <span class='ocrx_word' id='word_1_204' title='bbox 1476 2243 1691 2299; x_wconf 87' lang='lat' dir='ltr'>genere,</span> <span class='ocrx_word' id='word_1_205' title='bbox 1722 2230 1809 2286; x_wconf 88' lang='lat' dir='ltr'>vel</span> <span class='ocrx_word' id='word_1_206' title='bbox 1857 2235 2038 2304; x_wconf 85' lang='lat' dir='ltr'>specie</span> <span class='ocrx_word' id='word_1_207' title='bbox 2084 2237 2294 2308; x_wconf 90' lang='lat' dir='ltr'>princi-</span> 
     </span>
     <span class='ocr_line' id='line_1_23' title="bbox 273 2315 2294 2396; baseline 0.003 -20"><span class='ocrx_word' id='word_1_208' title='bbox 273 2323 434 2396; x_wconf 89' lang='lat' dir='ltr'>pium</span> <span class='ocrx_word' id='word_1_209' title='bbox 461 2321 532 2374; x_wconf 81' lang='lat' dir='ltr'>sit</span> <span class='ocrx_word' id='word_1_210' title='bbox 561 2319 742 2391; x_wconf 87' lang='lat' dir='ltr'>aliqua</span> <span class='ocrx_word' id='word_1_211' title='bbox 767 2316 1032 2382; x_wconf 61' lang='lat' dir='ltr'>alteritas»,</span> <span class='ocrx_word' id='word_1_212' title='bbox 1060 2315 1414 2372; x_wconf 82' lang='lat' dir='ltr'>manifestum</span> <span class='ocrx_word' id='word_1_213' title='bbox 1444 2325 1527 2372; x_wconf 84' lang='grc' dir='ltr'>εει</span> <span class='ocrx_word' id='word_1_214' title='bbox 1550 2333 1619 2372; x_wconf 88' lang='lat' dir='ltr'>ex</span> <span class='ocrx_word' id='word_1_215' title='bbox 1663 2317 1780 2389; x_wconf 89' lang='lat' dir='ltr'>ipso</span> <span class='ocrx_word' id='word_1_216' title='bbox 1810 2323 2047 2378; x_wconf 88' lang='lat' dir='ltr'>nomine.</span> <span class='ocrx_word' id='word_1_217' title='bbox 2075 2325 2155 2379; x_wconf 87' lang='lat' dir='ltr'>Ex</span> <span class='ocrx_word' id='word_1_218' title='bbox 2190 2325 2294 2384; x_wconf 86' lang='lat' dir='ltr'>hoc</span> 
     </span>
     <span class='ocr_line' id='line_1_24' title="bbox 275 2402 2295 2478; baseline 0.002 -13"><span class='ocrx_word' id='word_1_219' title='bbox 275 2411 428 2465; x_wconf 89' lang='lat' dir='ltr'>enim</span> <span class='ocrx_word' id='word_1_220' title='bbox 453 2406 637 2478; x_wconf 85' lang='lat' dir='ltr'>aliqua</span> <span class='ocrx_word' id='word_1_221' title='bbox 665 2411 794 2461; x_wconf 81' lang='lat' dir='ltr'>sunt</span> <span class='ocrx_word' id='word_1_222' title='bbox 821 2404 1039 2459; x_wconf 85' lang='lat' dir='ltr'>diversa</span> <span class='ocrx_word' id='word_1_223' title='bbox 1068 2418 1285 2474; x_wconf 85' lang='lat' dir='ltr'>genere,</span> <span class='ocrx_word' id='word_1_224' title='bbox 1311 2402 1455 2474; x_wconf 87' lang='lat' dir='ltr'>quod</span> <span class='ocrx_word' id='word_1_225' title='bbox 1496 2410 1580 2458; x_wconf 83' lang='lat' dir='ltr'>est</span> <span class='ocrx_word' id='word_1_226' title='bbox 1612 2405 1691 2460; x_wconf 85' lang='lat' dir='ltr'>eis</span> <span class='ocrx_word' id='word_1_227' title='bbox 1716 2421 1889 2476; x_wconf 85' lang='lat' dir='ltr'>genus</span> <span class='ocrx_word' id='word_1_228' title='bbox 1925 2409 2159 2466; x_wconf 81' lang='lat' dir='ltr'>alterum</span> <span class='ocrx_word' id='word_1_229' title='bbox 2192 2430 2204 2467; x_wconf 79' lang='lat' dir='ltr'><strong><em>z</em></strong></span> <span class='ocrx_word' id='word_1_230' title='bbox 2239 2421 2295 2469; x_wconf 81' lang='grc' dir='ltr'>ει</span> 
     </span>
     <span class='ocr_line' id='line_1_25' title="bbox 275 2491 2291 2568; baseline 0 -14"><span class='ocrx_word' id='word_1_231' title='bbox 275 2500 502 2555; x_wconf 85' lang='lat' dir='ltr'>diversa</span> <span class='ocrx_word' id='word_1_232' title='bbox 540 2493 740 2568; x_wconf 86' lang='lat' dir='ltr'>specie,</span> <span class='ocrx_word' id='word_1_233' title='bbox 770 2492 917 2566; x_wconf 91' lang='lat' dir='ltr'>quod</span> <span class='ocrx_word' id='word_1_234' title='bbox 964 2492 1064 2547; x_wconf 88' lang='lat' dir='ltr'>sub</span> <span class='ocrx_word' id='word_1_235' title='bbox 1104 2491 1278 2562; x_wconf 80' lang='lat' dir='ltr'>altera</span> <span class='ocrx_word' id='word_1_236' title='bbox 1318 2491 1502 2563; x_wconf 83' lang='lat' dir='ltr'>specie</span> <span class='ocrx_word' id='word_1_237' title='bbox 1552 2491 1921 2548; x_wconf 70' lang='lat' dir='ltr'>continentur.</span> <span class='ocrx_word' id='word_1_238' title='bbox 1962 2496 2066 2551; x_wconf 92' lang='lat' dir='ltr'>Sed</span> <span class='ocrx_word' id='word_1_239' title='bbox 2110 2499 2164 2552; x_wconf 88' lang='lat' dir='ltr'>in</span> <span class='ocrx_word' id='word_1_240' title='bbox 2206 2501 2291 2556; x_wconf 85' lang='lat' dir='ltr'>his</span> 
     </span>
     <span class='ocr_line' id='line_1_26' title="bbox 276 2579 2291 2662; baseline 0.001 -20"><span class='ocrx_word' id='word_1_241' title='bbox 276 2603 408 2662; x_wconf 87' lang='lat' dir='ltr'>quae</span> <span class='ocrx_word' id='word_1_242' title='bbox 451 2585 710 2640; x_wconf 85' lang='lat' dir='ltr'>dicuntur</span> <span class='ocrx_word' id='word_1_243' title='bbox 760 2595 880 2636; x_wconf 82' lang='lat' dir='ltr'>esse</span> <span class='ocrx_word' id='word_1_244' title='bbox 922 2579 1136 2636; x_wconf 84' lang='lat' dir='ltr'>diversa</span> <span class='ocrx_word' id='word_1_245' title='bbox 1171 2593 1417 2645; x_wconf 90' lang='lat' dir='ltr'>numero,</span> <span class='ocrx_word' id='word_1_246' title='bbox 1444 2594 1551 2634; x_wconf 92' lang='lat' dir='ltr'>non</span> <span class='ocrx_word' id='word_1_247' title='bbox 1581 2586 1663 2634; x_wconf 88' lang='grc' dir='ltr'>εει</span> <span class='ocrx_word' id='word_1_248' title='bbox 1700 2580 2050 2638; x_wconf 78' lang='lat' dir='ltr'>manifestum</span> <span class='ocrx_word' id='word_1_249' title='bbox 2080 2601 2145 2640; x_wconf 89' lang='lat' dir='ltr'>ex</span> <span class='ocrx_word' id='word_1_250' title='bbox 2171 2587 2291 2662; x_wconf 81' lang='lat' dir='ltr'>ipso</span> 
     </span>
     <span class='ocr_line' id='line_1_27' title="bbox 279 2667 2290 2744; baseline 0.001 -12"><span class='ocrx_word' id='word_1_251' title='bbox 279 2676 510 2740; x_wconf 83' lang='lat' dir='ltr'>nomine</span> <span class='ocrx_word' id='word_1_252' title='bbox 557 2671 702 2744; x_wconf 86' lang='lat' dir='ltr'>quod</span> <span class='ocrx_word' id='word_1_253' title='bbox 741 2670 924 2742; x_wconf 83' lang='lat' dir='ltr'>aliqua</span> <span class='ocrx_word' id='word_1_254' title='bbox 966 2667 1215 2724; x_wconf 69' lang='lat' dir='ltr'>alteritas</span> <span class='ocrx_word' id='word_1_255' title='bbox 1254 2667 1328 2722; x_wconf 80' lang='lat' dir='ltr'>sit</span> <span class='ocrx_word' id='word_1_256' title='bbox 1371 2667 1697 2740; x_wconf 88' lang='lat' dir='ltr'>principium</span> <span class='ocrx_word' id='word_1_257' title='bbox 1744 2669 2093 2742; x_wconf 69' lang='lat' dir='ltr'>pluralitatiS,</span> <span class='ocrx_word' id='word_1_258' title='bbox 2124 2675 2290 2734; x_wconf 86' lang='lat' dir='ltr'>immo</span> 
     </span>
     <span class='ocr_line' id='line_1_28' title="bbox 280 2755 2291 2839; baseline 0 -18"><span class='ocrx_word' id='word_1_259' title='bbox 280 2766 504 2821; x_wconf 79' lang='lat' dir='ltr'>videtur</span> <span class='ocrx_word' id='word_1_260' title='bbox 529 2760 704 2831; x_wconf 83' lang='lat' dir='ltr'>magis</span> <span class='ocrx_word' id='word_1_261' title='bbox 732 2775 762 2813; x_wconf 88' lang='lat' dir='ltr'>e</span> <span class='ocrx_word' id='word_1_262' title='bbox 786 2772 1050 2814; x_wconf 83' lang='lat' dir='ltr'>converso</span> <span class='ocrx_word' id='word_1_263' title='bbox 1077 2755 1376 2812; x_wconf 86' lang='lat' dir='ltr'>secundum</span> <span class='ocrx_word' id='word_1_264' title='bbox 1420 2771 1634 2823; x_wconf 88' lang='lat' dir='ltr'>nomen,</span> <span class='ocrx_word' id='word_1_265' title='bbox 1663 2759 1807 2830; x_wconf 86' lang='lat' dir='ltr'>quod</span> <span class='ocrx_word' id='word_1_266' title='bbox 1844 2759 2131 2832; x_wconf 80' lang='lat' dir='ltr'>pluralitas</span> <span class='ocrx_word' id='word_1_267' title='bbox 2168 2782 2291 2839; x_wconf 84' lang='lat' dir='ltr'>quae</span> 
     </span>
     <span class='ocr_line' id='line_1_29' title="bbox 277 2843 2291 2918; baseline 0.001 -9"><span class='ocrx_word' id='word_1_268' title='bbox 277 2857 336 2909; x_wconf 90' lang='lat' dir='ltr'>in</span> <span class='ocrx_word' id='word_1_269' title='bbox 365 2864 599 2908; x_wconf 89' lang='lat' dir='ltr'>numero</span> <span class='ocrx_word' id='word_1_270' title='bbox 623 2847 959 2918; x_wconf 77' lang='lat' dir='ltr'>designatur,</span> <span class='ocrx_word' id='word_1_271' title='bbox 989 2843 1062 2900; x_wconf 77' lang='grc' dir='ltr'>εἰι</span> <span class='ocrx_word' id='word_1_272' title='bbox 1089 2843 1415 2916; x_wconf 87' lang='lat' dir='ltr'>principium</span> <span class='ocrx_word' id='word_1_273' title='bbox 1440 2843 1795 2913; x_wconf 76' lang='grc' dir='ltr'><strong>ᾱίνειείιειίε,</strong></span> <span class='ocrx_word' id='word_1_274' title='bbox 1827 2863 1950 2904; x_wconf 87' lang='lat' dir='ltr'>cum</span> <span class='ocrx_word' id='word_1_275' title='bbox 1980 2852 2059 2907; x_wconf 81' lang='lat' dir='ltr'>ita</span> <span class='ocrx_word' id='word_1_276' title='bbox 2098 2853 2291 2910; x_wconf 89' lang='lat' dir='ltr'>dican-</span> 
     </span>
     <span class='ocr_line' id='line_1_30' title="bbox 280 2932 2289 3012; baseline 0.001 -15"><span class='ocrx_word' id='word_1_277' title='bbox 280 2949 373 2997; x_wconf 81' lang='grc' dir='ltr'><strong>ιιιι·</strong></span> <span class='ocrx_word' id='word_1_278' title='bbox 397 2953 526 2995; x_wconf 85' lang='grc' dir='ltr'><strong>εεεε</strong></span> <span class='ocrx_word' id='word_1_279' title='bbox 567 2935 754 3008; x_wconf 82' lang='lat' dir='ltr'>aliqua</span> <span class='ocrx_word' id='word_1_280' title='bbox 789 2934 1004 2996; x_wconf 76' lang='lat' dir='ltr'>diversa</span> <span class='ocrx_word' id='word_1_281' title='bbox 1049 2947 1276 2998; x_wconf 67' lang='lat' dir='ltr'>numero</span> <span class='ocrx_word' id='word_1_282' title='bbox 1311 2932 1611 2988; x_wconf 84' lang='lat' dir='ltr'>secundum</span> <span class='ocrx_word' id='word_1_283' title='bbox 1650 2949 1865 3004; x_wconf 90' lang='lat' dir='ltr'>nomen,</span> <span class='ocrx_word' id='word_1_284' title='bbox 1897 2937 2039 2994; x_wconf 68' lang='lat' dir='ltr'>sieut.</span> <span class='ocrx_word' id='word_1_285' title='bbox 2074 2957 2289 3012; x_wconf 84' lang='lat' dir='ltr'>genere,</span> 
     </span>
     <span class='ocr_line' id='line_1_31' title="bbox 277 3020 2295 3101; baseline -0.001 -14"><span class='ocrx_word' id='word_1_286' title='bbox 277 3030 369 3088; x_wconf 85' lang='lat' dir='ltr'>vel</span> <span class='ocrx_word' id='word_1_287' title='bbox 400 3027 589 3101; x_wconf 83' lang='lat' dir='ltr'>specie</span> <span class='ocrx_word' id='word_1_288' title='bbox 620 3043 633 3080; x_wconf 91' lang='lat'>:</span> <span class='ocrx_word' id='word_1_289' title='bbox 665 3033 721 3080; x_wconf 82' lang='grc' dir='ltr'>ει</span> <span class='ocrx_word' id='word_1_290' title='bbox 761 3023 886 3078; x_wconf 87' lang='lat' dir='ltr'>ideo</span> <span class='ocrx_word' id='word_1_291' title='bbox 917 3022 982 3078; x_wconf 90' lang='lat' dir='ltr'>ad</span> <span class='ocrx_word' id='word_1_292' title='bbox 1020 3020 1411 3080; x_wconf 70' lang='lat' dir='ltr'>verificandum</span> <span class='ocrx_word' id='word_1_293' title='bbox 1433 3022 1695 3093; x_wconf 87' lang='lat' dir='ltr'>maj0rem</span> <span class='ocrx_word' id='word_1_294' title='bbox 1734 3023 1817 3078; x_wconf 88' lang='lat' dir='ltr'>sui</span> <span class='ocrx_word' id='word_1_295' title='bbox 1856 3025 2171 3099; x_wconf 83' lang='lat' dir='ltr'>syllogismi,</span> <span class='ocrx_word' id='word_1_296' title='bbox 2201 3046 2295 3087; x_wconf 86' lang='lat' dir='ltr'>os·</span> 
     </span>
     <span class='ocr_line' id='line_1_32' title="bbox 259 3106 2295 3190; baseline 0 -17"><span class='ocrx_word' id='word_1_297' title='bbox 259 3116 468 3184; x_wconf 70' lang='lat' dir='ltr'>‚tendit</span> <span class='ocrx_word' id='word_1_298' title='bbox 496 3113 644 3188; x_wconf 88' lang='lat' dir='ltr'>quod</span> <span class='ocrx_word' id='word_1_299' title='bbox 671 3112 814 3168; x_wconf 80' lang='lat' dir='ltr'>hane</span> <span class='ocrx_word' id='word_1_300' title='bbox 846 3109 1015 3166; x_wconf 76' lang='lat' dir='ltr'>etiam</span> <span class='ocrx_word' id='word_1_301' title='bbox 1043 3108 1411 3190; x_wconf 77' lang='lat' dir='ltr'>differentiam</span> <span class='ocrx_word' id='word_1_302' title='bbox 1435 3123 1545 3179; x_wconf 84' lang='lat' dir='ltr'>qua</span> <span class='ocrx_word' id='word_1_303' title='bbox 1573 3106 1758 3181; x_wconf 86' lang='lat' dir='ltr'>aliqua</span> <span class='ocrx_word' id='word_1_304' title='bbox 1795 3111 2053 3168; x_wconf 79' lang='lat' dir='ltr'>dicuntur</span> <span class='ocrx_word' id='word_1_305' title='bbox 2078 3113 2295 3176; x_wconf 83' lang='lat' dir='ltr'>differre</span> 
     </span>
     <span class='ocr_line' id='line_1_33' title="bbox 265 3195 2297 3276; baseline 0.001 -16"><span class='ocrx_word' id='word_1_306' title='bbox 265 3219 540 3270; x_wconf 72' lang='lat' dir='ltr'>,numen-0,</span> <span class='ocrx_word' id='word_1_307' title='bbox 569 3201 700 3258; x_wconf 76' lang='lat' dir='ltr'>facit</span> <span class='ocrx_word' id='word_1_308' title='bbox 727 3199 913 3271; x_wconf 85' lang='lat' dir='ltr'>aliqua</span> <span class='ocrx_word' id='word_1_309' title='bbox 942 3197 1204 3262; x_wconf 68' lang='lat' dir='ltr'>alteritas„</span> <span class='ocrx_word' id='word_1_310' title='bbox 1230 3195 1346 3252; x_wconf 87' lang='lat' dir='ltr'>sive</span> <span class='ocrx_word' id='word_1_311' title='bbox 1369 3196 1609 3252; x_wconf 82' lang='lat' dir='ltr'>varietas</span> <span class='ocrx_word' id='word_1_312' title='bbox 1638 3214 1651 3251; x_wconf 73' lang='grc' dir='ltr'>ι</span> <span class='ocrx_word' id='word_1_313' title='bbox 1680 3198 1825 3274; x_wconf 88' lang='lat' dir='ltr'>quod</span> <span class='ocrx_word' id='word_1_314' title='bbox 1853 3199 2047 3271; x_wconf 77' lang='lat' dir='ltr'>probat</span> <span class='ocrx_word' id='word_1_315' title='bbox 2073 3219 2171 3276; x_wconf 90' lang='lat' dir='ltr'>per</span> <span class='ocrx_word' id='word_1_316' title='bbox 2194 3205 2297 3262; x_wconf 83' lang='lat' dir='ltr'>hoe</span> 
     </span>
     <span class='ocr_line' id='line_1_34' title="bbox 269 3273 2297 3371; baseline 0 -21"><span class='ocrx_word' id='word_1_317' title='bbox 269 3275 437 3371; x_wconf 52' lang='lat' dir='ltr'>&#39;qued</span> <span class='ocrx_word' id='word_1_318' title='bbox 467 3292 526 3346; x_wconf 89' lang='lat' dir='ltr'>in</span> <span class='ocrx_word' id='word_1_319' title='bbox 556 3289 730 3346; x_wconf 84' lang='lat' dir='ltr'>tribus</span> <span class='ocrx_word' id='word_1_320' title='bbox 749 3285 1059 3343; x_wconf 84' lang='lat' dir='ltr'>hominibus</span> <span class='ocrx_word' id='word_1_321' title='bbox 1087 3273 1182 3358; x_wconf 59' lang='lat' dir='ltr'>&#39;qui</span> <span class='ocrx_word' id='word_1_322' title='bbox 1209 3285 1543 3340; x_wconf 80' lang='lat' dir='ltr'>conveniunt</span> <span class='ocrx_word' id='word_1_323' title='bbox 1572 3301 1769 3356; x_wconf 84' lang='lat' dir='ltr'>genere</span> <span class='ocrx_word' id='word_1_324' title='bbox 1796 3294 1850 3342; x_wconf 83' lang='grc' dir='ltr'>ει</span> <span class='ocrx_word' id='word_1_325' title='bbox 1878 3291 2079 3362; x_wconf 84' lang='lat' dir='ltr'>speeie,</span> <span class='ocrx_word' id='word_1_326' title='bbox 2102 3300 2158 3350; x_wconf 85' lang='grc' dir='ltr'>ει</span> <span class='ocrx_word' id='word_1_327' title='bbox 2186 3295 2297 3350; x_wconf 81' lang='lat' dir='ltr'>dis-</span> 
     </span>
     <span class='ocr_line' id='line_1_35' title="bbox 281 3371 2299 3446; baseline 0 -6"><span class='ocrx_word' id='word_1_328' title='bbox 281 3384 474 3441; x_wconf 84' lang='lat' dir='ltr'>serunt</span> <span class='ocrx_word' id='word_1_329' title='bbox 505 3393 751 3446; x_wconf 85' lang='lat' dir='ltr'>numere,</span> <span class='ocrx_word' id='word_1_330' title='bbox 783 3375 1129 3432; x_wconf 83' lang='lat' dir='ltr'>inveniuntur</span> <span class='ocrx_word' id='word_1_331' title='bbox 1159 3372 1332 3429; x_wconf 83' lang='lat' dir='ltr'>altera</span> <span class='ocrx_word' id='word_1_332' title='bbox 1366 3371 1691 3440; x_wconf 76' lang='lat' dir='ltr'>accidentia,</span> <span class='ocrx_word' id='word_1_333' title='bbox 1716 3373 1859 3432; x_wconf 77' lang='lat' dir='ltr'>sieut</span> <span class='ocrx_word' id='word_1_334' title='bbox 1900 3379 1957 3432; x_wconf 91' lang='lat' dir='ltr'>in</span> <span class='ocrx_word' id='word_1_335' title='bbox 1998 3377 2214 3438; x_wconf 88' lang='lat' dir='ltr'>homine</span> <span class='ocrx_word' id='word_1_336' title='bbox 2241 3393 2299 3442; x_wconf 87' lang='grc' dir='ltr'>ει</span> 
     </span>
     <span class='ocr_line' id='line_1_36' title="bbox 281 3449 2301 3541; baseline -0.002 -12"><span class='ocrx_word' id='word_1_337' title='bbox 281 3476 430 3529; x_wconf 83' lang='lat' dir='ltr'>bove</span> <span class='ocrx_word' id='word_1_338' title='bbox 451 3467 663 3541; x_wconf 85' lang='lat' dir='ltr'>species</span> <span class='ocrx_word' id='word_1_339' title='bbox 691 3465 884 3534; x_wconf 78' lang='lat' dir='ltr'>altera,</span> <span class='ocrx_word' id='word_1_340' title='bbox 913 3471 968 3518; x_wconf 92' lang='grc' dir='ltr'>ει</span> <span class='ocrx_word' id='word_1_341' title='bbox 996 3464 1052 3518; x_wconf 91' lang='lat' dir='ltr'>in</span> <span class='ocrx_word' id='word_1_342' title='bbox 1089 3449 1306 3518; x_wconf 77' lang='lat' dir='ltr'>homine</span> <span class='ocrx_word' id='word_1_343' title='bbox 1343 3469 1401 3518; x_wconf 89' lang='grc' dir='ltr'>ει</span> <span class='ocrx_word' id='word_1_344' title='bbox 1446 3461 1625 3534; x_wconf 88' lang='lat' dir='ltr'>lapide</span> <span class='ocrx_word' id='word_1_345' title='bbox 1654 3479 1825 3536; x_wconf 83' lang='lat' dir='ltr'>genus</span> <span class='ocrx_word' id='word_1_346' title='bbox 1862 3466 2115 3526; x_wconf 76' lang='lat' dir='ltr'>alterum.</span> <span class='ocrx_word' id='word_1_347' title='bbox 2147 3473 2301 3529; x_wconf 85' lang='lat' dir='ltr'>Unde</span> 
     </span>
     <span class='ocr_line' id='line_1_37' title="bbox 283 3549 2299 3623; baseline -0.001 -6"><span class='ocrx_word' id='word_1_348' title='bbox 283 3561 435 3617; x_wconf 81' lang='lat' dir='ltr'>sieut</span> <span class='ocrx_word' id='word_1_349' title='bbox 465 3557 626 3612; x_wconf 88' lang='lat' dir='ltr'>homo</span> <span class='ocrx_word' id='word_1_350' title='bbox 651 3564 706 3610; x_wconf 84' lang='grc' dir='ltr'>ει</span> <span class='ocrx_word' id='word_1_351' title='bbox 733 3553 832 3608; x_wconf 85' lang='lat' dir='ltr'>bos</span> <span class='ocrx_word' id='word_1_352' title='bbox 855 3552 1063 3608; x_wconf 74' lang='lat' dir='ltr'>distant</span> <span class='ocrx_word' id='word_1_353' title='bbox 1085 3550 1286 3623; x_wconf 73' lang='lat' dir='ltr'>speeie,</span> <span class='ocrx_word' id='word_1_354' title='bbox 1307 3550 1383 3606; x_wconf 77' lang='lat' dir='ltr'>ita</span> <span class='ocrx_word' id='word_1_355' title='bbox 1413 3549 1521 3608; x_wconf 90' lang='lat' dir='ltr'>duo</span> <span class='ocrx_word' id='word_1_356' title='bbox 1543 3549 1791 3608; x_wconf 87' lang='lat' dir='ltr'>homines</span> <span class='ocrx_word' id='word_1_357' title='bbox 1811 3551 2017 3614; x_wconf 78' lang='lat' dir='ltr'>distant</span> <span class='ocrx_word' id='word_1_358' title='bbox 2046 3559 2299 3616; x_wconf 83' lang='lat' dir='ltr'>acciden-</span> 
     </span>
     <span class='ocr_line' id='line_1_38' title="bbox 267 3625 2300 3718; baseline -0.001 -14"><span class='ocrx_word' id='word_1_359' title='bbox 267 3633 462 3704; x_wconf 56' lang='lat' dir='ltr'>&#39;tibua</span> <span class='ocrx_word' id='word_1_360' title='bbox 482 3646 550 3701; x_wconf 88' lang='grc' dir='ltr'>Ει</span> <span class='ocrx_word' id='word_1_361' title='bbox 569 3631 697 3718; x_wconf 79' lang='lat' dir='ltr'>quia</span> <span class='ocrx_word' id='word_1_362' title='bbox 726 3657 852 3715; x_wconf 77' lang='lat' dir='ltr'>poss</span> <span class='ocrx_word' id='word_1_363' title='bbox 831 3646 911 3696; x_wconf 87' lang='grc' dir='ltr'>ει</span> <span class='ocrx_word' id='word_1_364' title='bbox 940 3637 1138 3712; x_wconf 82' lang='lat' dir='ltr'>aliquis</span> <span class='ocrx_word' id='word_1_365' title='bbox 1161 3625 1342 3696; x_wconf 83' lang='lat' dir='ltr'>dicere</span> <span class='ocrx_word' id='word_1_366' title='bbox 1365 3640 1514 3713; x_wconf 90' lang='lat' dir='ltr'>quod</span> <span class='ocrx_word' id='word_1_367' title='bbox 1534 3641 1774 3697; x_wconf 76' lang='lat' dir='ltr'>varietas</span> <span class='ocrx_word' id='word_1_368' title='bbox 1802 3645 2169 3700; x_wconf 75' lang='lat' dir='ltr'>accidentium</span> <span class='ocrx_word' id='word_1_369' title='bbox 2197 3663 2300 3703; x_wconf 89' lang='lat' dir='ltr'>non</span> 
     </span>
     <span class='ocr_line' id='line_1_39' title="bbox 289 3717 2303 3808; baseline -0.002 -16"><span class='ocrx_word' id='word_1_370' title='bbox 289 3745 376 3793; x_wconf 75' lang='grc' dir='ltr'>εει</span> <span class='ocrx_word' id='word_1_371' title='bbox 399 3750 570 3792; x_wconf 82' lang='lat' dir='ltr'>causa</span> <span class='ocrx_word' id='word_1_372' title='bbox 594 3717 930 3808; x_wconf 77' lang='lat' dir='ltr'>pluralitatis</span> <span class='ocrx_word' id='word_1_373' title='bbox 957 3727 1255 3788; x_wconf 85' lang='lat' dir='ltr'>secundum</span> <span class='ocrx_word' id='word_1_374' title='bbox 1284 3743 1591 3796; x_wconf 90' lang='lat' dir='ltr'>numerum,</span> <span class='ocrx_word' id='word_1_375' title='bbox 1622 3729 1753 3802; x_wconf 87' lang='lat' dir='ltr'>quia</span> <span class='ocrx_word' id='word_1_376' title='bbox 1786 3733 2011 3788; x_wconf 80' lang='lat' dir='ltr'>remotis</span> <span class='ocrx_word' id='word_1_377' title='bbox 2046 3733 2303 3789; x_wconf 85' lang='lat' dir='ltr'>acciden-</span> 
     </span>
     <span class='ocr_line' id='line_1_40' title="bbox 291 3813 2307 3892; baseline -0.001 -10"><span class='ocrx_word' id='word_1_378' title='bbox 291 3825 447 3882; x_wconf 82' lang='lat' dir='ltr'>tibus</span> <span class='ocrx_word' id='word_1_379' title='bbox 473 3822 557 3879; x_wconf 81' lang='lat' dir='ltr'>vel</span> <span class='ocrx_word' id='word_1_380' title='bbox 586 3819 891 3884; x_wconf 85' lang='lat' dir='ltr'>secundum</span> <span class='ocrx_word' id='word_1_381' title='bbox 919 3813 1055 3882; x_wconf 81' lang='lat' dir='ltr'>rem,</span> <span class='ocrx_word' id='word_1_382' title='bbox 1086 3823 1146 3872; x_wconf 87' lang='grc' dir='ltr'>ιιι</span> <span class='ocrx_word' id='word_1_383' title='bbox 1183 3815 1619 3887; x_wconf 79' lang='lat' dir='ltr'>separabilibus.</span> <span class='ocrx_word' id='word_1_384' title='bbox 1646 3817 1732 3877; x_wconf 82' lang='lat' dir='ltr'>vel</span> <span class='ocrx_word' id='word_1_385' title='bbox 1767 3820 1948 3876; x_wconf 85' lang='lat' dir='ltr'>animo</span> <span class='ocrx_word' id='word_1_386' title='bbox 1996 3827 2051 3875; x_wconf 84' lang='grc' dir='ltr'>ει</span> <span class='ocrx_word' id='word_1_387' title='bbox 2090 3823 2307 3892; x_wconf 80' lang='lat' dir='ltr'>cogita-</span> 
     </span>
     <span class='ocr_line' id='line_1_41' title="bbox 293 3898 2307 3998; baseline 0 -29"><span class='ocrx_word' id='word_1_388' title='bbox 293 3923 465 3982; x_wconf 71' lang='lat' dir='ltr'>none,</span> <span class='ocrx_word' id='word_1_389' title='bbox 483 3919 544 3970; x_wconf 90' lang='grc' dir='ltr'>ιιι</span> <span class='ocrx_word' id='word_1_390' title='bbox 568 3898 1053 3998; x_wconf 66' lang='lat' dir='ltr'>inseparabilibus,</span> <span class='ocrx_word' id='word_1_391' title='bbox 1073 3901 1252 3964; x_wconf 85' lang='lat' dir='ltr'>adhuc</span> <span class='ocrx_word' id='word_1_392' title='bbox 1277 3912 1523 3996; x_wconf 79' lang='lat' dir='ltr'>remanet</span> <span class='ocrx_word' id='word_1_393' title='bbox 1546 3905 1852 3996; x_wconf 75' lang='lat' dir='ltr'>substantia</span> <span class='ocrx_word' id='word_1_394' title='bbox 1870 3923 1995 3968; x_wconf 86' lang='lat' dir='ltr'>cum</span> <span class='ocrx_word' id='word_1_395' title='bbox 2024 3909 2307 3972; x_wconf 72' lang='lat' dir='ltr'>accidente</span> 
     </span>
    </p>
   </div>
  </div>
 </body>
</html>
