2800 4492
490 307 610 371 430
645 282 651 290 ’
965 324 1020 372 s.
1063 324 1299 376 moun
1337 277 1669 378 atomum-rs
1682 320 1689 326 ’
1704 323 2024 382 ornacum

491 441 727 500 veritate
749 439 1003 500 humanae
1029 441 1260 510 nat-urm,
1291 449 1377 500 est
1403 459 1533 500 caro
1557 443 1643 500 vel
1682 457 1747 502 os
1772 442 2073 506 secundum
2100 440 2366 514 speciem.
2399 440 2521 500 Sed

493 528 811 587 alimentum
840 547 946 588 non
970 533 1312 589 convertitur
1342 534 1398 588 in
1426 533 1478 588 id
1512 534 1656 606 quod
1684 541 1768 588 est
1795 531 2382 604 secundumtspeciem,
2410 533 2517 590 sed

490 614 546 674 in
571 616 626 672 id
652 618 798 691 quod
823 624 907 674 est
935 620 1235 686 secundum
1266 621 1576 686 materiam,
1608 629 1670 677 ut
1698 620 1917 677 videtur
1944 620 2127 676 dicere
2152 620 2517 692 Philosophus

493 705 549 761 in
577 707 600 762 1
629 707 696 762 de
719 707 1086 764 Generatione
1113 709 1269 780 (text.
1303 725 1447 766 com.
1474 711 1584 780 35).
1611 709 1753 780 Ergo
1782 708 2103 809 alimentum
2142 723 2247 765 non
2272 725 2512 766 couver-

495 794 631 852 titur
661 797 714 851 in
741 798 1029 853 veritatem
1053 797 1309 856 humanae
1337 805 1571 856 naturae.
1978 813 1987 822 ’
2108 819 2115 828 ·

566 890 617 942 2.
660 887 950 956 Praeterea,
982 886 1038 942 id
1066 887 1209 958 quod
1249 897 1332 944 est
1372 888 1441 944 de
1481 886 1713 944 veritate
1742 887 1995 946 liumanae
2030 895 2262 957 naturae,
2292 892 2515 958 oportet

498 973 641 1046 quod
669 990 882 1046 semper
912 975 966 1029 in
995 974 1212 1030 homine
1241 982 1495 1044 maneat;
1527 975 1664 1032 alias
1691 991 1795 1032 non
1833 984 2141 1032 remaneret
2170 977 2331 1039 homo
2363 975 2513 1030 idem

499 1077 742 1118 numero·
769 1063 873 1120 Sed
899 1061 1027 1119 illud
1050 1063 1195 1137 quod
1221 1073 1516 1135 generatur
1542 1080 1610 1120 ex
1635 1063 1912 1131 alimento,
1938 1081 2045 1120 non
2064 1081 2279 1138 semper
2300 1070 2512 1131 manet,

499 1151 665 1208 immo
696 1153 814 1209 fluit
853 1158 910 1208 et
955 1152 1155 1218 refluit,
1199 1160 1260 1208 ut
1288 1160 1443 1225 patet
1474 1169 1540 1208 ex
1583 1154 1605 1208 1
1641 1154 1710 1209 de
1749 1153 2135 1210 Generatione.
2178 1153 2321 1224 Ergo
2365 1152 2515 1226 quod

501 1247 793 1311 generatur
817 1258 882 1297 ex
908 1239 1186 1307 alimento,
1219 1257 1326 1298 non
1354 1249 1439 1296 est
1463 1242 1533 1298 de
1561 1243 1795 1297 veritate
1822 1241 2077 1298 humanae
2102 1241 2334 1298 naturae.

573 1333 626 1384 3.
669 1331 958 1397 Praeterea,
995 1331 1332 1402 Augustinus
1360 1329 1513 1396 dicit,
1547 1329 1693 1402 quod
1732 1345 1833 1386 nos
1868 1327 2070 1384 suimus
2109 1330 2167 1385 in
2192 1331 2371 1385 Adam
2409 1328 2519 1386 du·

505 1417 753 1490 pliciter3
802 1418 1012 1475 scilicet
1065 1419 1362 1476 secundum
1403 1417 1721 1474 seminalem
1760 1418 2048 1484 rationem,
2102 1426 2158 1474 et
2216 1417 2519 1474 secuudum

508 1507 884 1578 corpulentam
921 1508 1286 1564 substan-tiam
1331 1523 1344 1562 ε
1385 1507 1844 1576 Christusautem
1886 1506 1989 1561 suit
2024 1507 2079 1560 in
2122 1521 2188 1562 eo
2218 1507 2519 1562 secundum

504 1593 879 1666 corpulentam
907 1594 1290 1660 substantiam,
1321 1599 1377 1649 ot
1408 1609 1514 1648 non
1546 1591 1842 1650 secundum
1872 1593 2191 1660 seminalem
2226 1593 2517 1648 rationem.

508 1679 568 1736 ld
594 1687 776 1737 autem
805 1682 948 1755 quod
974 1699 1040 1737 ex
1065 1683 1324 1738 alimento
1352 1689 1643 1754 generatur
1670 1681 1726 1736 in
1756 1680 1929 1749 nobie,
1964 1696 2067 1736 non
2100 1680 2246 1735 suit'
2233 1697 2290 1735 tn
2321 1681 2518 1736 Adam.

507 1768 649 1840 Ergo
686 1770 816 1825 illud
861 1770 1005 1842 quod
1049 1777 1134 1826 est
1174 1771 1242 1826 de
1283 1771 1519 1827 veritate
1546 1769 1882 1843 corpulentae
1922 1768 2248 1826 substantiae
2292 1778 2517 1837 nost-rae,

467 1901 470 1904 .
510 1871 616 1912 non
649 1865 732 1912 est
757 1874 823 1913 ex
847 1857 1105 1914 alimento
1130 1867 1471 1930 generatum.
2072 1895 2079 1903 .·
2164 1881 2169 1886 ·
2502 1893 2517 1902 ·

583 1946 636 1999 4.
661 1945 766 2001 Sed
804 1945 1021 2002 dicebat
1055 1946 1200 2019 quod
1229 1945 1549 2019 corpulenta
1574 1953 1758 2004 nostra
1788 1896 2095 2004 substantia
2132 1947 2276 2004 fuit
2264 1963 2319 2002 in
2347 1947 2524 2004 Adam

513 2033 895 2108 originaliter,
906 2041 962 2092 et
992 2050 1098 2090 non
1127 2035 1510 2093 essentialiter.
1540 2065 1613 2080 —
1639 2037 1744 2093 Sed
1788 2045 2000 2106 contra,
2032 2053 2219 2092 semen
2256 2037 2525 2108 originem

512 2123 590 2179 rei
636 2123 915 2196 importat.
953 2123 1008 2180 Si
1047 2139 1175 2196 ergo
1203 2124 1478 2180 dicimur
1464 2140 1520 2178 in
1549 2124 1725 2182 Adam
1766 2124 1934 2181 fuisse
1978 2125 2280 2181 secundum
2324 2139 2527 2196 corpu-

513 2211 715 2268 lentam
753 2212 1115 2269 substantiam
1153 2213 1491 2283 originaliter
1523 2219 1754 2280 tantum,
1785 2221 1917 2269 tunc
1952 2214 2096 2269 idem
2128 2214 2235 2268 erit
2273 2228 2399 2268 esse
2436 2229 2528 2270 se-

514 2301 752 2358 cundum
777 2303 1170 2376 corpulentiam
1199 2301 1559 2358 substantiam
1586 2307 1643 2356 et
1675 2300 2325 2369 secundum-seminalem
2354 2303 2529 2358 ratio·

515 2407 638 2448 nem
659 2409 675 2460 ;
700 2391 846 2465 quod
875 2398 958 2447 est
987 2390 1203 2448 falsum.
1236 2391 1377 2462 Ergo
1407 2389 1554 2445 idem
1584 2390 1727 2462 quod
1760 2391 1929 2462 prius.

505 2531 512 2536 .
586 2480 692 2538 Sed
733 2487 920 2536 contra
951 2479 1206 2553 estquod
1237 2479 1437 2535 dicitur
1467 2478 1522 2533 in
1573 2480 1605 2533 4
1648 2477 1716 2533 de
1759 2479 1957 2535 Anima
1988 2480 2142 2550 (text.
2189 2495 2336 2536 com.
2379 2482 2466 2551 45)
2513 2497 2527 2534 :

444 2631 450 2637 ‚
517 2568 844 2626 Alimentum
865 2577 942 2626 est
957 2569 1200 2645 potentia
1223 2569 1328 2625 tale
1349 2568 1503 2640 quale
1526 2573 1601 2623 est
1626 2567 1761 2622 illud
1783 2569 1921 2639 quod
1943 2567 2215 2624 nutritur.
2243 2569 2351 2649 Sed
2380 2570 2529 2642 quod

515 2664 600 2712 est
641 2657 886 2730 potentia
926 2655 1181 2728 aliquale,
1228 2657 1284 2712 in
1322 2656 1454 2712 illud
1495 2656 1739 2712 converti
1780 2662 1980 2728 potest.
2024 2657 2167 2728 Ergo
2206 2657 2530 2732 alimentum

518 2745 762 2801 converti
809 2745 1073 2817 potest=in
1110 2743 1240 2799 illud
1287 2747 1431 2817 quod
1482 2744 1740 2800 nutritur.
1782 2745 1885 2800 Sed
1918 2744 2051 2799 illud
2078 2745 2225 2817 quod
2263 2746 2526 2814 nutritur,

520 2837 604 2886 est
633 2831 686 2886 id
708 2832 856 2903 'quod
881 2837 964 2886 est
989 2832 1056 2908 cle
1083 2831 1311 2887 veritate
1335 2831 1587 2888 humanae
1615 2837 1843 2888 naturae.
1870 2831 2012 2903 Ergo
2038 2832 2362 2888 alimentum
2392 2849 2531 2889 con-

521 2921 752 2976 vert-itur
778 2919 832 2974 in
861 2919 916 2974 id
943 2919 1087 2993 quod
1116 2926 1198 2975 est
1224 2920 1292 2976 de
1316 2921 1549 2978 veritate
1579 2920 1831 2976 humanae
1857 2930 2085 2977 naturae.

591 3009 877 3074 Praeterea,
910 3025 1112 3075 semen,
1155 3024 1221 3065 ex
1245 3025 1352 3083 quo
1379 3008 1440 3064 fit
1480 3009 1778 3080 generatiO,
1807 3009 2042 3064 maxime
2080 3008 2300 3064 videtur
2326 3011 2394 3066 ad
2430 3023 2532 3066 ve-

521 3098 740 3154 ritatem
769 3098 1021 3155 humanae
1059 3106 1268 3154 naturae
1297 3098 1589 3180 pertinere.
1620 3097 1723 3153 Sed
1754 3112 1958 3163 semen,
2008 3097 2307 3154 secundum
2344 3097 2531 3154 Philo-

519 3185 786 3258 sophum'
773 3204 827 3241 tn
851 3189 920 3241 ⁴5
945 3187 1016 3242 de
1038 3169 1395 3252 AnimalibuS,
1438 3195 1520 3242 est
1549 3186 1617 3240 de
1646 3185 1919 3257 superfluo
1949 3185 2214 3242 alimenti.
2251 3187 2395 3257 Ergo
2424 3186 2533 3242 ali-

521 3284 760 3330 mentum
786 3276 1124 3331 convertitur
1151 3275 1206 3331 in
1233 3275 1521 3343 veritatem
1550 3274 1801 3330 humanae
1832 3281 2061 3331 naturae.

593 3363 908 3434 Respondeo
957 3363 1264 3430 dicendum,
1311 3363 1457 3436 quod
1503 3363 1570 3419 ad
1634 3362 1793 3434 hujus
1828 3362 2147 3435 quaestionis
2183 3363 2531 3420 evi-dentiam

517 3458 734 3525 oportet
771 3451 945 3523 primo
992 3452 1176 3507 videre
1203 3453 1452 3524 quid.sit
1496 3452 1697 3507 veritas
1739 3451 1991 3518 bumanae
2032 3462 2268 3508 naturae.
2311 3453 2533 3513 Veritas

513 3551 701 3596 autem
741 3541 1168 3614 uniuscujusque
1211 3542 1308 3606 rei,
1357 3548 1417 3596 ut
1457 3540 1588 3596 dicit
1634 3540 1910 3597 Avicenna
1956 3541 2008 3595 in
2053 3556 2151 3596 sua
2192 3539 2527 3615 Metaphys„

521 3628 648 3685 nihil
677 3637 767 3686 cst
807 3628 954 3686 aliud
991 3647 1156 3702 quam
1194 3629 1498 3700 proprietas
1524 3629 1609 3683 sui
1641 3645 1761 3684 esso
1790 3628 1936 3700 quod
1978 3629 2283 3684 stabilitum
2316 3638 2403 3685 est
2444 3631 2527 3696 ei;

517 3717 654 3772 sicut
707 3717 834 3772 illud
877 3721 1020 3792 quod
1063 3717 1284 3790 ,proprie
1329 3716 1492 3771 habet
1520 3733 1638 3774 esse
1668 3719 1785 3772 auri
1834 3720 2109 3788 attingens
2151 3718 2217 3772 ad
2264 3719 2533 3774 terminos

517 3806 788 3862 stabilitos
829 3820 1039 3863 naturae
1077 3809 1216 3869 auri,
1264 3807 1466 3861 dicitur
1504 3822 1624 3863 esse
1654 3825 1780 3864 vere
1829 3825 2043 3864 aurum.
2088 3809 2533 3878 Unumquodque

517 3903 702 3950 autem
735 3894 948 3967 proprie
985 3895 1150 3951 habet
1177 3910 1297 3951 esse
1327 3897 1379 3949 in
1411 3896 1596 3968 aliqua
1638 3905 1830 3952 natura
1871 3916 1903 3969 p
1927 3914 1967 3952 =r
1994 3897 2097 3954 hoc
2126 3897 2271 3968 quod
2310 3896 2535 3952 substat
