2800 4492
739 325 850 370 ΧΠ.
883 339 963 352 --
991 291 1417 373 Quonnnmuu
1460 319 1769 374 summum
1984 343 1991 348 ·
2138 322 2250 382 401

223 439 394 497 nobis
419 439 528 498 iter
549 439 739 512 gloriae
767 437 1222 496 demonstratum.
1249 440 1356 498 Sed
1387 443 1607 514 quando
1637 446 1936 504 secundum
1960 449 2249 510 litteralem

224 547 458 588 sensum
487 530 689 586 dicitur
731 528 937 602 aliquid
967 528 1036 585 de
1062 529 1325 598 Ecclesia,
1361 547 1468 597 non
1497 539 1677 604 potest
1707 537 1901 610 exponi
1932 539 2247 612 allegorice;

229 619 335 676 n‘isi
383 618 529 675 forto
571 635 636 674 ea
677 633 801 690 quae
861 618 1119 674 dicuntur
1163 619 1232 674 de
1279 619 1557 692 primitiva
1594 621 1859 692 Ecclesia,
1910 639 2249 701 exponantur

227 716 504 782 quantum
531 707 600 763 ad
634 705 878 762 futurum
902 713 1124 763 statum
1155 706 1414 765 Ecclesiae
1443 712 1759 780 praesentis3
1796 724 2021 786 possunt
2064 728 2242 776 tamen

228 798 432 870 exponi
477 795 776 863 moraliter,
809 803 864 852 et
896 796 1214 868 anagogice.
1244 797 1322 852 Ea
1363 813 1494 853 vero
1531 814 1657 870 quae
1688 802 1965 868 moraliter
1993 805 2249 865 dicuntur

229 886 537 943 secundum
575 900 795 940 sensum
825 883 1138 950 litteralem,
1171 900 1276 940 non
1314 896 1714 943 consueverunt
1744 893 1938 962 exponi
1980 895 2082 950 nisi
2113 897 2250 954 alle-

229 979 438 1048 gorice.
481 975 577 1030 llla
616 989 745 1029 vero
774 988 899 1046 quae
937 973 1236 1030 secundum
1275 989 1493 1032 sensum
1524 974 1816 1032 litteralem
1866 982 2137 1051 pertinent
2178 987 2245 1042 ad

223 1073 440 1129 ‚statum
487 1063 694 1134 gloriae,
744 1060 891 1117 nullo
929 1061 1038 1118 alio
1083 1077 1244 1118 sensu
1289 1072 1690 1120 consueverunt
1718 1069 1941 1138 exponi;
1993 1087 2057 1126 eo
2102 1075 2248 1146 quod

233 1155 350 1228 ipsa
381 1169 488 1210 non
515 1158 645 1208 sunt
671 1151 842 1223 figura
871 1149 1122 1218 aliorum,
1155 1151 1250 1208 sed
1273 1150 1342 1208 ab
1365 1152 1618 1215 omnibus
1646 1153 1767 1210 aliis
1796 1155 2047 1227 figurata.

897 1327 1353 1390 ARTIGULUS
1408 1328 1578 1390 XVI.

239 1465 460 1528 Utrum
487 1461 557 1524 in
583 1459 731 1524 aliis
755 1460 1086 1538 scripturis
1097 1459 1384 1536 proedioti
1403 1477 1611 1523 sensus
1638 1462 1950 1544 distinqui
1974 1468 2239 1546 debcant.

297 1595 380 1650 Ad
411 1591 649 1648 ‘tertium
681 1592 759 1648 sic
783 1589 1118 1664 proceditur.
1163 1591 1214 1644 l.
1262 1590 1491 1646 Videtur
1534 1592 1676 1665 quod
1709 1595 1761 1648 in
1804 1595 1926 1651 aliis
1957 1599 2241 1671 scripturis

229 1681 479 1754 praedicti
502 1693 693 1734 sensus
715 1677 974 1749 distingui
997 1677 1250 1732 debeant.
1279 1677 1481 1733 Sensus
1502 1680 1647 1734 enim
1670 1681 1985 1752 spirituales
2011 1685 2063 1739 in
2084 1703 2239 1743 sacra

225 1772 508 1842 Scriptura
537 1766 880 1840 accipiuntur
922 1783 987 1820 ex
1031 1764 1358 1838 quibusdam
1389 1767 1859 1825 similitudinibus,
1890 1773 1993 1828 Sed
2024 1773 2075 1828 in
2121 1777 2242 1832 aliis

225 1859 473 1917 scientiis
499 1854 813 1929 proceditur
841 1855 1009 1910 etiam
1038 1869 1103 1908 ex
1147 1853 1473 1926 quibusdam
1502 1857 1968 1915 similitudinibus.
2000 1854 2142 1934 Er'go
2186 1864 2239 1919 in

225 1949 516 2020 scripturis
539 1943 767 2001 aliarum
797 1945 1150 2000 scientiarum
1181 1951 1407 2014 possunt
1437 1960 1628 2000 sensus
1654 1946 1835 2018 plures
1860 1949 2113 2008 inveniri.

293 2044 346 2096 2.
381 2039 672 2099 Praeterea,
707 2033 934 2106 poeticae
967 2033 1100 2087 artis
1125 2041 1207 2087 est
1234 2034 1523 2088 veritatem
1563 2051 1745 2092 rerum
1779 2037 2052 2110 aliquibus
2081 2042 2238 2099 simi-

223 2125 548 2182 litudinibus
578 2122 718 2178 [ictis
752 2119 1058 2192 designare.
1085 2119 1228 2190 Ergo
1258 2118 1475 2176 videtur
1502 2121 1648 2193 quod
1678 2130 1732 2178 et
1759 2124 1813 2178 in
1843 2126 2006 2182 dictis
2040 2138 2238 2200 poeta-

223 2231 344 2270 rum
371 2227 560 2268 sensus
590 2207 902 2282 spirituales
929 2208 1293 2272 inveniantur,
1323 2215 1378 2263 et
1412 2223 1516 2264 non
1546 2208 1722 2265 solum
1767 2211 1819 2266 in
1849 2229 2004 2270 sacra
2048 2219 2235 2292 Scrip-

221 2313 368 2362 tura.
1464 2365 1473 2372 .

291 2398 344 2449 3.
381 2393 672 2456 Praeterea,
704 2384 1059 2456 Philosophus
1085 2384 1238 2450 dicit,
1269 2384 1415 2456 quod
1460 2385 1553 2457 qui
1584 2385 1719 2441 dicit
1760 2404 1924 2444 unum
1964 2393 2236 2462 quodam-

221 2479 388 2538 modo
422 2477 594 2534 mulla
643 2475 797 2530 dicit.
853 2473 994 2543 Ergo
1031 2470 1248 2526 videtur
1277 2471 1425 2544 quod
1470 2474 1527 2528 in
1574 2473 1697 2529 aliis
1739 2475 1983 2533 scientiis
2031 2479 2085 2535 in
2131 2499 2234 2539 uno

219 2586 384 2628 sensu
423 2569 650 2640 possunt
676 2561 950 2634 designari
980 2560 1192 2633 plures;
1223 2567 1278 2616 et
1315 2560 1396 2616 sic
1426 2576 1531 2617 non
1559 2559 1735 2619 solum
1764 2579 1922 2621 sacra
1954 2567 2234 2642 Scriptura

219 2659 318 2714 hos
343 2669 536 2711 sensus
564 2647 875 2723 spirituales
903 2647 1086 2702 habet.

287 2744 396 2801 Sed
427 2746 618 2796 contra
663 2741 764 2794 est,
799 2734 945 2808 quod
991 2734 1125 2790 dicit
1169 2734 1486 2806 Gregorius„
1522 2749 1648 2792 xxn
1690 2737 1973 2796 Moralium
2007 2758 2020 2797 :
2067 2741 2233 2800 Sacra

217 2833 507 2904 Scriptura
535 2841 708 2882 omues
731 2823 978 2878 scientias
1006 2830 1161 2894 atque
1189 2821 1463 2877 doctrinas
1492 2821 1607 2895 ipso
1631 2823 1793 2880 etiam
1822 2827 2101 2885 locutionis
2122 2847 2233 2887 suoe

217 2938 364 2978 more
389 2913 716 2974 transcendit
743 2929 761 2968 .·
787 2910 913 2982 quia
933 2927 1041 2966 uno
1061 2911 1330 2983 eodemque
1349 2927 1610 2978 sermone,
1636 2911 1761 2970 dum
1789 2925 1987 2972 narrat
2007 2930 2229 2990 pestana,

211 3009 398 3082 prodit
428 3003 756 3078 mysterium.

291 3094 612 3168 Respondeo
653 3087 961 3153 dicendum,
993 3085 1138 3159 quod
1169 3085 1469 3158 spiritualis
1502 3103 1695 3144 sensus
1727 3105 1901 3147 sacrae
1936 3093 2231 3167 Scripturae

220 3187 488 3258 accipitur
531 3197 594 3238 ex
634 3179 736 3234 hoc
782 3175 929 3248 quod
970 3191 1058 3230 res
1095 3191 1314 3230 cursum
1352 3191 1510 3230 suum
1559 3185 1881 3248 peragentes
1921 3182 2231 3253 significant

219 3273 426 3348 aliquid
465 3269 629 3336 aliud,
671 3267 812 3340 quod
855 3281 950 3338 per
986 3261 1326 3336 spiritualem
1355 3278 1575 3318 sensum
1604 3266 1895 3338 accipitur.
1928 3271 2017 3326 Sic
2046 3282 2228 3330 autem

219 3365 544 3420 ordinantur
573 3373 658 3412 res
702 3357 752 3410 in
798 3369 958 3408 cursu
1001 3367 1120 3418 suo,
1149 3358 1210 3406 ut
1238 3367 1305 3405 ex
1334 3351 1415 3406 eis
1450 3351 1573 3407 talis
1598 3368 1791 3410 sensus
1818 3361 1989 3429 possit
2032 3366 2229 3438 accipi,
2296 3353 2302 3359 ’

217 3453 360 3528 quod
403 3453 523 3522 ejus
550 3444 718 3502 solius
761 3448 844 3497 est
872 3442 967 3514 qui
996 3456 1094 3496 sua
1139 3439 1483 3511 providentia
1523 3457 1610 3498 res
1636 3443 1922 3514 gubernat,
1956 3451 2051 3522 qui
2083 3455 2230 3508 solus

217 3545 364 3609 Deus
389 3546 496 3593 est.
525 3535 676 3591 Sicut
705 3531 848 3586 enim
885 3529 1046 3584 homo
1073 3536 1252 3600 potest
1287 3527 1545 3584 adhibere
1570 3532 1640 3587 ad
1675 3532 1879 3606 aliquid
1911 3537 2229 3608 significan-

217 3633 347 3687 dum
376 3627 593 3698 aliquas
623 3636 783 3678 voces
809 3618 895 3673 vel
925 3617 1136 3689 aliquas
1160 3616 1547 3675 similitudines
1574 3620 1748 3687 fictas,
1783 3623 1858 3680 ita
1886 3625 2031 3680 Deus
2068 3629 2228 3682 adhi-

215 3719 307 3775 bet
337 3716 408 3773 ad
452 3710 906 3783 significationem
942 3705 1248 3777 aliquorum
1279 3706 1457 3776 ipsum
1482 3723 1701 3763 cursum
1744 3723 1926 3766 rerum
1956 3729 2069 3770 suae
2098 3731 2229 3787 pro-

212 3804 480 3864 videntiae
522 3800 913 3870 subjectarum.
964 3794 1281 3864 Significare
1327 3795 1758 3867 autem-aliquid
1809 3815 1903 3870 per
1948 3803 2114 3858 verba
2146 3807 2226 3860 vel

213 3913 312 3971 per
341 3888 732 3950 similitudines
773 3885 930 3942 fictas
971 3883 1038 3939 ad
1084 3881 1501 3954 significandum
1540 3889 1752 3940 tantum
1792 3887 2091 3958 ordinatas,
2124 3911 2228 3951 non

722 4003 772 4052 s.
805 3999 960 4050 Tuon.
995 3989 1080 4054 Aa.
1115 3999 1378 4048 ornacum.
1408 4018 1451 4036 -
1501 3997 1556 4047 ll.
1588 4022 1643 4080 -f
1677 3997 1737 4048 26
