2800 4492
493 353 607 418 158
965 371 1019 416 s.
1063 367 1296 414 monus
1317 365 1667 438 *Aeminius
1706 365 2021 413 opuscum

491 487 830 560 spiritualem
873 485 1132 544 virtutem
1168 491 1391 559 propter
1440 463 1745 542 raritatem.
1772 483 1934 540 Esset
1977 485 2163 540 autem
2209 466 2502 538 erroneum

491 577 673 634 dicere
698 591 926 650 corpora
969 575 1204 647 gloriosa
1231 591 1352 632 esse
1375 574 1688 660 'spiritualia
1717 573 1820 629 hoc
1852 571 2034 638 modo,
2067 570 2210 644 quod
2243 570 2355 626 sint
2386 568 2501 626 aeri

493 667 780 740 ventisque
807 666 1027 736 similia,
1057 674 1116 723 ut
1147 670 1300 741 patet
1324 681 1421 739 per
1442 663 1791 747 Gregorium‚
1824 676 1929 719 xxx
1958 659 2260 717 Moralium.

1144 845 1600 908 ARTIOULUS
1642 843 1845 905 XXII.

505 975 721 1041 Utrum
751 979 956 1060 aliquo
984 977 1154 1042 modo
1191 997 1409 1059 corpus
1454 979 1789 1060 ⁸‹floriossum
1823 975 2020 1056 possit
2061 992 2180 1038 esse
2220 972 2409 1036 simul
2434 971 2502 1035 in

575 1068 767 1130 eodem
810 1069 934 1132 loco
977 1087 1108 1130 eum
1153 1069 1276 1130 alio
1320 1087 1585 1147 corpore.
1617 1103 1697 1114 —
1725 1067 1811 1147 (4,
1852 1067 1997 1128 dist.
2050 1067 2148 1138 44,
2181 1067 2391 1142 quast.
2440 1065 2495 1136 1,

576 1162 696 1218 art.
735 1159 800 1231 13
831 1163 888 1220 et
916 1162 1074 1220 cont.
1113 1157 1286 1222 (ient.
1319 1160 1377 1230 4,
1416 1175 1546 1236 cap.
1581 1159 1681 1230 84,
1714 1160 1837 1218 art.
1864 1155 1938 1215 21
1966 1158 2022 1217 et
2046 1153 2153 1229 4ος
2180 1158 2237 1216 ec
2264 1155 2305 1213 3
2323 1156 2497 1240 parc.

575 1249 785 1325 quaest.
812 1247 912 1322 54,
940 1245 1062 1310 art.
1089 1247 1128 1305 2
1157 1246 1239 1310 ad
1267 1248 1324 1322 1,
1357 1251 1415 1308 ec
1432 1249 1555 1309 art.
1588 1248 1627 1306 4
1652 1245 1733 1308 ad
1760 1242 1849 1324 3.)

566 1379 648 1434 Ad
675 1379 976 1450 secundum
999 1372 1078 1436 sic
1105 1379 1441 1454 proceditur.
1478 1383 1533 1437 2.
1559 1377 1790 1435 Videtur
1814 1377 1960 1449 quod
1984 1391 2183 1450 corpus
2203 1374 2499 1451 gloriosum

495 1467 642 1522 nullo
685 1469 846 1525 modo
892 1471 1062 1540 possit
1103 1485 1224 1525 esse
1265 1467 1425 1524 simul
1464 1483 1590 1524 cum
1630 1466 1736 1523 alio
1778 1481 2005 1538 corpore
2038 1465 2094 1522 in
2134 1465 2330 1522 codem
2361 1465 2498 1522 loce.

496 1557 646 1613 Sicut
675 1559 818 1614 enim
847 1573 905 1613 se
930 1557 1092 1615 habet
1121 1574 1320 1630 corpus
1345 1573 1511 1613 unum
1534 1557 1600 1614 ad
1628 1571 1794 1612 unum
1816 1556 2012 1623 locum,
2042 1557 2119 1612 ita
2139 1555 2247 1610 duo
2272 1569 2499 1628 corpora

413 1635 426 1658 “
495 1642 565 1698 ad
595 1643 701 1698 duo
729 1643 870 1700 loca.
901 1639 1063 1716 Ergo,
1097 1645 1496 1711 commutatim,
1528 1645 1672 1700 sicut
1695 1657 1863 1698 unum
1887 1659 2086 1716 corpus
2110 1643 2180 1699 ad
2218 1640 2327 1698 duo
2364 1642 2496 1712 loca,

495 1732 573 1787 ita
613 1731 720 1788 duo
753 1746 984 1804 corpora
1032 1734 1098 1789 ad
1147 1749 1313 1788 unum
1352 1721 1552 1789 locum.
1591 1733 1697 1790 Sed
1743 1749 1907 1789 unum
1946 1747 2145 1804 corpus
2170 1729 2317 1786 nullo
2342 1731 2499 1786 modo

496 1825 675 1892 potest
704 1836 822 1875 esse
851 1820 904 1876 in
934 1820 1146 1877 duobus
1172 1821 1322 1878 locis.
1351 1822 1493 1893 Ergo
1523 1837 1623 1878 nec
1652 1821 1759 1877 duo
1783 1836 2008 1894 corpora
2040 1821 2095 1876 in
2128 1834 2232 1876 uno
2262 1819 2405 1877 loco.

567 1911 619 1964 2.
663 1908 951 1974 Praeterea,
985 1909 1028 1962 si
1073 1909 1179 1964 duo
1222 1925 1451 1976 corpora
1492 1910 1603 1966 sint
1642 1909 1696 1964 in
1748 1925 1852 1965 uno
1896 1908 2034 1975 loco,
2064 1914 2354 1965 sumantur
2395 1908 2499 1964 duo

499 2002 696 2068 puncta
739 1997 793 2051 in
836 1997 1047 2052 duabus
1074 1999 1515 2054 extremitatibus
1546 1998 1669 2054 loci.
1704 1999 1962 2071 Sequitur
1991 2013 2121 2070 ergo
2166 1997 2308 2070 quod
2361 1997 2499 2051 inter

496 2087 602 2141 ista
629 2085 736 2140 duo
765 2091 965 2157 puncta
994 2095 1151 2155 erunt
1179 2086 1300 2142 duae
1322 2087 1479 2145 lineae
1509 2096 1675 2144 rectae
1704 2087 1935 2142 duorum
1973 2102 2263 2159 corporum
2305 2086 2362 2141 in
2404 2101 2499 2141 eo-

497 2174 620 2229 dem
646 2173 761 2229 loco
791 2174 1158 2244 existentium,
1187 2176 1333 2249 quod
1364 2184 1449 2233 est
1488 2169 1841 2249 impossibile.
1874 2177 2015 2248 Ergo
2045 2174 2381 2248 impossibile
2416 2179 2498 2230 est

495 2263 602 2318 duo
626 2277 855 2336 corpora
883 2279 1004 2320 esse
1031 2263 1089 2320 in
1118 2264 1308 2320 eodem
1333 2264 1474 2322 loce.
1963 2261 1971 2267 ’

563 2349 670 2406 Sed
692 2357 884 2407 contra
908 2359 992 2408 est
1016 2352 1161 2425 quod
1188 2352 1437 2409 Christus
1466 2353 1691 2410 intravit
1716 2353 1783 2408 ad
1820 2351 2117 2425 discipulos
2134 2351 2321 2424 januis
2345 2351 2497 2408 clau-

496 2438 589 2506 sis,
616 2447 677 2495 ut
703 2437 933 2496 habetur
960 2441 1118 2496 Joan.
1150 2457 1233 2498 xx
1267 2459 1280 2496 z
1313 2443 1460 2514 quod
1485 2457 1605 2498 esse
1633 2456 1739 2498 non
1765 2447 1966 2514 potest,
1996 2441 2099 2496 nisi
2144 2455 2347 2511 corpus
2384 2442 2497 2512 ejus

496 2526 652 2605 simul
679 2544 802 2584 cum
833 2544 1060 2601 corpore
1109 2538 1389 2603 portarum
1426 2530 1620 2587 fuisset
1657 2531 1711 2587 in
1751 2530 1941 2586 codem
1987 2529 2123 2586 loco,
2156 2530 2344 2584 Potest
2372 2545 2496 2600 ergo

494 2608 691 2688 corpus
713 2617 1009 2688 gloriosum
1031 2634 1157 2673 cum
1186 2618 1293 2674 alio
1318 2635 1546 2690 corpore
1577 2635 1696 2676 esse
1719 2618 1773 2673 in
1799 2618 1988 2674 eodem
2018 2617 2154 2674 loco.

561 2705 882 2777 Respondeo
910 2705 1221 2772 dicendum,
1255 2707 1419 2778 quod,
1452 2707 1596 2764 sicut
1618 2709 1735 2778 jam
1762 2707 1970 2762 dictum
1998 2713 2102 2773 est,
2130 2706 2239 2762 duo
2268 2721 2495 2776 corpora

492 2810 612 2850 esse
656 2794 709 2848 in
752 2793 944 2849 eodem
977 2793 1098 2849 loco
1145 2793 1464 2866 prohibetur
1498 2811 1565 2850 ex
1608 2795 2055 2861 dimensionibus,
2086 2794 2215 2867 quia
2266 2796 2493 2851 materia

491 2880 788 2954 corporalis
828 2881 1125 2936 secundum
1171 2881 1537 2938 dimensiones
1579 2883 1871 2951 dividitur;
1901 2883 2267 2939 dimensiones
2312 2890 2492 2939 autem

493 2969 900 3041 distinguuntur
939 2970 1237 3026 secundum
1277 2971 1464 3028 situm.
1518 2973 1663 3027 Deus
1719 2978 1923 3040 autem,
1969 2957 2062 3044 qui
2118 2979 2203 3027 est
2253 2972 2491 3026 omnium

490 3074 655 3115 causa
684 3059 876 3132 prima,
906 3065 1085 3132 potest
1109 3075 1437 3117 conservare
1466 3060 1693 3116 effectus
1723 3061 1777 3115 in
1806 3075 1926 3116 csse
1952 3061 2069 3114 sine
2098 3059 2281 3116 causis
2305 3060 2490 3132 proxi-

492 3149 622 3216 mis;
654 3149 814 3216 unde,
846 3148 989 3205 sicut
1023 3155 1312 3206 conservat
1341 3149 1392 3204 in
1430 3159 1773 3206 sacramento
1814 3148 2004 3206 altaris
2043 3148 2349 3205 accidentia
2380 3150 2492 3204 sine

489 3236 753 3307 subjecto,
786 3236 862 3292 ita
901 3243 1080 3308 potest
1109 3253 1435 3294 conservare
1476 3237 1886 3294 distinctionem
1928 3238 2171 3293 materiae
2196 3237 2491 3309 corporalis

490 3332 544 3380 et
576 3324 971 3380 dimensionum
1003 3326 1064 3380 in
1107 3342 1170 3383 ea
1209 3327 1415 3400 absque
1461 3327 1781 3383 diversitate
1824 3326 1979 3382 situs.
2015 3325 2336 3382 Miraculose
2366 3342 2491 3398 ergo

487 3413 603 3468 fieri
633 3417 814 3484 potest
841 3413 984 3484 quod
1025 3412 1132 3468 duo
1175 3429 1401 3486 corpora
1450 3417 1561 3470 sint·
1602 3416 1656 3470 in
1698 3415 1888 3472 eodem
1931 3415 2081 3483 loco;
2106 3415 2249 3470 unde
2278 3415 2492 3488 corpori

486 3499 684 3557 Christi
711 3499 1053 3557 -altribuitur
1095 3515 1125 3556 a
1167 3503 1400 3569 Sanctis,
1430 3503 1573 3575 quod
1624 3504 1793 3559 exivit
1836 3519 1931 3575 per
1973 3502 2217 3560 clausum
2256 3503 2491 3573 Virginis

485 3596 718 3656 uterum,
754 3587 808 3645 οἰ
833 3587 978 3660 quod
1010 3589 1236 3646 intravit
1264 3591 1449 3662 januis
1480 3591 1681 3647 clausis
1710 3609 1805 3664 per
1835 3591 2095 3649 virtutem
2127 3591 2391 3647 divinam.
2424 3591 2488 3645 Et

485 3677 736 3733 similiter
777 3677 922 3742 dice,
973 3679 1118 3750 quod
1163 3694 1360 3751 corpus
1403 3679 1721 3751 gloriosum,
1748 3681 1893 3753 quod
1942 3681 2046 3736 erit
2096 3680 2489 3751 configuratum

485 3764 714 3836 leot-pori
745 3750 1012 3820 claritatis
1039 3765 1258 3830 Christi,
1289 3767 1492 3838 poterit
1515 3773 1634 3822 esse
1672 3782 1798 3822 cum
1835 3767 1941 3824 alio
1966 3765 2194 3838 'corpore
2224 3767 2279 3821 in
2302 3766 2490 3821 eodem

494 3864 614 3914 oce,
661 3866 768 3906 non
809 3861 1033 3924 propter
1075 3853 1317 3925 aliquam
1362 3855 1621 3928 virtutem
1659 3860 1901 3912 creatam
1948 3852 2203 3925 indit-am,
2231 3853 2329 3911 sed
2374 3851 2490 3910 sola

481 3939 666 3996 divina
695 3941 898 3998 virtute
926 3943 1215 4002 assistente
1243 3943 1508 4002 miracula
1540 3943 1796 4002 faciente.

1029 4131 1072 4166 Ο

2744 4269 2762 4427 μ-.Ᾰ
