2800 4492
497 351 580 414 28
978 367 1032 414 s.
1075 365 1310 414 ¹1·quAE
1347 363 1675 417 nouimus
1716 360 2029 414 opuscnm

497 485 627 544 fidei
661 491 791 544 sunt
827 491 1045 558 oportet
1089 498 1209 541 esse
1251 499 1284 542 e
1321 495 1605 551 converso,
1648 481 1860 540 scilicet
1902 480 2049 556 quod
2097 495 2354 542 assensus
2399 483 2513 541 fide

498 575 774 648 praecedat
801 575 1089 641 rationem,
1124 579 1201 629 ut
1195 572 1423 634 :dictum
1448 579 1562 641 est;
1568 587 1713 644 ergo
1744 571 1811 628 de
1838 571 2041 630 divinis
2066 573 2344 646 praecipue
2382 589 2513 648 quae

499 664 606 723 fide
629 665 940 740 capiuntur,
963 679 1069 720 non
1099 667 1282 735 potest
1304 677 1425 718 esse
1448 660 1700 718 scientia.
1754 685 1759 688 ·

569 754 623 808 5.
644 754 800 820 Item,
823 752 1008 810 omnis
1029 749 1259 808 scientia
1285 749 1532 823 procedit
1556 765 1623 805 ex
1641 749 1937 822 principiis
1968 766 2063 823 per
2104 766 2163 806 se
2200 751 2365 818 notis,
2380 768 2509 826 quae

497 841 732 914 quisque
755 841 950 915 probat
979 840 1186 908 audita,
1205 846 1302 896 aut
1325 854 1394 898 ex
1420 838 1701 912 principiis
1724 854 1851 911 quae
1878 839 1949 895 ab
1976 839 2061 895 his
2088 839 2249 896 fidem
2266 839 2504 898 habent:

497 929 595 986 sed
619 929 834 986 articuli
860 928 982 985 fidei
1010 928 1102 1000 qui
1133 935 1261 985 sunt
1284 927 1461 1001 prima
1488 927 1753 1000 principia
1784 927 1837 982 in
1868 927 1993 995 fide,
2027 943 2135 996 non
2158 928 2509 1002 suntjhnjusz-

498 1017 664 1083 modi,
697 1017 828 1090 quia
851 1031 952 1073 nec
979 1023 1108 1073 sunt
1155 1030 1250 1088 per
1291 1030 1350 1070 se
1391 1019 1541 1081 nota,
1570 1029 1747 1086 neque
1794 1013 1863 1069 ad
1903 1030 1997 1086 per
2040 1030 2099 1069 se
2136 1022 2266 1082 nota
2303 1016 2508 1074 resolvi

497 1113 747 1179 possunt
759 1105 1208 1170 demonstrative,
1241 1111 1320 1160 ut
1345 1103 1555 1168 dictum
1582 1109 1699 1171 est3
1726 1117 1857 1174 ergo
1880 1102 1949 1159 de
1978 1097 2190 1160 'divinis
2232 1119 2359 1177 quae
2396 1104 2508 1168 lide

500 1201 772 1261 tenentur,
806 1210 911 1250 non
941 1199 1122 1268 potest
1149 1209 1270 1250 esse
1299 1192 1551 1255 scientia.
2356 1213 2367 1220 ·
2486 1232 2493 1240 .

525 1287 622 1339 6.
650 1284 806 1350 Item,
847 1283 983 1343 fides
1018 1287 1102 1339 est
1138 1284 1214 1362 de·
1247 1296 1352 1338 ιιοιι
1395 1280 1844 1352 apparentibus·
1884 1281 1981 1336 sed
2026 1273 2257 1346 scientia
2298 1288 2384 1340 est
2434 1251 2509 1341 de

499 1355 907 1445 apparentibuS‚
930 1371 1060 1444 quia
1085 1387 1182 1444 per
1204 1369 1489 1434 scientiam
1524 1378 1789 1443 apparent
1818 1383 1884 1426 ea
1920 1384 2047 1442 quae
2080 1386 2180 1442 per
2214 1370 2508 1433 scientiam

500 1461 823 1532 traduntur;
855 1477 988 1534 ergo
1023 1460 1091 1519 de
1136 1459 1338 1546 divinis
1379 1474 1507 1533 quae
1550 1458 1659 1516 fide
1707 1464 1978 1529 tenentur,
2010 1474 2119 1516 ιιοιι
2158 1467 2335 1534 potest
2382 1477 2508 1520 esse

499 1549 748 1607 scientia.
2153 1587 2177 1622 ,¹
2486 1595 2495 1611 ,

568 1639 623 1695 ’7.
650 1639 804 1706 Item,
837 1637 1128 1710 ouJuslibet
1155 1637 1404 1698 scientiae
1442 1634 1768 1711 principium
1796 1643 1880 1693 est
1919 1633 2248 1705 intellectus,
2276 1638 2415 1710 quia,
2434 1655 2509 1696 ex

499 1725 780 1784 intellectu
808 1727 1199 1801 principiorum
1239 1725 1457 1785 venitur
1488 1726 1545 1782 in
1586 1725 1876 1783 scientiam
1920 1725 2328 1796 conclusionum
2358 1745 2371 1781 ε
2402 1729 2509 1796 sed

500 1815 556 1872 in
581 1815 666 1870 his
687 1831 813 1888 quae
840 1823 968 1874 sunt
989 1815 1132 1883 fidei,
1151 1815 1463 1872 intellectus
1486 1830 1595 1871 non
1622 1822 1719 1876 est
1728 1813 2076 1888 principium,
2097 1814 2194 1871 sed
2215 1815 2355 1903 finiS,
2369 1817 2509 1889 quia

501 1909 564 1960 ut
602 1901 804 1960 dicitur
839 1905 998 1962 Isaiae
1033 1920 1151 1961 vu.
1177 1903 1304 1964 Nisi
1342 1903 1700 1969 credideritis,
1749 1919 1858 1958 non
1897 1902 2233 1976 intelligetis;
2261 1920 2390 1978 ergo
2430 1906 2510 1999 de

501 1991 706 2049 divinis
727 2008 852 2065 quae
879 1992 989 2049 fide
1011 1998 1284 2061 tenentur,
1311 2007 1420 2049 non
1448 1999 1629 2066 potest
1656 2007 1779 2048 esse
1800 1991 2054 2047 scientia.
2484 2037 2491 2048 .

569 2081 676 2138 Sed
701 2089 892 2139 contra
919 2087 1003 2140 est
1031 2081 1180 2155 quod
1207 2083 1340 2140 dicit
1367 2081 1705 2154 Augustinus
1734 2095 1821 2154 ιιιι
1854 2079 1923 2136 de
1951 2080 2267 2137 Trinitate·
2254 2123 2267 2136 .
2302 2101 2329 2134 α
2360 2082 2511 2157 Huic

499 2169 746 2227 scientiae
777 2170 954 2228 tribuo
979 2170 1115 2228 illud
1143 2179 1358 2228 tantum
1383 2185 1494 2243 quo
1508 2169 1643 2226 fides
1667 2145 2043 2238 saluberrima,
2066 2185 2193 2244 quae
2220 2170 2291 2227 ad
2316 2187 2511 2243 ver-am

502 2257 898 2319 beatitudinem
921 2259 1092 2328 ducit,
1123 2260 1382 2333 gignitur,
1401 2257 1731 2327 defenditur,
1759 2257 2077 2330 roboratur;
2111 2277 2139 2312 ιι
2170 2275 2299 2332 ergo
2320 2260 2388 2318 de
2415 2259 2512 2332 his

502 2363 630 2422 quae
656 2353 785 2406 sunt
809 2347 1040 2413 fideiaest
1061 2349 1310 2406 scientia.
2032 2390 2035 2394 -
2480 2397 2489 2414 ,

573 2437 731 2503 Item,
776 2437 994 2511 Sapien'.
1041 2453 1082 2496 ιι
1118 2454 1133 2492 :
1169 2430 1331 2495 Dedit
1357 2437 1443 2494 ilci
1464 2436 1739 2494 scientiam
1758 2441 2087 2502 sanctorum,
2114 2437 2171 2492 id
2216 2442 2321 2505 est,
2348 2437 2505 2508 fidei,

503 2525 634 2597 quia
663 2525 730 2581 de
759 2525 868 2583 alia
895 2525 1126 2599 intelligi
1151 2541 1256 2582 non
1295 2531 1497 2598 potest,
1527 2525 1635 2582 nisi
1659 2525 1727 2582 de
1750 2541 1817 2582 ea
1854 2541 1963 2598 qua
2005 2525 2181 2582 sancti
2225 2525 2295 2582 ab
2318 2525 2510 2599 impiis

503 2615 904 2684 discernuntur,
933 2632 1056 2689 quae
1084 2624 1168 2673 est
1196 2615 1427 2672 scientia
1469 2614 1617 2672 fidei.

574 2702 726 2768 Item,
774 2703 1066 2775 Apostolus
1106 2703 1175 2758 de
1216 2703 1526 2774 cognitione
1570 2702 1814 2760 fidelium
1854 2703 2082 2778 loquens
2130 2703 2156 2760 1
2204 2703 2327 2760 Cor.
2368 2719 2503 2776 vm,

503 2789 676 2847 dicit:
706 2787 829 2847 Non
855 2790 1090 2848 omnium
1115 2797 1192 2847 est
1217 2791 1461 2862 scientia,
1482 2797 1539 2847 et
1566 2791 1647 2848 sic
1674 2791 1821 2848 idem
1844 2791 1990 2865 quod
2010 2791 2184 2866 prius.

572 2877 916 2950 Respondeo
922 2877 1230 2948 dicendum,
1237 2879 1408 2952 quod
1438 2895 1571 2954 cum
1584 2879 1831 2938 scientiae
1862 2881 2001 2938 ratio
2038 2879 2299 2937 consistat
2323 2881 2379 2957 in
2397 2879 2509 2939 hoc

503 2966 649 3041 quod
689 2982 758 3022 ex
789 2965 1086 3038 aliquibus
1095 2967 1240 3024 notis
1280 2967 1386 3025 alia
1429 2968 1699 3042 ignotiora
1734 2974 2152 3046 cognoscantur,
2184 2968 2287 3026 hoc
2314 2951 2509 3028 autem

505 3060 562 3112 in
589 3053 790 3112 divinis
813 3055 1124 3126 contingam
1151 3062 1366 3128 constat
1394 3057 1541 3131 quod
1565 3058 1633 3114 de
1660 3053 1861 3114 divinis
1887 3064 2069 3129 potest
2098 3071 2219 3113 esse
2245 3058 2504 3118 scientia.

501 3144 609 3202 Sed
637 3144 946 3202 divinorum
985 3143 1182 3201 notitia
1221 3144 1513 3218 dupliciter
1553 3152 1736 3220 potest
1783 3142 2041 3204 aetimari.
2071 3146 2191 3204 Uno
2234 3125 2394 3203 modo
2430 3163 2509 3204 ex

501 3237 658 3307 parte
685 3237 890 3307 nostra,
915 3238 980 3289 et
995 3233 1078 3289 sic
1101 3231 1258 3290 nobis
1277 3233 1667 3306 cognoscibilia
1694 3249 1802 3290 non
1828 3240 1957 3289 sunt
1984 3232 2089 3290 nisi
2116 3249 2185 3290 ex
2210 3235 2504 3304 creaturis,

504 3336 738 3395 quarum
759 3321 1013 3382 notitiam
1041 3336 1074 3378 a
1101 3336 1264 3394 sensu
1293 3322 1609 3396 accipimus,
1640 3322 1763 3378 Alio
1792 3305 1952 3378 modo
1994 3338 2061 3378 ex
2106 3329 2305 3402 natura
2348 3323 2511 3395 ipso·-

503 3424 644 3476 rmn,
671 3418 727 3466 ct
763 3409 844 3466 sic
885 3410 1003 3482 ipsa
1047 3402 1176 3467 sunt
1209 3427 1275 3466 ex
1315 3411 1511 3483 seipsis
1548 3410 1785 3468 maxime
1816 3409 2223 3490 cognoscibilia
2250 3411 2511 3484 quamvis

503 3495 803 3553 secundum
831 3513 988 3553 suum
1015 3512 1127 3555 non
1151 3504 1548 3570 cognoscantur
1570 3513 1603 3554 a
1630 3497 1806 3566 nobis,
1837 3502 2019 3554 tamen
2056 3511 2089 3553 a
2124 3496 2240 3554 Deo
2268 3511 2511 3580 cognos-

501 3591 722 3658 cuntur,
749 3590 805 3641 et
831 3601 864 3642 a
887 3585 1064 3642 beatis
1089 3585 1387 3642 secundum
1416 3586 1635 3644 modum
1658 3600 1839 3654 suum,
1871 3592 1927 3643 et
1954 3585 2035 3641 sic
2072 3585 2143 3642 de
2167 3575 2366 3643 divinis
2393 3585 2513 3642 du·-

503 3673 628 3749 plex
650 3673 884 3744 scientia
918 3657 1169 3731 habetur.
1198 3675 1314 3731 Una
1339 3674 1639 3731 secundum
1678 3673 1900 3732 modum
1929 3664 2195 3740 nostrum,
2223 3689 2331 3747 qua
2371 3688 2511 3730 sen-

504 3761 742 3818 sibilium
768 3761 1038 3836 principia
1065 3763 1264 3837 accipit
1293 3763 1363 3820 ad
1387 3762 1777 3822 notificandum
1806 3761 2009 3831 divina,
2025 3768 2081 3818 et
2103 3761 2183 3818 sic
2210 3762 2279 3819 de
2303 3762 2511 3820 divinis

503 3850 815 3925 Philosophi
842 3851 1128 3909 scientiam
1162 3852 1523 3918 tradiderunt,
1549 3851 1945 3925 philosophiam
1982 3852 2215 3924 primam
2261 3850 2511 3910 divinam

501 3939 795 4019 scientiam
833 3941 1096 4020 dicenteS,
1122 3940 1243 4002 Alia
1287 3941 1585 4022 secundum
1626 3939 1849 4001 modum
1887 3940 2133 4015 ipsorum
2168 3931 2508 4013 divinorum,
