2800 4492
461 311 588 380 392
943 323 1000 374 s.
1039 318 1278 368 ‘mcum
1316 315 1649 372 neuma-ns
1688 315 1999 364 oruscuna

463 445 810 522 perpetuitas
837 439 1014 515 culpae
1041 453 1152 496 non
1174 442 1259 494 est
1287 452 1354 493 ex
1381 441 1541 508 parte
1565 431 1831 506 corporis,
1862 431 1963 490 sed
1999 449 2069 492 ex
2090 437 2255 510 parte
2281 429 2517 495 volun-

465 538 620 603 tatis,
653 549 781 609 quae
807 530 964 602 eligit
987 533 1251 604 perpetuo
1278 524 1336 582 in
1358 528 1587 598 peccato
1617 537 1858 580 manere.
1882 522 2027 596 Ergo
2051 523 2237 582 divina
2256 523 2517 596 justitia

467 641 577 684 non
599 621 833 696 requirit
860 618 1007 692 quod
1035 631 1234 690 corpus
1261 613 1605 674 aeternalitur
1630 611 1910 685 puniatur.

539 717 594 770 3.
633 714 926 775 Praeterea,
954 721 1154 780 corpus
1197 719 1303 762 non
1347 702 1575 775 punitur
1612 715 1713 774 pro
1760 706 1991 774 peccato
2030 700 2228 762 animae
2271 702 2389 760 nisi
2434 703 2509 759 in
2590 699 2603 702 “

468 806 738 876 quantum
765 805 850 856 est
881 809 1148 868 organum
1173 792 1372 852 animae
1406 789 1687 863 operantis
1710 794 2019 862 peccatum.
2044 789 2151 848 Sed
2176 791 2231 848 in
2260 791 2505 864 aliqua-

469 889 612 948 libus
636 886 851 946 actibus
877 889 1063 959 potest
1091 896 1210 938 esse
1241 885 1530 979 peccatum
1552 876 1784 936 mortale
1813 877 1868 933 in
1906 876 2105 949 quibus
2130 894 2333 952 corpus
2376 896 2499 936 non

470 975 860 1041 communicat,
891 971 1034 1034 sicut
1061 974 1214 1044 patet
1239 969 1295 1025 in
1324 967 1568 1041 peccatis
1586 965 1981 1038 spiritualibus».
2007 965 2149 1038 Ergo
2192 969 2237 1024 si
2280 967 2499 1041 aliquis

471 1081 570 1145 pro
593 1065 673 1122 eis
700 1064 834 1122 solis
869 1062 1181 1144 damnetur,
1209 1057 1427 1131 corpori
1456 1056 1575 1128 ejus
1598 1070 1706 1112 non
1734 1053 1964 1112 debetur
1992 1070 2154 1129 poena
2192 1065 2489 1130 perpetua.

544 1157 600 1212 4.
628 1155 920 1222 Praeterea,
951 1150 1096 1206 sicut
1143 1147 1367 1221 aliquis
1379 1145 1673 1202 damnatur
1702 1151 1925 1216 propter
1970 1153 2256 1216 peccatum
2296 1145 2530 1202 trans-

471 1242 788 1316 gressionis,
835 1242 912 1297 ita
950 1238 1243 1295 damnatur
1289 1241 1512 1307 propter
1551 1237 1841 1306 peccatum
1892 1232 2224 1290 omissionis.
2268 1234 2375 1290 Sed
2432 1234 2491 1290 in

471 1331 768 1389 omissione
800 1327 933 1386 nihil
973 1330 1298 1398 cooperatur
1333 1336 1554 1394 corpus.
1582 1321 1731 1394 Ergo
1770 1335 1880 1378 non
1910 1320 2142 1378 debetur
2182 1321 2289 1378 sibi
2320 1339 2494 1396 poena

473 1419 821 1497 perpetua,si
847 1421 1071 1491 propter
1092 1417 1382 1487 peccatum
1407 1409 1718 1467 omissionis
1740 1409 1941 1482 aliquis
1970 1408 2296 1480 damnetur3
2322 1419 2379 1468 et
2408 1411 2492 1470 sic

446 1509 658 1566 ‘divina
683 1506 902 1581 justitia
937 1519 1046 1562 non
1086 1501 1322 1576 requirit
1345 1513 1577 1573 corpora
1606 1497 1991 1556 damnatorum
2033 1513 2155 1556 esse
2192 1499 2491 1576 incorrup-

477 1596 700 1672 tibine.-

547 1667 655 1744 Sed
679 1690 891 1749 contra,
924 1684 1136 1736 remota
1160 1691 1326 1736 causa
1359 1679 1675 1734 removetur
1712 1674 1959 1732 effectus.
1990 1673 2097 1734 Sed
2136 1685 2259 1749 post
2296 1661 2493 1735 resm-

477 1775 778 1832 rectionem
803 1769 1042 1828 cessabit
1065 1773 1247 1824 motus
1269 1764 1416 1833 coeli,
1448 1763 1545 1838 qui
1568 1769 1654 1822 est
1680 1778 1846 1820 causa
1873 1764 2243 1838 corruptionis
2279 1768 2334 1822 in
2358 1783 2494 1824 cor-

480 1861 723 1937 poribus.
773 1859 918 1930 Ergo
965 1855 1202 1934 cessabit
1251 1853 1561 1927 corrupti03
1590 1858 1651 1911 et
1697 1852 1779 1912 sic
1822 1868 2055 1927 corpora
2104 1854 2499 1914 damnatorum

478 1958 638 2008 erunt
666 1944 1122 2020 incorruptibilia.

546 2035 869 2110 Respondeo
898 2033 1208 2100 dicendum,
1237 2029 1384 2106 quod
1420 2047 1653 2106 corpora
1682 2032 2069 2089 damnatorum
2103 2042 2263 2090 erunt
2305 2037 2497 2092 incor-

477 2125 779 2200 ruptibilia,
803 2124 1056 2200 quamvis
1084 2123 1192 2180 sint
1214 2121 1515 2196 passibilia.
1538 2120 2076 2194 Incorruptibilitatis
2100 2129 2285 2182 autem
2316 2125 2495 2198 prima

478 2231 644 2273 causa
669 2221 724 2272 et
758 2212 1074 2312 principalis
1099 2215 1184 2269 est
1212 2210 1435 2284 justitia
1472 2208 1677 2276 divina,
1706 2225 1831 2280 quae
1868 2210 2215 2268 conservabit
2260 2229 2496 2312 corpora

479 2304 865 2362 damnatorum
893 2301 949 2357 in
979 2299 1257 2374 perpetuis
1281 2297 1493 2372 poenis;
1520 2297 1617 2353 sed
1658 2311 1824 2356 causa
1860 2299 2209 2371 secundaria,
2240 2309 2298 2358 et
2332 2302 2495 2375 quasi

480 2392 834 2466 coadjuvans,
867 2389 974 2448 erit
1019 2389 1178 2462 quies
1224 2394 1408 2444 motus
1446 2386 1604 2457 coeli3
1635 2402 1745 2460 quo
1786 2387 2121 2460 quiescente,
2152 2388 2302 2447 nulla
2346 2391 2497 2447 actio

481 2481 567 2539 vel
593 2481 773 2554 passio
801 2477 1003 2553 poterit
1027 2492 1148 2534 esse
1184 2476 1243 2534 in
1279 2474 1617 2550 corporibus,
1646 2473 1923 2549 pertinens
1968 2477 2039 2533 ad
2070 2479 2499 2536 transmutatio-

480 2587 606 2628 nem
656 2577 893 2627 naturae.
931 2566 1086 2626 Unde
1128 2573 1184 2623 et
1227 2580 1458 2640 corpora
1500 2565 1885 2621 damnatorum
1934 2579 2044 2621 non
2089 2566 2379 2639 patiuntur
2424 2569 2498 2626 ab

482 2661 606 2732 igne
632 2660 882 2731 passione
909 2665 1145 2724 natum,
1177 2671 1286 2727 qua
1319 2663 1517 2711 natura
1553 2654 1797 2727 corporis
1822 2653 2046 2711 humani
2094 2661 2499 2715 transmutetur

483 2763 516 2805 a
544 2754 741 2803 natura
764 2761 895 2828 sua;
926 2743 1024 2800 sed
1062 2743 1341 2817 patientur
1368 2743 1621 2815 passione
1651 2739 1867 2808 animae,
1900 2744 2043 2800 sicut
2071 2759 2341 2818 organum
2363 2763 2500 2804 sen-

483 2851 576 2890 sus
605 2851 636 2891 a
666 2787 929 2900 sensibili,
963 2831 1309 2904 suscipiendo
1337 2829 1753 2886 similitudinem
1778 2831 2062 2904 qualitatis
2090 2834 2387 2892 sensibilis.

552 2921 636 2980 Ad
663 2921 900 2996 primum
928 2935 1059 2993 ergo
1082 2918 1394 2984 dicendum,
1429 2917 1573 2990 quod
1600 2919 1741 2975 ratio
1767 2917 1861 2975 illa
1896 2920 2144 2992 procedit
2181 2937 2250 2976 ex
2280 2922 2499 2979 insuffi-

483 3011 650 3072 cienti
677 3010 978 3079 divisione;
1003 3015 1087 3065 est
1129 3007 1272 3063 enim
1311 3005 1402 3062 hic
1436 3006 1547 3064 alia
1587 3022 1755 3063 causa
1792 3007 2217 3080 incorruptionis
2256 3025 2289 3067 a
2332 3011 2497 3068 rebus

484 3115 610 3174 quae
653 3105 954 3172 tanguntur
981 3098 1038 3154 in
1067 3094 1404 3169 objectione;
1432 3094 1645 3153 scilicet
1685 3095 1967 3152 decretum
1998 3096 2201 3154 divinae
2235 3100 2493 3170 justitiae.

485 3188 748 3258 Quamvis
772 3188 946 3259 possit
985 3186 1094 3244 dici
1119 3185 1306 3259 aliquo
1337 3184 1521 3252 modo,
1553 3183 1701 3258 quod
1724 3183 1889 3242 etiam
1920 3200 2016 3256 per
2050 3172 2308 3246 naturam
2332 3197 2497 3247 erunt

484 3275 941 3348 incorruptibilia,
973 3275 1032 3334 in
1063 3281 1330 3348 quantum
1369 3272 1583 3330 scilicet
1618 3269 1931 3333 removetur
1968 3274 2221 3334 naturale
2261 3293 2500 3354 corrup-

486 3362 651 3421 tionis
674 3363 1040 3438 principium3
1071 3364 1279 3421 scilicet
1308 3369 1491 3420 motus
1513 3361 1660 3420 coeli.

555 3452 642 3512 Ad
668 3452 971 3510 secundum
1013 3452 1320 3519 dicendum,
1353 3449 1502 3525 quod
1530 3454 1817 3524 peccatum
1847 3456 1903 3508 et
1938 3441 2211 3510 rationem
2234 3454 2412 3530 culpae
2438 3465 2497 3516 et

485 3541 873 3616 perpetuitatis
899 3540 1068 3599 habet
1090 3555 1159 3598 ex
1183 3541 1385 3608 anima,
1412 3553 1522 3620 non
1545 3554 1613 3596 ex
1645 3553 1906 3612 corpor03
1934 3539 2103 3611 unde,
2127 3540 2273 3599 sicut
2296 3559 2499 3620 corpus

483 3632 710 3705 punitur
751 3646 851 3705 pro
885 3638 1129 3704 peccato,
1157 3630 1218 3686 in
1243 3635 1511 3702 quantum
1546 3633 1632 3685 est
1674 3627 2101 3686 instrumentum
2141 3635 2357 3702 peccati
2396 3651 2501 3692 ra-

485 3720 693 3778 tionem
720 3719 899 3795 cuipae
945 3716 1196 3777 habentis
1233 3715 1304 3774 ab
1343 3715 1547 3786 anima,
1576 3713 1655 3774 ita
1694 3723 1958 3790 perpetuo
2003 3715 2189 3790 puniri
2229 3719 2413 3792 debet,
2437 3723 2499 3782 in

487 3815 758 3881 quantum
785 3815 872 3868 est
890 3808 1314 3868 instrumentum
1337 3804 1552 3878 peccati
1580 3803 1729 3878 quod
1754 3803 1923 3864 habet
1964 3807 2389 3880 perpetuitatem
2424 3827 2499 3868 ex

486 3897 798 3965 voluntate,
