2800 4492
521 308 603 366 74
990 318 1056 361 s.
1102 313 1334 358 1·quAE
1374 307 1703 361 ,tomi-{Ans
1744 305 2059 367 croscum

528 435 914 509 corruptibilis.
955 432 1023 488 Et
1065 446 1162 504 per
1191 429 1331 485 hauc
1369 425 1736 483 substantiam
1762 422 2152 489 defenduntur,
2186 438 2255 478 ne
2286 426 2549 494 oporteat

529 544 622 584 eos
656 540 856 598 ponere
893 519 1254 578 substantiam
1283 515 1621 590 sphaerarum
1650 511 1841 580 dividi,
1885 519 1981 569 aut
2009 511 2118 567 duo
2146 526 2377 583 corpora
2423 526 2546 566 esse

529 618 581 673 in
609 616 800 672 eodem
841 612 979 668 loco.

1222 780 1681 844 ARTICULUS
1722 779 1835 842 IV.

635 926 851 991 Utrum
879 920 1144 984 varietas
1171 917 1288 980 loci
1329 913 1573 995 aliquid
1600 915 1877 992 operetur
1912 911 1994 974 ad
2021 911 2435 992 differentiam

1190 1005 1512 1069 secundum
1539 1017 1873 1064 numerum.

600 1147 684 1206 Ad
711 1149 968 1218 quartum
997 1138 1076 1196 sic
1103 1136 1438 1211 proceditur.
1468 1137 1521 1191 4.
1553 1133 1780 1189 Videtur
1808 1131 1953 1204 quod
1994 1130 2096 1186 loci
2132 1132 2371 1188 varietas
2409 1133 2547 1188 nihil

531 1235 698 1292 faciat
736 1235 805 1289 ad
833 1227 1213 1286 diversitatem
1251 1223 1881 1306 secundumnumer'um.
1919 1219 2094 1274 Causa
2124 1219 2269 1274 enim
2303 1220 2548 1276 diversi-

532 1327 662 1382 tatis
697 1320 996 1380 secundum
1034 1331 1315 1374 numerum
1341 1320 1425 1370 est
1454 1314 1511 1368 in
1542 1313 1674 1384 ipsis
1697 1307 1823 1382 quae
1852 1324 2077 1365 numero
2115 1309 2372 1365 differunt
2404 1328 2417 1364 ε
2446 1312 2544 1367 sed

531 1413 682 1469 locus
705 1417 788 1467 est
812 1415 968 1465 extra
997 1405 1195 1472 locata,
1229 1415 1356 1473 ergo
1379 1417 1447 1456 ex
1472 1399 1793 1456 diversitate
1819 1397 2061 1462 locorum
2088 1411 2191 1451 non
2218 1403 2399 1468 potest
2424 1415 2546 1455 esse

530 1517 696 1560 causa
725 1495 1062 1556 diversitatis
1084 1494 1384 1550 secundum
1412 1503 1722 1546 numerum.

601 1597 654 1650 2.
683 1591 836 1655 Item,
866 1601 952 1642 res
981 1600 1086 1640 non
1117 1588 1202 1638 est
1230 1577 1501 1650 completa
1537 1577 1592 1632 in
1620 1592 1737 1632 esse
1762 1574 1867 1632 nisi
1900 1592 1993 1646 per
2022 1575 2143 1642 hoc,
2184 1576 2331 1647 quod
2362 1585 2447 1633 est
2474 1578 2546 1633 ab

533 1682 654 1750 aliis
692 1679 951 1734 distincta
993 1691 1006 1728 t
1051 1671 1146 1728 sed
1183 1671 1334 1725 locus
1372 1667 1593 1724 advenit
1628 1673 1750 1737 post
1780 1679 1900 1722 esse
1928 1663 2281 1736 completum,
2316 1667 2459 1722 unde
2488 1675 2547 1723 et

533 1775 714 1826 motus
751 1766 821 1822 ad
868 1763 1044 1818 locum
1091 1766 1174 1814 est
1215 1763 1396 1814 motus
1437 1754 1664 1827 perfecti
1704 1752 2003 1809 secundum
2053 1751 2546 1821 substantiam‚·ut

533 1858 733 1914 dicitur
770 1869 833 1908 rx
859 1851 1056 1923 Phys.;
1088 1861 1216 1917 ergo
1248 1860 1356 1900 non
1382 1851 1563 1916 potest
1596 1859 1663 1898 ex
1695 1841 1813 1897 loco
1843 1843 1984 1898 sumi
2013 1840 2199 1915 aliqua
2222 1858 2393 1899 causa
2423 1844 2546 1900 dis·
2604 1893 2611 1902 .

537 1944 814 2002 tinctionis
846 1941 901 1996 in
930 1935 1250 2009 corporibus
1275 1933 1489 1990 locatis.

645 2035 862 2095 .,1tem
913 2025 1190 2084 distinctio
1233 2023 1533 2079 secundum
1562 2035 1848 2079 numerum
1889 2028 1974 2076 est
2016 2020 2357 2079 invariabilis
2397 2025 2547 2082 circa

534 2127 654 2197 ipsa
687 2121 992 2179 distincta.
1030 2115 1127 2172 sed
1157 2131 1190 2170 a
1229 2129 1393 2170 causa
1422 2109 1675 2168 variabili
1715 2125 1824 2166 non
1855 2109 2102 2181 procedit
2130 2111 2400 2190 effectus
2387 2129 2549 2170 inva-

535 2211 778 2279 riabilis;
816 2221 946 2278 ergo
987 2219 1111 2260 cum
1151 2202 1302 2258 locus
1325 2201 1568 2257 varietur
1598 2199 1745 2254 circa
1789 2197 2045 2265 locatum,
2079 2214 2186 2254 non
2218 2187 2399 2272 potest
2426 2219 2547 2260 esse

536 2300 682 2374 quod
710 2297 1004 2355 diversitas
1031 2291 1330 2350 secundum
1352 2290 1535 2346 locum
1565 2288 1637 2344 sit
1668 2303 1839 2344 causa
1864 2287 2203 2346 diversitatis
2244 2291 2547 2349 secundum

535 2402 842 2446 numerum.

607 2483 660 2535 4.
703 2479 857 2542 Item,
912 2477 1121 2534 remota
1162 2483 1330 2527 causa
1370 2473 1683 2524 removetur
1712 2466 1936 2522 effectus
1975 2481 1990 2520 ε
2038 2465 2137 2522 sed
2175 2466 2475 2540 aliquando
2514 2487 2547 2527 a

535 2568 747 2626 duobus
775 2562 1092 2636 corporibus
1119 2563 1429 2614 removetur
1456 2571 1553 2628 per
1584 2553 1905 2610 miraculum
1934 2553 2213 2611 distinctio
2240 2557 2545 2614 secuudum

537 2657 734 2720 locum,
774 2657 835 2708 ut
876 2650 1026 2722 prius
1065 2647 1274 2702 dictum
1303 2652 1404 2709 est,
1445 2651 1499 2698 et
1544 2648 1725 2698 tamen
1756 2659 1863 2698 non
1910 2648 2219 2700 removetur
2258 2637 2581 2703 distinctio'

538 2741 837 2800 secundum
883 2750 1196 2802 numerurm
1240 2747 1369 2803 ergo
1420 2731 1697 2786 distinctio
1744 2731 2038 2788 secundum
2080 2730 2261 2790 locum
2305 2747 2413 2790 non
2456 2743 2544 2792 est

537 2846 704 2888 causa
727 2823 1064 2884 diversitatis
1086 2820 1385 2878 secundum
1412 2834 1721 2884 numerum,

559 2947 564 2954 ·
610 2922 662 2974 5.
693 2917 850 2986 Item,
886 2911 1177 2970 diversitas
1201 2907 1498 2964 secundum
1524 2923 1811 2965 numerum
1844 2923 1951 2965 non
1982 2908 2159 2965 solum
2186 2909 2465 2968 invenitur
2491 2913 2547 2969 in

441 3020 444 3023 ’
540 3004 873 3080 corporibuS,
903 3001 1001 3058 sed
1030 2999 1197 3056 etiam
1222 2997 1274 3054 in
1301 2996 1623 3054 substantiis
1648 2995 1981 3068 incorporeis
2013 3013 2026 3050 ε
2054 2997 2151 3053 sed
2175 2997 2232 3054 in
2254 2999 2334 3054 eis
2356 3001 2548 3057 diver-

539 3099 672 3153 sitas
703 3091 1000 3150 secundum
1023 3087 1202 3144 locum
1227 3100 1332 3140 non
1358 3090 1537 3156 potest
1563 3099 1683 3140 esse
1702 3099 1867 3140 causa
1886 3085 2223 3142 diversitatis
2246 3089 2549 3146 secundum

541 3197 844 3246 numerum,
891 3193 1016 3234 cum
1057 3175 1176 3248 ipsa
1206 3172 1567 3244 incorporalia
1613 3173 1669 3227 in
1711 3171 1828 3228 loco
1860 3188 1965 3228 non
2000 3174 2127 3240 sint,
2158 3181 2219 3229 ut
2247 3176 2365 3248 ipse
2388 3179 2545 3235 Boet,

542 3273 676 3329 dicit
705 3271 760 3325 in
787 3267 878 3324 lib.
922 3266 990 3322 de
1015 3259 1491 3329 Heddomadibus‚·
1535 3276 1664 3332 ergo
1693 3261 1985 3318 diversitas
2024 3263 2322 3321 secundum
2364 3265 2548 3323 locum

541 3376 649 3416 non
679 3363 858 3430 potest
875 3355 1000 3427 poni
1025 3366 1190 3410 causa
1209 3349 1549 3406 diversitatis
1568 3348 1867 3405 secuudum
1895 3366 2183 3408 numerum
2200 3354 2547 3428 naturaliter,

541 3458 602 3505 ut
627 3449 742 3521 ipse
772 3443 986 3502 videtur
1014 3441 1217 3498 dicere.

613 3540 665 3592 l.
706 3533 813 3592 Sed
841 3537 1031 3588 contra
1055 3536 1154 3594 est,
1191 3527 1338 3600 quod
1367 3541 1433 3583 ea
1464 3541 1589 3598 quae
1617 3525 1875 3580 differunt
1903 3527 2203 3584 secundum
2240 3546 2551 3602 numerum,

543 3627 799 3682 differunt
825 3617 1196 3677 accidentibus
1233 3632 1246 3670 :
1277 3615 1371 3670 sed
1401 3613 1603 3668 nullius
1632 3612 1933 3669 accidentis
1968 3614 2261 3674 diversitas
2288 3619 2367 3676 ita
2402 3621 2555 3678 inse·

543 3712 857 3784 parabiliter
880 3725 957 3765 -se
998 3706 1164 3762 habet
1191 3702 1258 3760 ad
1291 3701 1669 3761 diversitatem
1706 3701 1759 3756 in
1806 3719 2049 3770 numero,
2088 3700 2231 3762 sicut
2260 3707 2557 3766 diversitas

545 3803 692 3870 loeo;
725 3815 852 3871 ergo
879 3797 1172 3854 diversitas
1199 3793 1258 3850 in
1285 3789 1404 3850 loco
1433 3791 1668 3850 maxime
1697 3789 1913 3849 videtur
1941 3791 2124 3852 facere
2152 3795 2223 3852 ad
2256 3795 2557 3858 diversita-

547 3898 656 3949 tem
681 3889 736 3945 iu
762 3899 1008 3945 numero.
