2800 4492
489 314 603 383 174
666 368 681 381 .
965 332 1015 382 s.
1061 328 1295 383 ‘1⁸quAE
1333 326 1664 389 AQmNA'rrs
1706 328 2016 383 oruseom

488 468 629 508 rum.
669 452 776 510 Sed
812 450 986 509 Judaei
1014 461 1139 510 sunt
1162 470 1307 512 servi
1334 470 1526 527 regum
1555 459 1612 511 et
1657 452 1982 527 principum.
2021 449 2162 523 Ergo
2193 454 2249 507 et
2277 444 2372 505 tilii
2397 464 2500 505 eo·-

490 558 630 599 rum.
661 544 837 615 Reges
862 558 990 617 ergo
1010 552 1065 600 et
1084 544 1354 618 principes
1380 545 1582 601 habent
1610 551 1939 643 potestatem
1954 544 2019 599 de
2046 542 2172 598 filiis
2185 542 2211 595 J
2219 541 2496 597 udoeoruin

490 631 670 688 facere
700 632 844 705 quod
883 623 1176 691 voluerint.
1217 634 1380 691 Nulla
1410 647 1540 705 ergo
1567 640 1712 691 esset
1739 632 1960 706 injuria,
2004 631 2048 687 si
2091 628 2498 703 baptizarentur·

492 718 680 777 invitis
708 720 1046 793 parentibus..

562 810 612 863 4.
646 812 935 877 Praeterea,
969 810 1198 884 quilibet
1222 811 1381 869 homo
1407 812 1578 885 magis
1605 818 1688 869 est
1713 809 1830 876 Dei,
1861 827 1892 867 a
1918 824 2026 884 quo
2051 804 2213 865 habet
2238 806 2490 873 animam,

492 896 659 971 quam'
688 900 859 971 patris
883 901 1135 969 carnalis,
1170 918 1200 957 a
1231 918 1339 974 quo
1370 899 1533 958 habet
1557 918 1774 975 corpus·
1807 901 1925 956 Non
1951 908 2034 957 est
2057 915 2187 972 ergo
2213 899 2494 971 injustum,

492 986 537 1041 sl
576 988 731 1059 pueri
764 988 1077 1045 Judaeorum
1118 989 1428 1046 carnalibus
1456 986 1771 1063 parentibus
1799 988 2132 1055 auferantur,
2166 996 2222 1043 et
2263 988 2378 1043 Deo
2407 1003 2524 1059 per-

494 1074 825 1147 baptismum
858 1084 1264 1135 consecrentur.

566 1164 618 1218 5.
650 1166 938 1234 Praeterea,
980 1166 1287 1239 baptismus
1324 1173 1408 1223 est
1441 1165 1712 1224 efficacior
1741 1166 1807 1223 ad
1839 1166 2070 1223 salutem
2101 1181 2266 1239 quam
2298 1162 2498 1237 praedi-

496 1254 641 1309 catio
662 1270 675 1322 ;
701 1256 829 1327 quia
852 1269 949 1329 per
969 1252 1303 1329 baptismum
1327 1257 1515 1313 statim
1538 1254 1744 1313 tollitur
1766 1256 1980 1329 peccati
2007 1248 2220 1313 macula
2240 1261 2297 1309 et
2316 1262 2500 1309 reatus

496 1354 693 1416 poenae,
726 1354 782 1399 et
810 1345 1053 1417 aperitur
1088 1346 1260 1418 janua
1296 1338 1442 1403 coel'i.
1473 1343 1579 1403 Sed
1608 1346 1654 1402 si
1692 1336 1986 1417 periculum
2015 1350 2279 1417 sequatur
2307 1360 2372 1399 ex
2403 1342 2502 1397 de-

498 1433 1095 1509 fectu‘praedicationis,
1130 1435 1431 1508 imputatur
1463 1433 1513 1491 ei
1546 1434 1640 1507 qui
1667 1432 2153 1505 non·praedicavit;
2187 1440 2246 1487 ut
2273 1431 2503 1487 habetur

499 1522 691 1578 Ezech.
725 1538 791 1580 ιιι
820 1530 875 1579 et
899 1526 985 1591 33,
1017 1524 1085 1579 de
1110 1540 1173 1579 eo
1198 1524 1289 1597 qui
1324 1524 1472 1579 videt
1501 1523 1740 1594 gladium
1771 1523 2096 1591 venientem,
2129 1528 2183 1575 et
2217 1537 2320 1575 non
2350 1521 2507 1576 inso-

500 1611 678 1667 nuerit
718 1612 865 1669 tuba.
906 1613 1047 1683 Ergo
1092 1612 1263 1667 multo
1308 1611 1498 1683 magis,
1529 1598 1592 1667 ¹si
1631 1610 1783 1683 pueri
1825 1607 2135 1667 Judaeorum
2177 1610 2508 1677 damnentur

500 1708 720 1774 propter
747 1701 1020 1757 defectum
1042 1700 1321 1771 baptismi,
1350 1700 1651 1771 imputatur
1677 1700 1744 1757 ad
1770 1706 2057 1772 peccatum
2085 1699 2165 1755 eis
2187 1699 2279 1771 qui
2307 1704 2508 1771 potue-

503 1794 629 1842 runt
652 1788 929 1859 baptizare
958 1794 1013 1841 et
1040 1800 1149 1843 non
1186 1786 1620 1857 baptizaverunt.

570 1875 675 1931 Sed
705 1884 915 1942 contra,
960 1874 1162 1929 nemini
1207 1874 1456 1931 facienda
1497 1883 1580 1933 est
1621 1875 1840 1947 injuria.
1873 1874 2052 1931 Fieret
2089 1881 2272 1931 autern
2300 1874 2508 1930 Judaeis

504 1963 718 2036 injuria,
751 1964 797 2019 si
836 1978 1023 2020 eorum
1072 1960 1165 2018 filii
1208 1958 1616 2037 baptizarentur
1657 1966 1736 2019 eis
1780 1964 1984 2031 invitiS,
2017 1962 2144 2038 quia
2189 1963 2509 2019 amitterent

497 2055 590 2124 jus
618 2058 861 2124 paternae
902 2053 1190 2125 potestatis
1219 2052 1274 2109 in
1319 2054 1458 2111 filios
1487 2054 1601 2125 jam
1635 2052 1840 2109 fideles.
1871 2054 2012 2125 Ergo
2055 2054 2136 2108 eis
2182 2052 2368 2108 invitis
2397 2065 2510 2107 non

504 2150 630 2197 sunt
658 2141 990 2213 baptizandi.
1282 2156 1285 2161 ·

571 2230 892 2303 Respondeo
934 2229 1243 2299 dicendum,
1291 2232 1436 2305 quod
1469 2230 1757 2288 maximam
1794 2230 2176 2287 auctoritatem
2204 2227 2370 2286 habet
2397 2229 2509 2285 Ec-

502 2318 683 2375 clesiae
722 2318 1076 2389 consuetude,
1109 2332 1233 2394 quae
1274 2337 1489 2393 semper
1517 2330 1600 2377 est
1627 2321 1682 2375 in
1723 2320 1972 2375 omnibus
1995 2319 2334 2387 aemulanda3
2377 2320 2510 2391 quia

502 2418 556 2463 et
594 2409 710 2479 ipsa
734 2410 983 2466 doctrina
1010 2410 1401 2467 catholicorum
1437 2409 1720 2465 doctorum
1751 2410 1819 2465 ab
1846 2406 2088 2465 Ecclesia
2118 2406 2508 2463 auctoritatem

502 2496 868 2565 habet3‘unde
898 2499 1071 2569 magis
1098 2506 1183 2554 est
1211 2498 1467 2555 standum
1497 2496 1885 2555 'consuetudini
1916 2497 2175 2553 Ecclesiae
2221 2508 2386 2567 quam
2423 2496 2506 2553 vel

503 2587 817 2643 auctoritati
866 2584 1153 2657 Augustini
1195 2586 1281 2642 vel
1309 2587 1647 2659 Hieronymi,
1693 2586 1775 2642 vel
1821 2587 2211 2658 cujuscumque
2239 2584 2504 2641 doctoris,

504 2676 621 2730 Hoc
662 2684 846 2730 autem
874 2674 1133 2730 Ecclesiae
1168 2690 1296 2731 usus
1325 2692 1603 2747 nunquam
1645 2675 1835 2731 habuit
1863 2674 2008 2748 quod
2053 2674 2365 2730 Judaeorum
2410 2672 2506 2730 filii

502 2763 689 2819 invitis
715 2762 1031 2835 parentibus
1060 2762 1484 2835 baptizarentur,
1515 2764 1764 2838 quamvis
1806 2764 2004 2819 suerint
2037 2763 2324 2827 retroactis
2363 2769 2509 2818 tem-

506 2851 727 2923 poribus
769 2850 924 2906 multi
967 2851 1219 2907 catholici
1263 2853 1534 2926 principes
1575 2851 1956 2925 potentissimi,
1993 2863 2052 2908 ut
2095 2852 2503 2917 ConstantinuS‚

508 2938 860 3008 Theodosius„
908 2947 963 2994 et
1004 2940 1325 3013 alii-plureS,
1354 2943 1552 3013 quibus
1594 2942 1889 2998 familiares
1929 2941 2146 2998 fuerunt
2174 2938 2505 2997 sanctissimi

507 3028 777 3103 Episcopi,
824 3037 883 3086 ut
925 3028 1184 3087 Silvester
1219 3028 1592 3097 Constantino,
1627 3038 1683 3086 et
1711 3029 2028 3086 Ambrosius
2057 3030 2376 3096 TlieodosiO,
2413 3025 2506 3101 qui

508 3118 651 3173 nullo
690 3118 847 3174 modo
882 3119 1359 3191 praetermisissent
1389 3119 1458 3174 ab
1505 3114 1582 3175 eis
1621 3118 1931 3192 impetrare,
1963 3119 2006 3173 si
2049 3117 2151 3173 hoc
2197 3123 2342 3173 esset
2368 3132 2508 3172 con-

504 3222 693 3261 sonum
724 3206 941 3263 rationi.
978 3206 1047 3260 Et
1088 3206 1209 3265 ideo
1241 3207 1602 3279 periculosum
1633 3207 1846 3263 videtur
1876 3207 2013 3262 hanc
2051 3206 2408 3261 assertionem
2439 3206 2508 3259 de

505 3306 643 3349 novo
681 3294 955 3361 inducere,
1009 3302 1069 3349 ut
1114 3284 1311 3367 praeter
1362 3295 1810 3351 consuetudinem
1856 3296 1910 3350 in
1958 3294 2200 3349 Ecclesia
2245 3293 2510 3350 hactenus

504 3382 845 3438 observatam
872 3380 1182 3439 Judaeorum
1215 3384 1307 3440 filii
1341 3383 1526 3441 invitis
1556 3384 1872 3457 parentibus
1901 3382 2266 3455 baptizentur.

574 3471 640 3527 Et
668 3471 827 3543 hujus
855 3474 995 3529 ratio
1022 3480 1104 3529 est
1127 3473 1346 3546 duplex.
1374 3472 1496 3547 Una
1526 3472 1744 3545 quidem
1777 3480 1994 3545 propter
2025 3472 2324 3542 periculum
2359 3469 2506 3528 fidei.

504 3561 558 3617 Si
587 3560 727 3615 enim
758 3562 910 3633 pueri
942 3563 1179 3617 nondum
1222 3576 1379 3617 usum
1411 3560 1636 3617 rationis
1663 3562 1926 3617 habentes
1954 3559 2284 3633 baptismum
2329 3554 2510 3615 susci-

507 3658 724 3721 perent;
770 3653 1112 3722 postmodum
1155 3664 1275 3705 cum
1321 3650 1388 3705 ad
1435 3648 1731 3722 perfectam
1769 3656 1990 3707 aetatem
2027 3650 2393 3723 pervenirent,
2441 3649 2512 3703 de

505 3738 648 3792 facili
681 3732 897 3810 possent
924 3756 955 3795 a
983 3739 1297 3810 parentibus
1323 3738 1508 3795 induci
1539 3746 1598 3795 ut
1627 3739 1998 3811 relinquerent
2023 3739 2166 3811 quod
2197 3738 2512 3809 ignorantes

506 3836 860 3897 susceperunt
886 3844 897 3880 :
922 3827 1066 3899 quod
1090 3834 1393 3883 verteretur
1416 3828 1469 3882 in
1498 3826 1618 3881 fidei
1641 3824 2048 3883 detrimentum.
2073 3826 2192 3882 Alia
2218 3841 2344 3881 vero
2370 3827 2514 3881 ratio
2539 3828 2544 3835 '

511 3921 621 3981 est,
646 3914 775 3985 quia
816 3922 1083 3985 repugnat
1117 3916 1350 3986 justitiae
1378 3916 1632 3972 naturali.
1675 3916 1842 3972 Filius
1881 3918 2022 3973 enim
2069 3914 2390 3972 naturaliter
2427 3919 2512 3970 est
