2800 4492
530 343 652 409 570
1007 361 1060 409 ε.
1105 362 1337 408 ‘moiun
1377 361 1705 412 sommus
1746 360 2055 406 croscum

603 484 654 535 2.
681 478 972 549 Praeterea,
998 482 1124 538 Act.
1151 496 1204 547 v,
1233 484 1298 537 29
1326 497 1341 535 τ
1371 480 1481 537 Deo
1500 486 1709 553 oportet
1731 477 1903 551 magis
1926 476 2133 535 obedire
2168 492 2328 551 quam
2364 472 2547 534 homi·

538 566 710 623 nibus.
759 568 865 626 Sed
905 570 1051 625 Deus
1097 569 1346 641 praecipit
1399 569 1673 642 praecipue
1718 568 1961 641 praeiatis
2010 565 2155 641 quod
2201 566 2545 641 praedioent3

538 672 578 711 n
605 658 671 713 ad
702 658 938 714 Timoth.
967 674 1045 724 lv,
1075 663 1106 716 2
1135 676 1148 713 :
1179 658 1430 714 Praedica
1458 659 1695 715 verbum.
1727 659 1871 730 Ergo
1897 662 2005 715 etc.

601 750 653 800 3.
682 748 968 813 Praeterea‚
999 746 1179 802 nulius
1222 747 1384 803 debet
1431 746 1655 805 obedire
1692 748 1864 805 alicui
1909 748 2053 803 ineo
2097 746 2152 802 in
2188 763 2297 819 quo
2338 751 2549 819 peccat

537 836 874 908 praecipiens.
903 836 1011 893 Sed
1033 835 1285 909 princeps
1309 844 1499 909 peccat
1526 835 1859 909 prohibendo
1885 837 2003 892 hoc.
2036 836 2180 907 Ergo
2204 844 2312 892 etc.

605 924 825 992 Contra,
854 928 977 981 Act.
1006 940 1138 993 xm,
1163 927 1228 980 46
1259 924 1429 991 :Quia
1450 924 1721 999 repulistis
1747 924 1962 981 verbum
1992 923 2113 991 Dei,
2141 932 2251 981 etc.

605 1012 894 1079 Praeterea,
925 1013 1120 1070 nauh.
1142 1028 1200 1081 x,
1237 1017 1303 1070 23
1324 1014 1411 1070 :Si
1438 1030 1527 1070 vos
1548 1012 1815 1086 persecuti
1838 1012 2044 1085 fuerint
2067 1011 2127 1067 in
2157 1027 2267 1067 una
2297 1010 2547 1077 civitate,

536 1099 706 1173 fuqite
735 1102 794 1157 in
821 1102 1004 1158 aliam.
1263 1108 1268 1113 “

606 1190 926 1262 Respondeo
950 1190 1258 1259 dicendum,
1288 1191 1434 1264 quod
1478 1190 1567 1248 hio
1608 1198 1693 1248 est
1732 1206 1869 1264 opus
1908 1189 2108 1263 duplici
2136 1189 2492 1246 distinctione
2528 1205 2544 1244 ε

537 1277 663 1350 quia
693 1280 912 1351 quando
952 1280 1151 1354 aliquis
1190 1279 1505 1353 prohibetur
1534 1278 1857 1353 praedicare,
1891 1279 1977 1337 vel
2020 1278 2338 1350 prohibetur
2364 1278 2548 1334 solum

538 1382 568 1422 a
604 1373 854 1440 tyranno,
876 1375 974 1425 aut
1025 1369 1186 1426 simui
1215 1386 1249 1425 a
1289 1378 1523 1443 tyranno
1562 1377 1616 1426 et
1664 1368 1883 1442 populo.
1910 1368 1966 1424 Si
2006 1368 2181 1440 primo
2227 1368 2413 1433 modo,
2440 1368 2544 1434 sic,

537 1470 662 1511 cum
689 1457 756 1514 de
786 1457 1132 1516 multitudine
1163 1458 1271 1513 sint
1301 1459 1469 1531 aliqui
1500 1457 1591 1531 qui
1620 1458 1809 1515 audire
1836 1455 2044 1524 volunt,
2080 1472 2187 1513 non
2226 1462 2311 1511 est
2354 1456 2551 1512 dimit-

542 1546 702 1601 tenda
728 1547 1064 1618 praedicati0‚
1091 1550 1342 1621 quamvis
1384 1547 1457 1603 sit
1486 1548 1565 1603 sio
1595 1545 1929 1603 moderanda
1976 1545 2159 1619 quoad
2204 1551 2452 1617 tempora
2490 1551 2550 1601 et

539 1634 676 1700 ioca,
711 1644 770 1691 ut
798 1652 866 1691 ex
895 1636 1090 1693 timore
1120 1637 1188 1693 ad
1229 1643 1522 1709 tyrannum
1565 1650 1671 1691 non
1720 1634 2050 1707 impediatur
2078 1650 2092 1688 z
2122 1639 2179 1689 et
2216 1632 2553 1705 quandoque

539 1724 704 1778 etiam
735 1730 863 1779 tunc
887 1723 1075 1779 liceret
1103 1726 1400 1798 praedicare
1427 1722 1637 1781 occulte
1664 1739 1763 1797 per
1790 1723 1998 1788 domos,
2028 1722 2172 1778 sieut
2201 1720 2272 1777 ab
2305 1724 2551 1793 Aposto-

539 1808 606 1866 iis
635 1811 830 1883 iegitur
856 1812 1150 1869 factum.Si
1181 1813 1421 1869 seeundo
1442 1814 1622 1879 modo,
1656 1818 1786 1867 tunc
1804 1811 1967 1867 debet
1988 1809 2185 1867 cedere
2215 1809 2549 1883 praedicator

541 1904 595 1951 ct
621 1900 806 1969 sugere
831 1901 899 1955 ad
925 1900 1031 1956 alia
1057 1901 1173 1956 ioca
1199 1901 1496 1956 secundnm
1523 1900 1840 1957 mandatum
1864 1899 2102 1955 Domini.
2129 1899 2200 1955 Et
2236 1899 2345 1955 hoc
2378 1898 2549 1955 etiam

495 2026 500 2033 ·
541 1987 838 2059 Gregorius
853 1987 986 2045 dicit
1013 1988 1065 2043 in
1096 1987 1495 2061 dialog0‚quod
1524 1989 1743 2061 quando
1770 2004 1959 2045 omnes
1982 1994 2111 2045 sunt
2137 1987 2269 2043 maii
2298 1995 2355 2044 et
2384 1986 2551 2043 indu-

541 2075 667 2141 rati,
693 2075 856 2131 debet
878 2075 957 2131 eis
981 2077 1161 2133 dicere
1190 2076 1321 2133 illud
1347 2077 1613 2149 Apostoli,
1645 2081 1769 2134 Act.
1800 2091 1931 2145 xm,
1966 2078 2033 2133 45
2066 2094 2080 2131 z
2122 2077 2240 2142 Qua
2266 2075 2547 2148 repulistis

543 2182 576 2219 a
603 2164 741 2221 vobis
767 2164 980 2221 verbum
1008 2166 1126 2233 Dei,
1147 2166 1398 2227 etc.Aiia.
1412 2166 1691 2223 distinctio
1719 2173 1803 2221 est
1828 2166 1917 2223 hie
1942 2164 2222 2222 habenda:
2242 2165 2378 2239 quia
2406 2180 2553 2238 prae-

542 2254 752 2311 dicator
775 2261 872 2311 aut
899 2254 1061 2312 habet
1088 2270 1278 2312 curam
1301 2254 1626 2322 animarum,
1653 2263 1750 2312 aut
1792 2270 1933 2323 n0n;
1963 2253 2106 2311 idest
2143 2259 2240 2310 ant
2281 2254 2553 2326 praedicat

542 2360 605 2398 ex
633 2343 956 2401 necessitato
980 2343 1164 2410 officii,
1197 2351 1292 2400 aut
1321 2344 1539 2417 propria
1570 2353 1783 2417 sponte.
1815 2344 1870 2401 Si
1902 2343 2078 2415 primo
2114 2342 2297 2410 modo,
2328 2343 2411 2399 sio
2438 2357 2553 2398 non

542 2430 706 2487 debet
751 2432 1026 2489 dimittere
1064 2448 1284 2505 gregem
1315 2433 1485 2488 etiam
1528 2439 1747 2506 propter
1794 2430 2095 2505 periculum
2142 2431 2357 2497 morti5‚
2385 2430 2555 2487 dum-

546 2520 704 2577 modo
756 2522 928 2594 possit
977 2520 1198 2594 aliquod
1244 2521 1445 2577 bonum
1482 2520 1663 2577 facere
1704 2520 2034 2577 remanendo
2082 2536 2207 2576 cum
2250 2535 2436 2593 grege.
2492 2520 2552 2577 Si

542 2608 782 2667 secundo
807 2608 986 2674 modo,
1017 2610 1098 2667 sic
1127 2611 1292 2667 etiam
1321 2608 1366 2664 si
1401 2615 1585 2681 posset
1609 2608 1683 2664 ibi
1710 2609 1851 2665 inter
1884 2609 2021 2667 tales
2056 2608 2410 2676 fructificare,
2438 2624 2553 2665 non

544 2707 759 2754 tenetur
801 2698 878 2755 ibi
915 2708 1083 2768 stare,
1115 2715 1217 2755 nec
1259 2699 1328 2755 ad
1365 2698 1673 2771 ponendum
1720 2698 1959 2757 animam
1993 2714 2149 2755 suam
2174 2696 2280 2754 nisi
2307 2699 2363 2753 in
2391 2713 2549 2767 casu,

544 2798 673 2859 puta
697 2786 741 2843 si
773 2786 972 2859 aliquis
995 2787 1157 2843 vellet
1181 2802 1530 2860 corrumpere
1554 2786 1753 2856 fidem3
1784 2793 1840 2843 et
1866 2794 1995 2844 tunc
2024 2788 2117 2842 ubi
2143 2786 2281 2843 fides
2324 2786 2554 2859 pericii-

544 2880 771 2939 taretur‚
801 2882 1078 2931 teneretur
1104 2875 1340 2933 animam
1375 2891 1473 2948 pro
1500 2874 1761 2933 fratribus
1788 2891 2005 2949 ponere,
2036 2874 2167 2949 qnia
2190 2875 2295 2933 hoo
2319 2874 2377 2931 in
2402 2892 2543 2947 prae·

541 2970 699 3037 cepto
726 2961 782 3019 in
825 2962 919 3019 tali
949 2978 1102 3021 casu.
1131 2964 1186 3019 Si
1231 2971 1415 3020 autem
1458 2980 1566 3020 non
1612 2964 1860 3021 imminet
1904 2963 2027 3021 talis
2054 2980 2233 3033 casura,
2268 2964 2352 3021 sic
2378 2970 2461 3020 est
2492 2964 2555 3022 in

540 3051 785 3119 consilio,
813 3051 940 3125 qnia
968 3052 1146 3107 omnia
1172 3051 1398 3109 consilia
1428 3053 1485 3109 in
1514 3069 1643 3111 casu
1669 3054 1871 3111 suntin
1902 3060 2200 3127 praeceptO.

610 3142 692 3198 Ad
744 3142 977 3215 primum
1034 3158 1162 3213 ergo
1197 3134 1507 3209 dicendum,
1551 3143 1698 3215 quod
1746 3144 1889 3198 Deus
1930 3142 2181 3215 praecipit
2220 3143 2552 3215 praedicare,

541 3237 723 3288 tamen
748 3230 1016 3298 ordinate,
1048 3236 1104 3287 et
1128 3246 1194 3288 eo
1225 3231 1383 3289 modo
1410 3247 1519 3305 quo
1548 3230 1679 3289 utile
1700 3232 1773 3289 sit
1796 3230 1960 3289 saluti
1992 3232 2322 3289 animarum.

609 3320 694 3376 Ad
738 3319 1036 3376 secundum
1074 3319 1382 3387 dicendum,
1433 3320 1578 3393 quod
1618 3336 1725 3377 non
1768 3327 1852 3376 est
1899 3321 2108 3394 aliquid
2160 3322 2561 3383 dimittendum

540 3408 686 3483 quod
725 3406 798 3465 sit
839 3407 1378 3473 seeundum-Deum,
1412 3409 1607 3465 timore
1645 3411 1857 3466 mortiS.
1892 3409 2046 3479 Quod
2096 3412 2141 3466 si
2190 3412 2394 3486 aliquis
2431 3415 2561 3471 sine

537 3515 704 3556 causa
733 3506 789 3555 et
818 3498 936 3555 sine
976 3497 1303 3554 necessitate
1346 3513 1406 3554 se
1444 3498 1655 3569 ingerat
1702 3500 1771 3556 ad
1816 3500 2135 3573 periculum,
2183 3516 2291 3558 non
2341 3502 2405 3559 fit
2456 3518 2566 3561 sa-

540 3584 772 3661 pienter·
1103 3612 1108 3617 ·

494 3671 498 3676 ’
605 3677 689 3735 Ad
715 3678 938 3735 tertium
965 3677 1274 3745 dicendum,
1303 3674 1673 3753 quodfalsum
1693 3683 1797 3735 est.
1828 3676 1969 3737 Nam
1993 3676 2297 3737 seeundum
2326 3682 2571 3753 Augus·-

538 3766 730 3835 tinum‚
765 3766 1059 3839 aliquando
1099 3768 1402 3841 Imperator
1452 3774 1641 3841 peccat
1683 3767 2071 3841 praecipiendo,
2123 3768 2271 3842 quod
2314 3768 2569 3829 devotus

500 3862 503 3865 ·
535 3855 691 3910 miles
719 3870 824 3910 non
850 3864 1043 3928 peccat
1078 3856 1411 3929 obediend0;
1444 3857 1677 3917 maxime
1716 3858 1764 3915 ei
1811 3856 1973 3916 militi
2014 3870 2124 3917 non
2156 3865 2373 3917 constet
2414 3858 2571 3918 illud

481 3964 486 3967 ·
536 3958 656 3999 esse
680 3950 986 4015 peccatum.
