2800 4492
482 360 614 435 '472
969 384 1025 433 s.
1065 382 1301 431 raone.
1341 377 1668 437 souma-ns
1708 376 2021 427 croscum

491 506 552 562 'et
577 490 660 562 sic
685 504 868 561 essent
897 500 1224 575 composita.
1253 499 1359 558 Sed
1387 504 1607 556 constat
1628 514 1751 556 esse
1787 497 1971 572 plures
1998 494 2266 554 essentias
2293 495 2522 567 angeli-

465 608 610 660 ⁸cas.
634 592 774 665 Ergo
798 597 1016 666 oportet
1041 605 1138 648 eas
1159 591 1215 646 in
1246 588 1431 663 aliquo
1454 587 1765 653 convenire,
1790 592 1845 642 et
1868 585 1924 641 in
1949 584 2133 660 aliquo
2156 585 2427 653 differ-rm
2463 589 2525 641 et

469 682 575 737 'sic
596 687 811 753 oportet
839 695 934 737 eas
973 694 1095 735 esse
1129 680 1485 752 compositas.
1513 675 1619 734 Sed
1667 681 1852 749 partes
1877 690 1985 730 esse
2022 682 2149 730 sunt
2184 674 2430 730 materia
2462 682 2527 729 et

474 769 692 826 ‘forma.
719 768 862 840 Ergo
886 766 1078 840 Angeli
1099 774 1505 837 componuntur
1530 779 1598 821 ex
1624 763 1853 821 materia
1876 769 1932 819 et
1960 762 2154 819 forma.

563 858 667 915 Sed
693 863 882 914 contra
909 862 994 914 est
1021 855 1164 929 quod
1191 854 1327 912 dicit
1355 854 1578 911 Boetius
1618 852 1673 909 in
1705 850 1798 907 lib.
1824 852 1895 907 de
1932 851 2147 908 duabus
2184 852 2419 908 Naturis
2456 860 2523 909 et

497 962 604 1003 una
636 950 866 1018 persona
890 944 1090 1002 Christi
1123 960 1138 1000 τ
1168 941 1358 1000 Omnis
1393 948 1599 998 natura
1635 941 1960 1013 incorporem
2003 939 2317 997 substantioe
2358 941 2521 997 retello

495 1034 742 1092 matertiae
781 1032 1050 1091 innititur
1074 1031 1442 1105 fundamento.
1473 1029 1579 1087 Sed
1618 1028 1812 1102 Angeli
1838 1035 1968 1086 sunt
2004 1028 2332 1103 incorporei.
2364 1029 2519 1101 Ergo

498 1139 603 1180 non
629 1134 714 1181 est
741 1123 794 1179 in
821 1122 902 1178 eis
928 1122 1178 1178 materia.
1920 1168 1930 1175 .
2386 1166 2395 1174 .

567 1209 888 1285 Respondeo
929 1209 1239 1276 dicendum,
1267 1207 1415 1281 quod
1444 1208 1668 1280 quidam
1710 1212 1937 1281 ponunt,
1967 1206 2204 1277 Angelos
2252 1209 2513 1279 componi

499 1317 564 1356 ex
593 1302 824 1355 materia
849 1305 904 1354 et
946 1299 1142 1353 torma.
1170 1296 1278 1354 Sed
1319 1296 1423 1353 hoc
1450 1296 1671 1352 videtur
1706 1310 2015 1368 repugnans
2044 1301 2256 1351 naturae
2292 1311 2507 1363 eorum,

501 1392 720 1458 propter
748 1385 858 1441 duo
880 1398 1008 1457 quae
1033 1385 1084 1439 in
1114 1384 1195 1440 eis
1219 1383 1591 1439 inveniuntur.
1622 1382 1804 1439 Primo
1836 1379 2056 1455 quidem
2084 1382 2211 1454 quia
2252 1380 2513 1437 intellec-

499 1472 677 1530 tuales
695 1480 841 1530 sunt.
872 1471 929 1530 Si
969 1473 1115 1529 enim
1151 1470 1344 1543 Angeli
1381 1470 1647 1527 haberent
1689 1469 1977 1525 materiam
2017 1468 2085 1524 de
2112 1468 2197 1523 sui
2226 1471 2516 1543 composi-

499 1563 665 1630 tione,
701 1567 981 1634 oporteret
1024 1574 1185 1616 omne
1232 1559 1378 1634 quod
1434 1558 1489 1615 in
1531 1559 1623 1615 eis·
1652 1561 1755 1621 est.
1784 1557 1866 1614 eis
1911 1558 2087 1614 inesse
2132 1572 2229 1629 per
2286 1558 2511 1615 modum

499 1650 748 1708 materiae
769 1650 1213 1716 convenientem:
1241 1664 1368 1705 cum
1403 1645 1753 1724 omne-quod
1783 1652 1869 1703 est
1898 1648 1950 1701 in
1977 1646 2104 1708 alio,
2136 1647 2211 1702 sit
2234 1646 2291 1704 in
2314 1663 2381 1703 eo
2412 1666 2513 1719 per

501 1740 720 1795 modum
764 1737 1096 1809 recipientis,
1126 1746 1184 1793 ut
1232 1738 1465 1793 habetur
1512 1736 1565 1791 in
1608 1734 1705 1790 lib.
1732 1734 1803 1789 de
1841 1736 2053 1791 causis.
2090 1735 2286 1791 Forma
2321 1744 2513 1793 autem

497 1825 682 1898 aliqua
713 1826 816 1881 hoc
844 1825 1006 1880 modo
1029 1826 1114 1881 est
1139 1826 1193 1880 in
1224 1824 1475 1890 materia,
1502 1823 1647 1895 quod
1670 1822 1725 1878 in
1746 1836 1813 1878 ea
1835 1820 2003 1878 habet
2024 1837 2146 1877 esse
2176 1823 2513 1894 particulare

499 1920 556 1970 et
583 1912 850 1969 naturale.
877 1912 1032 1970 Unde
1053 1911 1102 1967 si
1125 1912 1314 1983 Angeli
1339 1920 1524 1967 essent
1547 1926 1611 1965 ex
1640 1911 1870 1967 materia
1894 1910 2204 1982 compositi,
2230 1919 2513 1985 oporteret

499 2000 645 2074 quod
685 1999 878 2057 formae
913 1998 1114 2073 quibus
1157 1997 1489 2070 intelligunt,
1520 2012 1887 2071 quaecumque
1934 1998 2064 2063 sint,
2090 2005 2275 2055 essent
2311 2000 2385 2055 ·in
2428 2002 2514 2056 eis

497 2089 798 2145 secundum
833 2103 954 2145 esse
992 2086 1242 2145 naturale
1289 2094 1350 2142 et
1391 2086 1753 2159 particular-03
1795 2092 1851 2141 et
1901 2085 2000 2152 sic,
2033 2096 2355 2160 sequeretur
2407 2089 2513 2145 hoc

499 2176 854 2249 impossihile,
882 2175 1030 2251 quod
1059 2175 1609 2248 Angelusnunquam
1640 2183 1996 2246 cognosceret
2020 2174 2121 2231 nisi
2146 2178 2510 2249 particulare3

500 2265 632 2339 quia
660 2264 834 2323 forma
883 2264 1288 2337 particulariter
1327 2262 1606 2335 inaliquo
1642 2271 1863 2336 recepta
1887 2278 1992 2320 non
2023 2270 2206 2338 potest
2234 2281 2355 2323 esse
2382 2268 2513 2324 uni-

500 2352 741 2409 versalis
753 2352 1083 2426 cognitionis
1109 2351 1457 2427 principium,
1487 2351 1633 2407 sicut
1659 2357 1812 2423 patet
1838 2352 1894 2407 in
1920 2366 2103 2408 sensu.

569 2443 688 2499 Nec
715 2448 896 2517 potest
917 2441 1128 2500 obviari
1155 2456 1251 2514 per
1291 2441 1407 2516 hoc·
1432 2440 1580 2511 quod
1613 2447 1850 2513 ponatur
1876 2440 2116 2511 Angelus
2150 2443 2405 2513 componi
2443 2460 2513 2499 ex

412 2581 420 2585 ,
503 2532 735 2588 materia
760 2531 988 2588 alterius
1011 2535 1226 2587 naturae
1246 2544 1416 2603 quam
1442 2528 1819 2593 haecmateria
1848 2528 2323 2615 corporalis;hquia
2351 2547 2515 2604 quae-

502 2634 740 2694 cumque
767 2626 914 2675 esset
950 2618 1043 2675 illa
1079 2618 1325 2683 materia,
1359 2622 1578 2673 constat
1611 2616 1759 2687 quod
1797 2617 2064 2690 reciperet
2101 2616 2332 2674 formam
2374 2620 2518 2676 sub-

504 2707 820 2765 stantialem
843 2706 1034 2779 Angeli
1063 2705 1498 2778 particulariter-3
1529 2704 1668 2761 alias
1690 2704 1931 2777 Angelus
1957 2720 2064 2761 non
2092 2716 2238 2763 esset
2266 2722 2355 2764 res
2378 2724 2531 2781 par-.

505 2796 784 2862 tieularis3
813 2795 979 2850 etsie
1006 2793 1097 2849 illa
1131 2794 1363 2850 materia
1381 2795 1701 2849 conveniret
1726 2808 1852 2850 cum
1888 2793 1994 2851 hac
2032 2797 2264 2852 materia
2308 2797 2363 2853 in
2410 2798 2515 2855 hoc

507 2881 654 2955 quod
691 2881 882 2938 formae
913 2881 970 2936 in
1007 2896 1076 2936 ea
1113 2882 1489 2953 reciperentur
1529 2897 1627 2952 per
1654 2882 1879 2939 modum
1920 2883 2328 2955 particularem.
2353 2886 2515 2943 Unde

507 2967 842 3043 impossibile
868 2974 954 3026 est
978 2968 1266 3041 Angelum,
1285 2969 1370 3025 vel
1399 2967 1640 3041 aliquam
1666 2970 2032 3027 substantiam
2062 2972 2511 3043 intellectualem,

505 3074 574 3115 ex
601 3060 836 3115 materia
861 3058 1148 3131 componi3
1173 3071 1298 3113 cum
1343 3055 1571 3113 alterius
1612 3058 1759 3114 modi
1790 3058 1863 3115 sit
1898 3061 2139 3131 receptio
2176 3076 2285 3133 qua
2315 3063 2517 3133 recipit

507 3147 823 3204 intellectus
843 3146 1070 3213 formas,
1099 3145 1328 3202 mate-ria
1354 3144 1549 3218 prima,
1573 3152 1635 3201 ut
1667 3146 1876 3203 dictum
1894 3153 1978 3202 est
2005 3164 2022 3203 ε
2055 3148 2201 3205 unde
2220 3149 2355 3205 dicit
2382 3150 2519 3205 phi-

507 3233 766 3308 losophus
790 3235 846 3291 in
875 3250 944 3292 m
971 3234 1040 3290 de
1066 3235 1262 3291 Anima
1291 3238 1446 3304 (text.
1477 3248 1619 3290 com.
1636 3235 1707 3305 4.)
1731 3244 1786 3291 et
1814 3233 2253 3308 philosophorum
2282 3247 2519 3294 senten-

509 3322 588 3377 tia
611 3326 715 3388 est,
741 3322 890 3395 quod
915 3320 1357 3379 intellectualitas
1379 3322 1783 3379 immunitatem
1806 3321 1971 3379 habet
1994 3340 2027 3381 a
2052 3325 2306 3384 materia.

578 3408 828 3468 Secundo
869 3415 1137 3481 repugnat
1177 3410 1260 3466 eis
1298 3426 1396 3483 per
1441 3410 1543 3469 hoo
1582 3411 1731 3483 quod
1758 3412 2126 3486 incorporales
2161 3421 2312 3472 sunt.
2341 3416 2521 3485 Quae-

509 3511 748 3572 cumque
769 3496 916 3555 enim
943 3512 1013 3554 ex
1040 3498 1273 3555 materia
1304 3505 1724 3571 componuntur,
1750 3506 1969 3574 oportet
2006 3501 2063 3558 in
2103 3504 2331 3560 materia
2370 3519 2522 3560 con-

509 3588 728 3657 venire3
757 3601 824 3643 eo
869 3584 1018 3660 quod
1065 3586 1324 3658 quaelibet
1365 3588 1599 3645 materia
1634 3588 1935 3645 secundum
1984 3604 2045 3646 se
2098 3601 2343 3665 accepta,
2382 3608 2521 3650 cum

509 3676 686 3735 forma
722 3684 930 3746 careat,
966 3689 1073 3733 non
1106 3675 1272 3732 habet
1321 3673 1376 3731 in
1420 3689 1482 3731 se
1522 3676 1763 3750 aliquam
1807 3677 2179 3749 dispositionis
2220 3682 2517 3738 rationem.

508 3765 801 3837 supposita
824 3772 1008 3821 autem
1031 3764 1246 3820 unitate
1280 3764 1546 3831 materiae,
1574 3764 1908 3838 impossibile
1947 3773 2032 3823 est
2078 3770 2222 3841 quod
2254 3785 2363 3827 una
2390 3786 2525 3827 ma-

512 3850 688 3915 teria,
716 3849 1032 3922 impossible
1067 3849 1324 3923 estquod
1351 3865 1461 3906 una
1498 3851 1729 3909 materia
1768 3854 2077 3913 contrarias
2110 3861 2168 3911 et
2202 3854 2523 3931 disparatas

483 3935 716 4022 *formas
733 3938 966 4011 recipiat
997 3938 1107 3997 nisi
1147 3938 1451 4015 secundum
1488 3939 1735 4021 diversas
1760 3948 1947 4019 partes
1974 3958 1991 3999 z
2020 3956 2132 4005 non
2156 3944 2302 4003 enim
2330 3952 2523 4018 potest
