<?xml version="1.0" encoding="UTF-8"?>
<!DOCTYPE html PUBLIC "-//W3C//DTD XHTML 1.0 Transitional//EN"
    "http://www.w3.org/TR/xhtml1/DTD/xhtml1-transitional.dtd">
<html xmlns="http://www.w3.org/1999/xhtml" xml:lang="en" lang="en">
 <head>
  <title>
</title>
<meta http-equiv="Content-Type" content="text/html;charset=utf-8" />
  <meta name='ocr-system' content='tesseract 3.04.00' />
  <meta name='ocr-capabilities' content='ocr_page ocr_carea ocr_par ocr_line ocrx_word'/>
</head>
<body>
  <div class='ocr_page' id='page_1' title='image "./sthomaquinatisd00thomgoog_0149.png"; bbox 0 0 2800 4492; ppageno 0'>
   <div class='ocr_carea' id='block_1_1' title="bbox 734 350 2254 439">
    <p class='ocr_par' dir='ltr' id='par_1_1' title="bbox 734 350 2254 439">
     <span class='ocr_line' id='line_1_1' title="bbox 734 350 2254 439; baseline 0.001 -20"><span class='ocrx_word' id='word_1_1' title='bbox 734 372 875 433; x_wconf 55' lang='lat' dir='ltr'>,atus</span> <span class='ocrx_word' id='word_1_2' title='bbox 901 390 983 409; x_wconf 89' lang='lat'><em>-</em></span> <span class='ocrx_word' id='word_1_3' title='bbox 1010 350 1779 433; x_wconf 65' lang='lat' dir='ltr'>ouonmnnrmtr·1⁵a1uuu·2</span> <span class='ocrx_word' id='word_1_4' title='bbox 2135 355 2254 439; x_wconf 70' lang='grc'>135</span> 
     </span>
    </p>
   </div>
   <div class='ocr_carea' id='block_1_2' title="bbox 226 482 2312 1282">
    <p class='ocr_par' dir='ltr' id='par_1_2' title="bbox 226 482 2312 1003">
     <span class='ocr_line' id='line_1_2' title="bbox 226 482 2253 561; baseline 0.002 -21"><span class='ocrx_word' id='word_1_5' title='bbox 226 482 655 561; x_wconf 82' lang='lat' dir='ltr'>ratione‚·quod</span> <span class='ocrx_word' id='word_1_6' title='bbox 678 488 871 548; x_wconf 81' lang='lat' dir='ltr'>sormae</span> <span class='ocrx_word' id='word_1_7' title='bbox 895 491 1247 550; x_wconf 84' lang='lat' dir='ltr'>miscibilium</span> <span class='ocrx_word' id='word_1_8' title='bbox 1274 506 1385 551; x_wconf 81' lang='grc' dir='ltr'><strong>ιιοιι</strong></span> <span class='ocrx_word' id='word_1_9' title='bbox 1411 500 1632 559; x_wconf 81' lang='lat' dir='ltr'>manent</span> <span class='ocrx_word' id='word_1_10' title='bbox 1668 490 1938 560; x_wconf 53' lang='lat' dir='ltr'>inmixto,</span> <span class='ocrx_word' id='word_1_11' title='bbox 1971 488 2253 561; x_wconf 49' lang='lat' dir='ltr'>actus-sed</span> 
     </span>
     <span class='ocr_line' id='line_1_3' title="bbox 229 568 2248 651; baseline 0.002 -24"><span class='ocrx_word' id='word_1_12' title='bbox 229 573 478 651; x_wconf 71' lang='lat' dir='ltr'>virtute;</span> <span class='ocrx_word' id='word_1_13' title='bbox 516 568 681 650; x_wconf 75' lang='lat' dir='ltr'>prout</span> <span class='ocrx_word' id='word_1_14' title='bbox 707 580 920 646; x_wconf 83' lang='lat' dir='ltr'>scilicet</span> <span class='ocrx_word' id='word_1_15' title='bbox 945 582 1122 639; x_wconf 85' lang='lat' dir='ltr'>virtus</span> <span class='ocrx_word' id='word_1_16' title='bbox 1149 583 1339 647; x_wconf 75' lang='lat' dir='ltr'>formae</span> <span class='ocrx_word' id='word_1_17' title='bbox 1366 580 1952 641; x_wconf 82' lang='lat' dir='ltr'>substantialismanet</span> <span class='ocrx_word' id='word_1_18' title='bbox 1979 580 2036 634; x_wconf 87' lang='lat' dir='ltr'>in</span> <span class='ocrx_word' id='word_1_19' title='bbox 2063 576 2248 651; x_wconf 84' lang='lat' dir='ltr'>quali-</span> 
     </span>
     <span class='ocr_line' id='line_1_4' title="bbox 233 664 2180 745; baseline 0.003 -28"><span class='ocrx_word' id='word_1_20' title='bbox 233 668 351 719; x_wconf 87' lang='lat' dir='ltr'>tate</span> <span class='ocrx_word' id='word_1_21' title='bbox 398 664 743 735; x_wconf 79' lang='lat' dir='ltr'><strong>elementari,</strong></span> <span class='ocrx_word' id='word_1_22' title='bbox 790 666 921 726; x_wconf 87' lang='lat' dir='ltr'>licet</span> <span class='ocrx_word' id='word_1_23' title='bbox 962 672 1207 739; x_wconf 83' lang='lat' dir='ltr'>remissa,</span> <span class='ocrx_word' id='word_1_24' title='bbox 1258 680 1313 728; x_wconf 88' lang='lat' dir='ltr'>et</span> <span class='ocrx_word' id='word_1_25' title='bbox 1358 672 1516 745; x_wconf 83' lang='lat' dir='ltr'>quasi</span> <span class='ocrx_word' id='word_1_26' title='bbox 1554 672 1622 729; x_wconf 90' lang='lat' dir='ltr'>ad</span> <span class='ocrx_word' id='word_1_27' title='bbox 1669 669 1908 728; x_wconf 87' lang='lat' dir='ltr'>medium</span> <span class='ocrx_word' id='word_1_28' title='bbox 1955 668 2180 725; x_wconf 84' lang='lat' dir='ltr'>redacta</span> 
     </span>
     <span class='ocr_line' id='line_1_5' title="bbox 235 752 2312 833; baseline 0 -26"><span class='ocrx_word' id='word_1_29' title='bbox 235 752 481 826; x_wconf 78' lang='lat' dir='ltr'><strong>qualitas</strong></span> <span class='ocrx_word' id='word_1_30' title='bbox 521 757 668 813; x_wconf 89' lang='lat' dir='ltr'>enim</span> <span class='ocrx_word' id='word_1_31' title='bbox 710 758 1061 817; x_wconf 83' lang='lat' dir='ltr'>elementaris</span> <span class='ocrx_word' id='word_1_32' title='bbox 1099 762 1248 833; x_wconf 85' lang='lat' dir='ltr'>agit</span> <span class='ocrx_word' id='word_1_33' title='bbox 1258 761 1329 817; x_wconf 87' lang='lat' dir='ltr'>in</span> <span class='ocrx_word' id='word_1_34' title='bbox 1358 763 1562 823; x_wconf 85' lang='lat' dir='ltr'>virtute</span> <span class='ocrx_word' id='word_1_35' title='bbox 1601 759 1790 817; x_wconf 76' lang='lat' dir='ltr'>formae</span> <span class='ocrx_word' id='word_1_36' title='bbox 1829 754 2246 822; x_wconf 69' lang='lat' dir='ltr'>substantiatis3</span> <span class='ocrx_word' id='word_1_37' title='bbox 2305 791 2312 799; x_wconf 86' lang='lat'>-</span> 
     </span>
     <span class='ocr_line' id='line_1_6' title="bbox 238 842 2246 923; baseline -0.001 -22"><span class='ocrx_word' id='word_1_38' title='bbox 238 842 485 917; x_wconf 85' lang='lat' dir='ltr'>alioquin</span> <span class='ocrx_word' id='word_1_39' title='bbox 513 846 672 903; x_wconf 87' lang='lat' dir='ltr'>actio</span> <span class='ocrx_word' id='word_1_40' title='bbox 719 864 847 919; x_wconf 82' lang='lat' dir='ltr'>quae</span> <span class='ocrx_word' id='word_1_41' title='bbox 872 856 959 913; x_wconf 81' lang='lat' dir='ltr'>est</span> <span class='ocrx_word' id='word_1_42' title='bbox 998 866 1095 923; x_wconf 81' lang='lat' dir='ltr'>per</span> <span class='ocrx_word' id='word_1_43' title='bbox 1138 850 1419 910; x_wconf 85' lang='lat' dir='ltr'>calorem</span> <span class='ocrx_word' id='word_1_44' title='bbox 1406 850 1566 923; x_wconf 69' lang='lat' dir='ltr'>ignia,</span> <span class='ocrx_word' id='word_1_45' title='bbox 1605 866 1716 907; x_wconf 87' lang='lat' dir='ltr'>non</span> <span class='ocrx_word' id='word_1_46' title='bbox 1750 847 2133 915; x_wconf 72' lang='lat' dir='ltr'>terminaretur</span> <span class='ocrx_word' id='word_1_47' title='bbox 2173 842 2246 901; x_wconf 88' lang='lat' dir='ltr'>ad</span> 
     </span>
     <span class='ocr_line' id='line_1_7' title="bbox 237 930 949 1003; baseline 0.012 -16"><span class='ocrx_word' id='word_1_48' title='bbox 237 930 473 991; x_wconf 83' lang='lat' dir='ltr'>formam</span> <span class='ocrx_word' id='word_1_49' title='bbox 500 934 949 1003; x_wconf 77' lang='lat' dir='ltr'><strong>substantialem.</strong></span> 
     </span>
    </p>

    <p class='ocr_par' dir='ltr' id='par_1_3' title="bbox 240 972 2253 1282">
     <span class='ocr_line' id='line_1_8' title="bbox 304 972 2253 1105; baseline 0.001 -26"><span class='ocrx_word' id='word_1_50' title='bbox 304 1022 392 1079; x_wconf 81' lang='lat' dir='ltr'>Ad</span> <span class='ocrx_word' id='word_1_51' title='bbox 419 1030 683 1097; x_wconf 83' lang='lat' dir='ltr'>quartum</span> <span class='ocrx_word' id='word_1_52' title='bbox 704 1026 1015 1097; x_wconf 83' lang='lat' dir='ltr'>dicendum,</span> <span class='ocrx_word' id='word_1_53' title='bbox 1042 1029 1190 1104; x_wconf 86' lang='lat' dir='ltr'>quod</span> <span class='ocrx_word' id='word_1_54' title='bbox 1213 995 1416 1105; x_wconf 79' lang='lat' dir='ltr'>anima,</span> <span class='ocrx_word' id='word_1_55' title='bbox 1443 1042 1570 1087; x_wconf 87' lang='lat' dir='ltr'>cum</span> <span class='ocrx_word' id='word_1_56' title='bbox 1595 1028 1668 1088; x_wconf 86' lang='lat' dir='ltr'>sit</span> <span class='ocrx_word' id='word_1_57' title='bbox 1691 1028 1886 1096; x_wconf 84' lang='lat' dir='ltr'>forma,</span> <span class='ocrx_word' id='word_1_58' title='bbox 1913 1033 1999 1083; x_wconf 83' lang='lat' dir='ltr'>est</span> <span class='ocrx_word' id='word_1_59' title='bbox 2022 972 2253 1099; x_wconf 83' lang='lat' dir='ltr'>quidem</span> 
     </span>
     <span class='ocr_line' id='line_1_9' title="bbox 240 1112 2248 1190; baseline 0.001 -23"><span class='ocrx_word' id='word_1_60' title='bbox 240 1112 505 1185; x_wconf 74' lang='lat' dir='ltr'>perfectio</span> <span class='ocrx_word' id='word_1_61' title='bbox 526 1115 780 1188; x_wconf 66' lang='lat' dir='ltr'>quaedam</span> <span class='ocrx_word' id='word_1_62' title='bbox 810 1118 1175 1190; x_wconf 75' lang='lat' dir='ltr'>particulariS,</span> <span class='ocrx_word' id='word_1_63' title='bbox 1207 1134 1314 1176; x_wconf 79' lang='lat' dir='ltr'>non</span> <span class='ocrx_word' id='word_1_64' title='bbox 1341 1126 1530 1177; x_wconf 91' lang='lat' dir='ltr'>autem</span> <span class='ocrx_word' id='word_1_65' title='bbox 1557 1118 1914 1187; x_wconf 74' lang='lat' dir='ltr'>universalis3</span> <span class='ocrx_word' id='word_1_66' title='bbox 1945 1121 2000 1172; x_wconf 88' lang='lat' dir='ltr'>et</span> <span class='ocrx_word' id='word_1_67' title='bbox 2025 1114 2158 1171; x_wconf 86' lang='lat' dir='ltr'>ideo</span> <span class='ocrx_word' id='word_1_68' title='bbox 2179 1130 2248 1170; x_wconf 84' lang='lat' dir='ltr'>ea</span> 
     </span>
     <span class='ocr_line' id='line_1_10' title="bbox 242 1200 2244 1282; baseline 0 -25"><span class='ocrx_word' id='word_1_69' title='bbox 242 1200 569 1271; x_wconf 71' lang='lat' dir='ltr'>adveniente</span> <span class='ocrx_word' id='word_1_70' title='bbox 608 1204 691 1261; x_wconf 82' lang='lat' dir='ltr'>sic</span> <span class='ocrx_word' id='word_1_71' title='bbox 717 1200 923 1279; x_wconf 72' lang='lat' dir='ltr'>atiquid</span> <span class='ocrx_word' id='word_1_72' title='bbox 960 1208 1259 1281; x_wconf 85' lang='lat' dir='ltr'>perficitur,</span> <span class='ocrx_word' id='word_1_73' title='bbox 1288 1214 1353 1266; x_wconf 83' lang='lat' dir='ltr'>ut</span> <span class='ocrx_word' id='word_1_74' title='bbox 1380 1214 1565 1266; x_wconf 85' lang='lat' dir='ltr'>tamen</span> <span class='ocrx_word' id='word_1_75' title='bbox 1594 1206 1804 1282; x_wconf 87' lang='lat' dir='ltr'>aliquid</span> <span class='ocrx_word' id='word_1_76' title='bbox 1838 1208 2244 1277; x_wconf 76' lang='lat' dir='ltr'>corrumpatur.</span> 
     </span>
    </p>
   </div>
   <div class='ocr_carea' id='block_1_3' title="bbox 912 1366 1566 1487">
    <p class='ocr_par' dir='ltr' id='par_1_4' title="bbox 912 1366 1566 1487">
     <span class='ocr_line' id='line_1_11' title="bbox 912 1366 1566 1487; baseline 0.003 -39"><span class='ocrx_word' id='word_1_77' title='bbox 912 1366 1369 1487; x_wconf 58' lang='lat' dir='ltr'>ARTIGULUS</span> <span class='ocrx_word' id='word_1_78' title='bbox 1429 1387 1566 1450; x_wconf 85' lang='lat' dir='ltr'>v11.</span> 
     </span>
    </p>
   </div>
   <div class='ocr_carea' id='block_1_4' title="bbox 256 1510 2353 1870">
    <p class='ocr_par' dir='ltr' id='par_1_5' title="bbox 256 1510 2353 1870">
     <span class='ocr_line' id='line_1_12' title="bbox 256 1510 2353 1603; baseline 0 -23"><span class='ocrx_word' id='word_1_79' title='bbox 256 1510 469 1581; x_wconf 78' lang='lat' dir='ltr'>[stram</span> <span class='ocrx_word' id='word_1_80' title='bbox 506 1517 677 1581; x_wconf 74' lang='lat' dir='ltr'>homo</span> <span class='ocrx_word' id='word_1_81' title='bbox 718 1518 933 1601; x_wconf 71' lang='lat' dir='ltr'>absque</span> <span class='ocrx_word' id='word_1_82' title='bbox 956 1518 1184 1603; x_wconf 69' lang='lat' dir='ltr'>&#39;qratia</span> <span class='ocrx_word' id='word_1_83' title='bbox 1217 1539 1332 1603; x_wconf 79' lang='lat' dir='ltr'>per</span> <span class='ocrx_word' id='word_1_84' title='bbox 1368 1522 1563 1585; x_wconf 79' lang='lat' dir='ltr'>solam</span> <span class='ocrx_word' id='word_1_85' title='bbox 1603 1517 1947 1591; x_wconf 73' lang='lat' dir='ltr'>naturalem</span> <span class='ocrx_word' id='word_1_86' title='bbox 1990 1515 2244 1583; x_wconf 74' lang='lat' dir='ltr'>arbitrii</span> <span class='ocrx_word' id='word_1_87' title='bbox 2305 1596 2308 1599; x_wconf 83' lang='lat'>.</span> <span class='ocrx_word' id='word_1_88' title='bbox 2347 1526 2353 1532; x_wconf 85' lang='grc'><em>·</em></span> 
     </span>
     <span class='ocr_line' id='line_1_13' title="bbox 318 1606 2238 1691; baseline 0.002 -24"><span class='ocrx_word' id='word_1_89' title='bbox 318 1606 655 1671; x_wconf 75' lang='lat' dir='ltr'>libertatem</span> <span class='ocrx_word' id='word_1_90' title='bbox 672 1610 947 1687; x_wconf 62' lang='lat' dir='ltr'>possitae</span> <span class='ocrx_word' id='word_1_91' title='bbox 974 1612 1057 1673; x_wconf 85' lang='lat' dir='ltr'>ad</span> <span class='ocrx_word' id='word_1_92' title='bbox 1082 1612 1349 1691; x_wconf 76' lang='lat' dir='ltr'>qratiam</span> <span class='ocrx_word' id='word_1_93' title='bbox 1366 1608 2000 1691; x_wconf 75' lang='lat' dir='ltr'>praeparare.—(l·2‚</span> <span class='ocrx_word' id='word_1_94' title='bbox 2025 1614 2238 1689; x_wconf 73' lang='lat' dir='ltr'>qaoest‘.</span> 
     </span>
     <span class='ocr_line' id='line_1_14' title="bbox 320 1696 2246 1781; baseline 0.001 -26"><span class='ocrx_word' id='word_1_95' title='bbox 320 1696 457 1769; x_wconf 89' lang='lat'><strong>109,</strong></span> <span class='ocrx_word' id='word_1_96' title='bbox 507 1702 631 1759; x_wconf 77' lang='lat' dir='ltr'>art.</span> <span class='ocrx_word' id='word_1_97' title='bbox 678 1699 745 1773; x_wconf 86' lang='lat'>6;</span> <span class='ocrx_word' id='word_1_98' title='bbox 793 1700 925 1761; x_wconf 64' lang='lat' dir='ltr'>etz</span> <span class='ocrx_word' id='word_1_99' title='bbox 965 1699 1109 1762; x_wconf 78' lang='lat' dir='ltr'>dist.</span> <span class='ocrx_word' id='word_1_100' title='bbox 1136 1696 1203 1773; x_wconf 80' lang='lat'>5,</span> <span class='ocrx_word' id='word_1_101' title='bbox 1235 1704 1452 1781; x_wconf 74' lang='lat' dir='ltr'>qaoest.</span> <span class='ocrx_word' id='word_1_102' title='bbox 1495 1702 1557 1775; x_wconf 87' lang='lat'>2,</span> <span class='ocrx_word' id='word_1_103' title='bbox 1591 1705 1712 1763; x_wconf 72' lang='lat' dir='ltr'>art.</span> <span class='ocrx_word' id='word_1_104' title='bbox 1747 1700 1806 1781; x_wconf 86' lang='grc'>1,</span> <span class='ocrx_word' id='word_1_105' title='bbox 1840 1704 1895 1763; x_wconf 75' lang='lat' dir='ltr'>el</span> <span class='ocrx_word' id='word_1_106' title='bbox 1941 1697 2086 1761; x_wconf 76' lang='lat' dir='ltr'>dist.</span> <span class='ocrx_word' id='word_1_107' title='bbox 2133 1696 2246 1774; x_wconf 85' lang='lat'>28‚·</span> 
     </span>
     <span class='ocr_line' id='line_1_15' title="bbox 318 1784 1796 1870; baseline 0.003 -23"><span class='ocrx_word' id='word_1_108' title='bbox 318 1790 439 1847; x_wconf 79' lang='lat' dir='ltr'>art.</span> <span class='ocrx_word' id='word_1_109' title='bbox 474 1788 545 1862; x_wconf 80' lang='lat'>43</span> <span class='ocrx_word' id='word_1_110' title='bbox 578 1787 733 1849; x_wconf 78' lang='lat' dir='ltr'>etde</span> <span class='ocrx_word' id='word_1_111' title='bbox 774 1786 984 1863; x_wconf 67' lang='lat' dir='ltr'>Verit„</span> <span class='ocrx_word' id='word_1_112' title='bbox 1016 1794 1228 1870; x_wconf 69' lang='lat' dir='ltr'>quast.</span> <span class='ocrx_word' id='word_1_113' title='bbox 1260 1790 1362 1866; x_wconf 80' lang='lat'>24,</span> <span class='ocrx_word' id='word_1_114' title='bbox 1395 1793 1519 1854; x_wconf 78' lang='lat' dir='ltr'>art.</span> <span class='ocrx_word' id='word_1_115' title='bbox 1549 1784 1676 1867; x_wconf 85' lang='lat'>15.)</span> <span class='ocrx_word' id='word_1_116' title='bbox 1791 1789 1796 1795; x_wconf 87' lang='lat'>&#39;</span> 
     </span>
    </p>
   </div>
   <div class='ocr_carea' id='block_1_5' title="bbox 242 1920 2250 3241">
    <p class='ocr_par' dir='ltr' id='par_1_6' title="bbox 242 1920 2250 2524">
     <span class='ocr_line' id='line_1_16' title="bbox 307 1920 2245 1997; baseline 0.002 -22"><span class='ocrx_word' id='word_1_117' title='bbox 307 1920 391 1975; x_wconf 84' lang='lat' dir='ltr'>Ad</span> <span class='ocrx_word' id='word_1_118' title='bbox 426 1921 730 1978; x_wconf 83' lang='lat' dir='ltr'>secundum</span> <span class='ocrx_word' id='word_1_119' title='bbox 756 1923 838 1979; x_wconf 83' lang='lat' dir='ltr'>sic</span> <span class='ocrx_word' id='word_1_120' title='bbox 864 1922 1279 1995; x_wconf 84' lang='lat' dir='ltr'>procedebatur.</span> <span class='ocrx_word' id='word_1_121' title='bbox 1309 1925 1363 1979; x_wconf 78' lang='grc'>4.</span> <span class='ocrx_word' id='word_1_122' title='bbox 1393 1922 1626 1981; x_wconf 81' lang='lat' dir='ltr'>Videtur</span> <span class='ocrx_word' id='word_1_123' title='bbox 1661 1924 1806 1997; x_wconf 89' lang='lat' dir='ltr'>quod</span> <span class='ocrx_word' id='word_1_124' title='bbox 1847 1922 2010 1985; x_wconf 81' lang='lat' dir='ltr'>homo</span> <span class='ocrx_word' id='word_1_125' title='bbox 2037 1922 2245 1996; x_wconf 84' lang='lat' dir='ltr'>absque</span> 
     </span>
     <span class='ocr_line' id='line_1_17' title="bbox 242 2009 2244 2085; baseline 0.001 -21"><span class='ocrx_word' id='word_1_126' title='bbox 242 2009 413 2078; x_wconf 84' lang='lat' dir='ltr'>gratia</span> <span class='ocrx_word' id='word_1_127' title='bbox 450 2026 551 2082; x_wconf 84' lang='lat' dir='ltr'>per</span> <span class='ocrx_word' id='word_1_128' title='bbox 586 2010 758 2067; x_wconf 86' lang='lat' dir='ltr'>solam</span> <span class='ocrx_word' id='word_1_129' title='bbox 784 2012 1093 2067; x_wconf 79' lang='lat' dir='ltr'>naturalem</span> <span class='ocrx_word' id='word_1_130' title='bbox 1134 2012 1345 2069; x_wconf 85' lang='lat' dir='ltr'>arbitrii</span> <span class='ocrx_word' id='word_1_131' title='bbox 1375 2012 1684 2071; x_wconf 86' lang='lat' dir='ltr'>libertatem</span> <span class='ocrx_word' id='word_1_132' title='bbox 1713 2013 1888 2085; x_wconf 84' lang='lat' dir='ltr'>possit</span> <span class='ocrx_word' id='word_1_133' title='bbox 1915 2029 1974 2069; x_wconf 86' lang='lat' dir='ltr'>se</span> <span class='ocrx_word' id='word_1_134' title='bbox 2005 2018 2074 2068; x_wconf 85' lang='lat' dir='ltr'>ad</span> <span class='ocrx_word' id='word_1_135' title='bbox 2113 2027 2244 2083; x_wconf 91' lang='lat' dir='ltr'>gra-</span> 
     </span>
     <span class='ocr_line' id='line_1_18' title="bbox 244 2096 2250 2170; baseline -0.001 -14"><span class='ocrx_word' id='word_1_136' title='bbox 244 2096 371 2156; x_wconf 70' lang='lat' dir='ltr'>tiam</span> <span class='ocrx_word' id='word_1_137' title='bbox 394 2114 725 2170; x_wconf 83' lang='lat' dir='ltr'>praeparare.</span> <span class='ocrx_word' id='word_1_138' title='bbox 752 2100 915 2169; x_wconf 71' lang='lat' dir='ltr'>Quia,</span> <span class='ocrx_word' id='word_1_139' title='bbox 954 2106 1016 2157; x_wconf 88' lang='lat' dir='ltr'>ut</span> <span class='ocrx_word' id='word_1_140' title='bbox 1042 2100 1243 2157; x_wconf 89' lang='lat' dir='ltr'>dicitur</span> <span class='ocrx_word' id='word_1_141' title='bbox 1271 2103 1431 2157; x_wconf 86' lang='lat' dir='ltr'>Prov.</span> <span class='ocrx_word' id='word_1_142' title='bbox 1464 2117 1586 2169; x_wconf 74' lang='lat' dir='ltr'>xvi,</span> <span class='ocrx_word' id='word_1_143' title='bbox 1613 2103 1637 2156; x_wconf 77' lang='grc'><strong>4</strong></span> <span class='ocrx_word' id='word_1_144' title='bbox 1675 2118 1692 2156; x_wconf 77' lang='grc' dir='ltr'>ι</span> <span class='ocrx_word' id='word_1_145' title='bbox 1721 2100 1969 2157; x_wconf 74' lang='lat' dir='ltr'>Hominis</span> <span class='ocrx_word' id='word_1_146' title='bbox 1994 2106 2070 2157; x_wconf 79' lang='lat' dir='ltr'>est</span> <span class='ocrx_word' id='word_1_147' title='bbox 2096 2116 2250 2169; x_wconf 59' lang='lat' dir='ltr'>praee</span> 
     </span>
     <span class='ocr_line' id='line_1_19' title="bbox 242 2187 2248 2263; baseline 0.002 -23"><span class='ocrx_word' id='word_1_148' title='bbox 242 2201 439 2257; x_wconf 79' lang='lat' dir='ltr'>parare</span> <span class='ocrx_word' id='word_1_149' title='bbox 464 2187 726 2245; x_wconf 72' lang='lat' dir='ltr'>animum.</span> <span class='ocrx_word' id='word_1_150' title='bbox 762 2190 879 2245; x_wconf 90' lang='lat' dir='ltr'>Hoc</span> <span class='ocrx_word' id='word_1_151' title='bbox 896 2196 1087 2245; x_wconf 56' lang='lat' dir='ltr'>‘autem</span> <span class='ocrx_word' id='word_1_152' title='bbox 1116 2190 1318 2245; x_wconf 89' lang='lat' dir='ltr'>dicitur</span> <span class='ocrx_word' id='word_1_153' title='bbox 1340 2204 1461 2247; x_wconf 82' lang='lat' dir='ltr'>esse</span> <span class='ocrx_word' id='word_1_154' title='bbox 1487 2190 1722 2261; x_wconf 83' lang='lat' dir='ltr'>alicujus</span> <span class='ocrx_word' id='word_1_155' title='bbox 1749 2190 1895 2263; x_wconf 86' lang='lat' dir='ltr'>quod</span> <span class='ocrx_word' id='word_1_156' title='bbox 1924 2198 2008 2245; x_wconf 86' lang='lat' dir='ltr'>est</span> <span class='ocrx_word' id='word_1_157' title='bbox 2039 2189 2095 2243; x_wconf 91' lang='lat' dir='ltr'>in</span> <span class='ocrx_word' id='word_1_158' title='bbox 2125 2191 2248 2259; x_wconf 81' lang='lat' dir='ltr'>ejus</span> 
     </span>
     <span class='ocr_line' id='line_1_20' title="bbox 243 2278 2246 2351; baseline 0.002 -22"><span class='ocrx_word' id='word_1_159' title='bbox 243 2281 513 2347; x_wconf 85' lang='lat' dir='ltr'>potestate</span> <span class='ocrx_word' id='word_1_160' title='bbox 536 2279 915 2335; x_wconf 86' lang='lat' dir='ltr'>constitutum.</span> <span class='ocrx_word' id='word_1_161' title='bbox 947 2278 1132 2349; x_wconf 87' lang='lat' dir='ltr'>Ergo</span> <span class='ocrx_word' id='word_1_162' title='bbox 1119 2294 1176 2334; x_wconf 86' lang='grc' dir='ltr'>ιιι</span> <span class='ocrx_word' id='word_1_163' title='bbox 1205 2284 1480 2351; x_wconf 84' lang='lat' dir='ltr'>potestate</span> <span class='ocrx_word' id='word_1_164' title='bbox 1506 2278 1738 2334; x_wconf 75' lang='lat' dir='ltr'>hominis</span> <span class='ocrx_word' id='word_1_165' title='bbox 1751 2278 2125 2337; x_wconf 73' lang='lat' dir='ltr'>„coustitutum</span> <span class='ocrx_word' id='word_1_166' title='bbox 2159 2283 2246 2333; x_wconf 82' lang='lat' dir='ltr'>est</span> 
     </span>
     <span class='ocr_line' id='line_1_21' title="bbox 243 2366 2246 2477; baseline 0 -57"><span class='ocrx_word' id='word_1_167' title='bbox 243 2366 383 2437; x_wconf 85' lang='lat' dir='ltr'>quod</span> <span class='ocrx_word' id='word_1_168' title='bbox 424 2366 599 2439; x_wconf 86' lang='lat' dir='ltr'>possit</span> <span class='ocrx_word' id='word_1_169' title='bbox 626 2382 685 2423; x_wconf 86' lang='lat' dir='ltr'>se</span> <span class='ocrx_word' id='word_1_170' title='bbox 721 2368 789 2425; x_wconf 89' lang='lat' dir='ltr'>ad</span> <span class='ocrx_word' id='word_1_171' title='bbox 821 2367 1057 2439; x_wconf 84' lang='lat' dir='ltr'>gratiam</span> <span class='ocrx_word' id='word_1_172' title='bbox 1084 2382 1444 2441; x_wconf 82' lang='lat' dir='ltr'>prae-parare·</span> <span class='ocrx_word' id='word_1_173' title='bbox 1491 2382 1598 2425; x_wconf 89' lang='lat' dir='ltr'>non</span> <span class='ocrx_word' id='word_1_174' title='bbox 1635 2382 1764 2440; x_wconf 85' lang='lat' dir='ltr'>ergo</span> <span class='ocrx_word' id='word_1_175' title='bbox 1792 2368 2002 2477; x_wconf 83' lang='lat' dir='ltr'>indiget</span> <span class='ocrx_word' id='word_1_176' title='bbox 2037 2367 2246 2423; x_wconf 84' lang='lat' dir='ltr'>auxilio</span> 
     </span>
     <span class='ocr_line' id='line_1_22' title="bbox 243 2455 2222 2524; baseline -0.002 -17"><span class='ocrx_word' id='word_1_177' title='bbox 243 2455 451 2524; x_wconf 82' lang='lat' dir='ltr'>gratiae.</span> <span class='ocrx_word' id='word_1_178' title='bbox 2141 2496 2146 2501; x_wconf 90' lang='lat'><em>.</em></span> <span class='ocrx_word' id='word_1_179' title='bbox 2219 2498 2222 2503; x_wconf 91' lang='lat'>.</span> 
     </span>
    </p>

    <p class='ocr_par' dir='ltr' id='par_1_7' title="bbox 242 2540 2246 3241">
     <span class='ocr_line' id='line_1_23' title="bbox 308 2540 2246 2615; baseline -0.002 -15"><span class='ocrx_word' id='word_1_180' title='bbox 308 2547 359 2600; x_wconf 97' lang='grc'>2.</span> <span class='ocrx_word' id='word_1_181' title='bbox 388 2545 685 2612; x_wconf 84' lang='lat' dir='ltr'>Praeterea,</span> <span class='ocrx_word' id='word_1_182' title='bbox 716 2544 1004 2602; x_wconf 74' lang='lat' dir='ltr'>Ausetmus</span> <span class='ocrx_word' id='word_1_183' title='bbox 1040 2544 1175 2601; x_wconf 89' lang='lat' dir='ltr'>dicit</span> <span class='ocrx_word' id='word_1_184' title='bbox 1212 2545 1269 2600; x_wconf 88' lang='lat' dir='ltr'>in</span> <span class='ocrx_word' id='word_1_185' title='bbox 1306 2540 1402 2600; x_wconf 84' lang='lat' dir='ltr'>lib.</span> <span class='ocrx_word' id='word_1_186' title='bbox 1443 2544 1514 2601; x_wconf 89' lang='lat' dir='ltr'>de</span> <span class='ocrx_word' id='word_1_187' title='bbox 1539 2545 1680 2601; x_wconf 82' lang='lat' dir='ltr'>Casu</span> <span class='ocrx_word' id='word_1_188' title='bbox 1709 2542 1932 2611; x_wconf 85' lang='lat' dir='ltr'>diaboli,</span> <span class='ocrx_word' id='word_1_189' title='bbox 1960 2542 2106 2615; x_wconf 88' lang='lat' dir='ltr'>quod</span> <span class='ocrx_word' id='word_1_190' title='bbox 2136 2556 2246 2599; x_wconf 80' lang='lat' dir='ltr'>non</span> 
     </span>
     <span class='ocr_line' id='line_1_24' title="bbox 242 2630 2246 2707; baseline 0.001 -21"><span class='ocrx_word' id='word_1_191' title='bbox 242 2630 359 2687; x_wconf 87' lang='lat' dir='ltr'>ideo</span> <span class='ocrx_word' id='word_1_192' title='bbox 392 2632 597 2706; x_wconf 80' lang='lat' dir='ltr'>aliquis</span> <span class='ocrx_word' id='word_1_193' title='bbox 622 2639 775 2689; x_wconf 87' lang='lat' dir='ltr'>caret</span> <span class='ocrx_word' id='word_1_194' title='bbox 806 2634 984 2705; x_wconf 86' lang='lat' dir='ltr'>gratia</span> <span class='ocrx_word' id='word_1_195' title='bbox 1014 2635 1141 2707; x_wconf 86' lang='lat' dir='ltr'>quia</span> <span class='ocrx_word' id='word_1_196' title='bbox 1171 2634 1318 2690; x_wconf 86' lang='lat' dir='ltr'>Deus</span> <span class='ocrx_word' id='word_1_197' title='bbox 1344 2648 1452 2689; x_wconf 88' lang='lat' dir='ltr'>non</span> <span class='ocrx_word' id='word_1_198' title='bbox 1487 2632 1607 2691; x_wconf 81' lang='lat' dir='ltr'>vult</span> <span class='ocrx_word' id='word_1_199' title='bbox 1643 2632 1794 2701; x_wconf 87' lang='lat' dir='ltr'>dare,</span> <span class='ocrx_word' id='word_1_200' title='bbox 1835 2630 1932 2689; x_wconf 83' lang='lat' dir='ltr'>sed</span> <span class='ocrx_word' id='word_1_201' title='bbox 1969 2630 2098 2705; x_wconf 85' lang='lat' dir='ltr'>quia</span> <span class='ocrx_word' id='word_1_202' title='bbox 2127 2632 2246 2703; x_wconf 87' lang='lat' dir='ltr'>ipse</span> 
     </span>
     <span class='ocr_line' id='line_1_25' title="bbox 245 2722 2246 2796; baseline 0 -21"><span class='ocrx_word' id='word_1_203' title='bbox 245 2736 344 2777; x_wconf 84' lang='lat' dir='ltr'>non</span> <span class='ocrx_word' id='word_1_204' title='bbox 364 2722 483 2779; x_wconf 80' lang='lat' dir='ltr'>vult</span> <span class='ocrx_word' id='word_1_205' title='bbox 510 2723 783 2796; x_wconf 84' lang='lat' dir='ltr'>accipere.</span> <span class='ocrx_word' id='word_1_206' title='bbox 809 2722 865 2779; x_wconf 89' lang='lat' dir='ltr'>Si</span> <span class='ocrx_word' id='word_1_207' title='bbox 894 2738 1027 2795; x_wconf 88' lang='lat' dir='ltr'>ergo</span> <span class='ocrx_word' id='word_1_208' title='bbox 1051 2722 1215 2779; x_wconf 86' lang='lat' dir='ltr'>vellet</span> <span class='ocrx_word' id='word_1_209' title='bbox 1241 2723 1510 2795; x_wconf 89' lang='lat' dir='ltr'>accipere,</span> <span class='ocrx_word' id='word_1_210' title='bbox 1539 2730 1722 2796; x_wconf 76' lang='lat' dir='ltr'>posset</span> <span class='ocrx_word' id='word_1_211' title='bbox 1747 2722 1995 2795; x_wconf 87' lang='lat' dir='ltr'>accipere</span> <span class='ocrx_word' id='word_1_212' title='bbox 2017 2738 2032 2776; x_wconf 76' lang='grc' dir='ltr'>-ι</span> <span class='ocrx_word' id='word_1_213' title='bbox 2062 2726 2246 2793; x_wconf 87' lang='lat' dir='ltr'>potest·</span> 
     </span>
     <span class='ocr_line' id='line_1_26' title="bbox 244 2810 2246 2885; baseline 0.001 -20"><span class='ocrx_word' id='word_1_214' title='bbox 244 2824 383 2882; x_wconf 84' lang='lat' dir='ltr'>ergo,</span> <span class='ocrx_word' id='word_1_215' title='bbox 413 2812 463 2867; x_wconf 86' lang='lat' dir='ltr'>si</span> <span class='ocrx_word' id='word_1_216' title='bbox 502 2811 644 2879; x_wconf 80' lang='lat' dir='ltr'>vuit,</span> <span class='ocrx_word' id='word_1_217' title='bbox 684 2828 745 2868; x_wconf 86' lang='lat' dir='ltr'>se</span> <span class='ocrx_word' id='word_1_218' title='bbox 784 2812 853 2868; x_wconf 89' lang='lat' dir='ltr'>ad</span> <span class='ocrx_word' id='word_1_219' title='bbox 883 2814 1117 2883; x_wconf 84' lang='lat' dir='ltr'>gratiam</span> <span class='ocrx_word' id='word_1_220' title='bbox 1157 2828 1468 2885; x_wconf 82' lang='lat' dir='ltr'>praeparare</span> <span class='ocrx_word' id='word_1_221' title='bbox 1497 2812 1703 2885; x_wconf 83' lang='lat' dir='ltr'>absque</span> <span class='ocrx_word' id='word_1_222' title='bbox 1731 2810 1986 2869; x_wconf 83' lang='lat' dir='ltr'>exteriori</span> <span class='ocrx_word' id='word_1_223' title='bbox 2016 2810 2246 2867; x_wconf 67' lang='lat' dir='ltr'>auxilios</span> 
     </span>
     <span class='ocr_line' id='line_1_27' title="bbox 254 2890 2244 2974; baseline 0.001 -21"><span class='ocrx_word' id='word_1_224' title='bbox 254 2932 263 2939; x_wconf 91' lang='lat'><em>-</em></span> <span class='ocrx_word' id='word_1_225' title='bbox 306 2902 357 2953; x_wconf 84' lang='lat'>3.</span> <span class='ocrx_word' id='word_1_226' title='bbox 382 2890 490 2955; x_wconf 84' lang='lat' dir='ltr'>Sed</span> <span class='ocrx_word' id='word_1_227' title='bbox 516 2899 755 2965; x_wconf 83' lang='lat' dir='ltr'>dicebat,</span> <span class='ocrx_word' id='word_1_228' title='bbox 783 2900 929 2974; x_wconf 91' lang='lat' dir='ltr'>quod</span> <span class='ocrx_word' id='word_1_229' title='bbox 955 2900 1117 2957; x_wconf 91' lang='lat' dir='ltr'>homo</span> <span class='ocrx_word' id='word_1_230' title='bbox 1152 2900 1361 2973; x_wconf 87' lang='lat' dir='ltr'>indiget</span> <span class='ocrx_word' id='word_1_231' title='bbox 1388 2902 1445 2957; x_wconf 90' lang='lat' dir='ltr'>in</span> <span class='ocrx_word' id='word_1_232' title='bbox 1472 2900 1576 2957; x_wconf 89' lang='lat' dir='ltr'>hoc</span> <span class='ocrx_word' id='word_1_233' title='bbox 1605 2900 1808 2957; x_wconf 80' lang='lat' dir='ltr'>auxilio</span> <span class='ocrx_word' id='word_1_234' title='bbox 1837 2899 2033 2973; x_wconf 79' lang='lat' dir='ltr'>gra&#39;tiae</span> <span class='ocrx_word' id='word_1_235' title='bbox 2060 2915 2244 2973; x_wconf 87' lang='lat' dir='ltr'>quan-</span> 
     </span>
     <span class='ocr_line' id='line_1_28' title="bbox 244 2988 2245 3063; baseline 0.001 -21"><span class='ocrx_word' id='word_1_236' title='bbox 244 2994 352 3043; x_wconf 90' lang='lat' dir='ltr'>tum</span> <span class='ocrx_word' id='word_1_237' title='bbox 392 2988 463 3044; x_wconf 87' lang='lat' dir='ltr'>ad</span> <span class='ocrx_word' id='word_1_238' title='bbox 494 2989 739 3046; x_wconf 82' lang='lat' dir='ltr'>exterius</span> <span class='ocrx_word' id='word_1_239' title='bbox 772 3004 1015 3047; x_wconf 79' lang='lat' dir='ltr'>movens.</span> <span class='ocrx_word' id='word_1_240' title='bbox 1050 3020 1124 3032; x_wconf 94' lang='lat'>—</span> <span class='ocrx_word' id='word_1_241' title='bbox 1150 2990 1255 3047; x_wconf 92' lang='lat' dir='ltr'>Sed</span> <span class='ocrx_word' id='word_1_242' title='bbox 1292 2994 1504 3057; x_wconf 88' lang='lat' dir='ltr'>contra,</span> <span class='ocrx_word' id='word_1_243' title='bbox 1535 2991 1697 3048; x_wconf 88' lang='lat' dir='ltr'>homo</span> <span class='ocrx_word' id='word_1_244' title='bbox 1725 2996 1908 3063; x_wconf 82' lang='lat' dir='ltr'>potest</span> <span class='ocrx_word' id='word_1_245' title='bbox 1935 2990 2143 3046; x_wconf 87' lang='lat' dir='ltr'>moveri</span> <span class='ocrx_word' id='word_1_246' title='bbox 2171 2988 2245 3044; x_wconf 85' lang='lat' dir='ltr'>ad</span> 
     </span>
     <span class='ocr_line' id='line_1_29' title="bbox 243 3076 2244 3151; baseline 0 -19"><span class='ocrx_word' id='word_1_247' title='bbox 243 3078 645 3151; x_wconf 73' lang='lat' dir='ltr'>conversionem</span> <span class='ocrx_word' id='word_1_248' title='bbox 688 3094 795 3135; x_wconf 88' lang='lat' dir='ltr'>non</span> <span class='ocrx_word' id='word_1_249' title='bbox 832 3080 1007 3137; x_wconf 80' lang='lat' dir='ltr'>soium</span> <span class='ocrx_word' id='word_1_250' title='bbox 1044 3096 1110 3135; x_wconf 83' lang='lat' dir='ltr'>ex</span> <span class='ocrx_word' id='word_1_251' title='bbox 1146 3078 1323 3150; x_wconf 84' lang='lat' dir='ltr'>bonis,</span> <span class='ocrx_word' id='word_1_252' title='bbox 1354 3080 1452 3136; x_wconf 86' lang='lat' dir='ltr'>sed</span> <span class='ocrx_word' id='word_1_253' title='bbox 1491 3081 1658 3136; x_wconf 88' lang='lat' dir='ltr'>etiam</span> <span class='ocrx_word' id='word_1_254' title='bbox 1700 3096 1765 3135; x_wconf 81' lang='lat' dir='ltr'>ex</span> <span class='ocrx_word' id='word_1_255' title='bbox 1793 3079 2068 3151; x_wconf 83' lang='lat' dir='ltr'>peccatis;</span> <span class='ocrx_word' id='word_1_256' title='bbox 2099 3076 2244 3133; x_wconf 84' lang='lat' dir='ltr'>sicut</span> 
     </span>
     <span class='ocr_line' id='line_1_30' title="bbox 242 3166 2244 3241; baseline 0 -20"><span class='ocrx_word' id='word_1_257' title='bbox 242 3166 283 3221; x_wconf 86' lang='lat' dir='ltr'>si</span> <span class='ocrx_word' id='word_1_258' title='bbox 306 3166 505 3240; x_wconf 86' lang='lat' dir='ltr'>aliquis</span> <span class='ocrx_word' id='word_1_259' title='bbox 528 3167 715 3224; x_wconf 79' lang='lat' dir='ltr'>videat</span> <span class='ocrx_word' id='word_1_260' title='bbox 739 3167 979 3241; x_wconf 87' lang='lat' dir='ltr'>aliquem</span> <span class='ocrx_word' id='word_1_261' title='bbox 1002 3170 1299 3225; x_wconf 84' lang='lat' dir='ltr'>enormiter</span> <span class='ocrx_word' id='word_1_262' title='bbox 1321 3174 1660 3240; x_wconf 78' lang='lat' dir='ltr'>peccantem,</span> <span class='ocrx_word' id='word_1_263' title='bbox 1688 3174 1746 3224; x_wconf 90' lang='lat' dir='ltr'>et</span> <span class='ocrx_word' id='word_1_264' title='bbox 1773 3184 1838 3223; x_wconf 81' lang='lat' dir='ltr'>ex</span> <span class='ocrx_word' id='word_1_265' title='bbox 1861 3167 2086 3223; x_wconf 87' lang='lat' dir='ltr'>horrore</span> <span class='ocrx_word' id='word_1_266' title='bbox 2109 3180 2244 3237; x_wconf 88' lang='lat' dir='ltr'>pec-</span> 
     </span>
    </p>
   </div>
   <div class='ocr_carea' id='block_1_6' title="bbox 242 3251 2331 3331">
    <p class='ocr_par' dir='ltr' id='par_1_8' title="bbox 242 3251 2331 3331">
     <span class='ocr_line' id='line_1_31' title="bbox 242 3251 2331 3331; baseline 0.001 -21"><span class='ocrx_word' id='word_1_267' title='bbox 242 3255 345 3311; x_wconf 87' lang='lat' dir='ltr'>cati</span> <span class='ocrx_word' id='word_1_268' title='bbox 388 3255 463 3312; x_wconf 90' lang='lat' dir='ltr'>ad</span> <span class='ocrx_word' id='word_1_269' title='bbox 500 3256 680 3313; x_wconf 88' lang='lat' dir='ltr'>Deum</span> <span class='ocrx_word' id='word_1_270' title='bbox 720 3258 1079 3323; x_wconf 82' lang='lat' dir='ltr'>convertitur.</span> <span class='ocrx_word' id='word_1_271' title='bbox 1124 3258 1231 3315; x_wconf 86' lang='lat' dir='ltr'>Sed</span> <span class='ocrx_word' id='word_1_272' title='bbox 1272 3266 1559 3331; x_wconf 90' lang='lat' dir='ltr'>peccatum</span> <span class='ocrx_word' id='word_1_273' title='bbox 1596 3272 1703 3313; x_wconf 90' lang='lat' dir='ltr'>non</span> <span class='ocrx_word' id='word_1_274' title='bbox 1733 3262 1818 3312; x_wconf 86' lang='lat' dir='ltr'>est</span> <span class='ocrx_word' id='word_1_275' title='bbox 1847 3272 1880 3312; x_wconf 87' lang='lat' dir='ltr'>a</span> <span class='ocrx_word' id='word_1_276' title='bbox 1920 3256 2057 3313; x_wconf 88' lang='lat' dir='ltr'>Deo.</span> <span class='ocrx_word' id='word_1_277' title='bbox 2098 3251 2242 3327; x_wconf 84' lang='lat' dir='ltr'>Ergo</span> <span class='ocrx_word' id='word_1_278' title='bbox 2317 3276 2331 3291; x_wconf 78' lang='lat'><em>¹</em></span> 
     </span>
    </p>
   </div>
   <div class='ocr_carea' id='block_1_7' title="bbox 240 3344 2315 4044">
    <p class='ocr_par' dir='ltr' id='par_1_9' title="bbox 241 3344 2109 3421">
     <span class='ocr_line' id='line_1_32' title="bbox 241 3344 2109 3421; baseline 0 -21"><span class='ocrx_word' id='word_1_279' title='bbox 241 3344 441 3418; x_wconf 82' lang='lat' dir='ltr'>absque</span> <span class='ocrx_word' id='word_1_280' title='bbox 467 3345 569 3401; x_wconf 86' lang='lat' dir='ltr'>Dei</span> <span class='ocrx_word' id='word_1_281' title='bbox 596 3347 915 3420; x_wconf 83' lang='lat' dir='ltr'>operatione</span> <span class='ocrx_word' id='word_1_282' title='bbox 943 3352 1123 3420; x_wconf 85' lang='lat' dir='ltr'>potest</span> <span class='ocrx_word' id='word_1_283' title='bbox 1146 3362 1205 3403; x_wconf 83' lang='lat' dir='ltr'>se</span> <span class='ocrx_word' id='word_1_284' title='bbox 1233 3346 1393 3404; x_wconf 89' lang='lat' dir='ltr'>homo</span> <span class='ocrx_word' id='word_1_285' title='bbox 1420 3347 1488 3403; x_wconf 89' lang='lat' dir='ltr'>ad</span> <span class='ocrx_word' id='word_1_286' title='bbox 1519 3346 1754 3419; x_wconf 78' lang='lat' dir='ltr'>gratiam</span> <span class='ocrx_word' id='word_1_287' title='bbox 1777 3360 2109 3421; x_wconf 75' lang='lat' dir='ltr'>praeparare.</span> 
     </span>
    </p>

    <p class='ocr_par' dir='ltr' id='par_1_10' title="bbox 240 3434 2245 3863">
     <span class='ocr_line' id='line_1_33' title="bbox 302 3434 2244 3509; baseline -0.001 -17"><span class='ocrx_word' id='word_1_288' title='bbox 302 3435 409 3492; x_wconf 88' lang='lat' dir='ltr'>Sed</span> <span class='ocrx_word' id='word_1_289' title='bbox 444 3442 657 3503; x_wconf 87' lang='lat' dir='ltr'>contra,</span> <span class='ocrx_word' id='word_1_290' title='bbox 702 3451 800 3509; x_wconf 88' lang='lat' dir='ltr'>per</span> <span class='ocrx_word' id='word_1_291' title='bbox 840 3437 945 3493; x_wconf 88' lang='lat' dir='ltr'>hoc</span> <span class='ocrx_word' id='word_1_292' title='bbox 968 3436 1037 3493; x_wconf 86' lang='lat' dir='ltr'>ad</span> <span class='ocrx_word' id='word_1_293' title='bbox 1067 3437 1303 3509; x_wconf 86' lang='lat' dir='ltr'>gratiam</span> <span class='ocrx_word' id='word_1_294' title='bbox 1331 3452 1724 3509; x_wconf 78' lang='lat' dir='ltr'>praeparamur,</span> <span class='ocrx_word' id='word_1_295' title='bbox 1767 3436 1912 3509; x_wconf 89' lang='lat' dir='ltr'>quod</span> <span class='ocrx_word' id='word_1_296' title='bbox 1957 3434 2024 3492; x_wconf 86' lang='lat' dir='ltr'>ad</span> <span class='ocrx_word' id='word_1_297' title='bbox 2067 3435 2244 3491; x_wconf 83' lang='lat' dir='ltr'>Deum</span> 
     </span>
     <span class='ocr_line' id='line_1_34' title="bbox 240 3523 2245 3597; baseline -0.001 -18"><span class='ocrx_word' id='word_1_298' title='bbox 240 3524 623 3580; x_wconf 84' lang='lat' dir='ltr'>convertimur.</span> <span class='ocrx_word' id='word_1_299' title='bbox 649 3524 755 3581; x_wconf 88' lang='lat' dir='ltr'>Sed</span> <span class='ocrx_word' id='word_1_300' title='bbox 782 3523 848 3581; x_wconf 86' lang='lat' dir='ltr'>ad</span> <span class='ocrx_word' id='word_1_301' title='bbox 875 3524 981 3581; x_wconf 89' lang='lat' dir='ltr'>hoc</span> <span class='ocrx_word' id='word_1_302' title='bbox 1003 3524 1306 3596; x_wconf 83' lang='lat' dir='ltr'>indigemus</span> <span class='ocrx_word' id='word_1_303' title='bbox 1330 3524 1532 3581; x_wconf 87' lang='lat' dir='ltr'>auxilio</span> <span class='ocrx_word' id='word_1_304' title='bbox 1551 3525 1751 3582; x_wconf 83' lang='lat' dir='ltr'>divinae</span> <span class='ocrx_word' id='word_1_305' title='bbox 1777 3525 1972 3597; x_wconf 85' lang='lat' dir='ltr'>gratiae</span> <span class='ocrx_word' id='word_1_306' title='bbox 2000 3541 2014 3579; x_wconf 77' lang='grc' dir='ltr'><strong><em>ε</em></strong></span> <span class='ocrx_word' id='word_1_307' title='bbox 2041 3524 2245 3580; x_wconf 89' lang='lat' dir='ltr'>dicitur</span> 
     </span>
     <span class='ocr_line' id='line_1_35' title="bbox 242 3608 2241 3682; baseline -0.001 -15"><span class='ocrx_word' id='word_1_308' title='bbox 242 3614 376 3669; x_wconf 89' lang='lat' dir='ltr'>enim</span> <span class='ocrx_word' id='word_1_309' title='bbox 404 3612 606 3670; x_wconf 85' lang='lat' dir='ltr'>Thren.</span> <span class='ocrx_word' id='word_1_310' title='bbox 634 3630 691 3679; x_wconf 82' lang='lat' dir='ltr'>v,</span> <span class='ocrx_word' id='word_1_311' title='bbox 722 3616 835 3673; x_wconf 74' lang='lat'>2⁴:</span> <span class='ocrx_word' id='word_1_312' title='bbox 866 3614 1124 3671; x_wconf 83' lang='lat' dir='ltr'>Converte</span> <span class='ocrx_word' id='word_1_313' title='bbox 1159 3630 1272 3681; x_wconf 76' lang='lat' dir='ltr'>nos,</span> <span class='ocrx_word' id='word_1_314' title='bbox 1302 3608 1545 3682; x_wconf 82' lang='lat' dir='ltr'>Domine,</span> <span class='ocrx_word' id='word_1_315' title='bbox 1575 3615 1646 3671; x_wconf 83' lang='lat' dir='ltr'>ad</span> <span class='ocrx_word' id='word_1_316' title='bbox 1674 3621 1744 3681; x_wconf 77' lang='lat' dir='ltr'>te,</span> <span class='ocrx_word' id='word_1_317' title='bbox 1770 3621 1821 3671; x_wconf 83' lang='lat' dir='ltr'>et</span> <span class='ocrx_word' id='word_1_318' title='bbox 1849 3611 2241 3670; x_wconf 61' lang='lat' dir='ltr'>convertemurs·</span> 
     </span>
     <span class='ocr_line' id='line_1_36' title="bbox 240 3700 2242 3789; baseline 0.001 -34"><span class='ocrx_word' id='word_1_319' title='bbox 240 3700 373 3773; x_wconf 85' lang='lat' dir='ltr'>Ergo</span> <span class='ocrx_word' id='word_1_320' title='bbox 407 3702 573 3757; x_wconf 90' lang='lat' dir='ltr'>homo</span> <span class='ocrx_word' id='word_1_321' title='bbox 600 3702 811 3789; x_wconf 79' lang='lat' dir='ltr'>indiget</span> <span class='ocrx_word' id='word_1_322' title='bbox 838 3702 1039 3759; x_wconf 83' lang='lat' dir='ltr'>auxilio</span> <span class='ocrx_word' id='word_1_323' title='bbox 1068 3704 1261 3775; x_wconf 84' lang='lat' dir='ltr'>gratiae</span> <span class='ocrx_word' id='word_1_324' title='bbox 1289 3703 1492 3762; x_wconf 83' lang='lat' dir='ltr'>divmae</span> <span class='ocrx_word' id='word_1_325' title='bbox 1515 3705 1586 3761; x_wconf 89' lang='lat' dir='ltr'>ad</span> <span class='ocrx_word' id='word_1_326' title='bbox 1612 3703 1716 3759; x_wconf 88' lang='lat' dir='ltr'>boc</span> <span class='ocrx_word' id='word_1_327' title='bbox 1743 3702 1890 3775; x_wconf 86' lang='lat' dir='ltr'>quod</span> <span class='ocrx_word' id='word_1_328' title='bbox 1922 3717 1982 3757; x_wconf 85' lang='lat' dir='ltr'>se</span> <span class='ocrx_word' id='word_1_329' title='bbox 2017 3700 2087 3757; x_wconf 89' lang='lat' dir='ltr'>ad</span> <span class='ocrx_word' id='word_1_330' title='bbox 2109 3714 2242 3771; x_wconf 71' lang='lat' dir='ltr'>gru-²</span> 
     </span>
     <span class='ocr_line' id='line_1_37' title="bbox 243 3782 2240 3863; baseline 0.002 -22"><span class='ocrx_word' id='word_1_331' title='bbox 243 3789 369 3845; x_wconf 89' lang='lat' dir='ltr'>tiam</span> <span class='ocrx_word' id='word_1_332' title='bbox 396 3782 692 3863; x_wconf 82' lang='lat' dir='ltr'>praepar-et.</span> <span class='ocrx_word' id='word_1_333' title='bbox 1042 3820 1047 3824; x_wconf 87' lang='lat'><em>-</em></span> <span class='ocrx_word' id='word_1_334' title='bbox 2231 3791 2240 3821; x_wconf 76' lang='lat'>²</span> 
     </span>
    </p>

    <p class='ocr_par' dir='ltr' id='par_1_11' title="bbox 245 3872 2315 4044">
     <span class='ocr_line' id='line_1_38' title="bbox 305 3872 2244 3957; baseline -0.002 -23"><span class='ocrx_word' id='word_1_335' title='bbox 305 3880 599 3946; x_wconf 84' lang='lat' dir='ltr'>Praeterea,</span> <span class='ocrx_word' id='word_1_336' title='bbox 634 3879 702 3935; x_wconf 88' lang='lat' dir='ltr'>ad</span> <span class='ocrx_word' id='word_1_337' title='bbox 732 3879 959 3937; x_wconf 87' lang='lat' dir='ltr'>nihilum</span> <span class='ocrx_word' id='word_1_338' title='bbox 988 3896 1093 3937; x_wconf 87' lang='lat' dir='ltr'>non</span> <span class='ocrx_word' id='word_1_339' title='bbox 1121 3887 1304 3957; x_wconf 85' lang='lat' dir='ltr'>potest</span> <span class='ocrx_word' id='word_1_340' title='bbox 1326 3882 1504 3938; x_wconf 89' lang='lat' dir='ltr'>homo</span> <span class='ocrx_word' id='word_1_341' title='bbox 1515 3897 1574 3937; x_wconf 88' lang='lat' dir='ltr'>se</span> <span class='ocrx_word' id='word_1_342' title='bbox 1607 3892 1917 3953; x_wconf 69' lang='lat' dir='ltr'>praeparare</span> <span class='ocrx_word' id='word_1_343' title='bbox 1946 3875 2049 3932; x_wconf 87' lang='lat' dir='ltr'>nisi</span> <span class='ocrx_word' id='word_1_344' title='bbox 2083 3872 2244 3957; x_wconf 71' lang='lat' dir='ltr'>cogi-³</span> 
     </span>
     <span class='ocr_line' id='line_1_39' title="bbox 245 3962 2315 4044; baseline 0 -23"><span class='ocrx_word' id='word_1_345' title='bbox 245 3967 428 4024; x_wconf 79' lang='lat' dir='ltr'>tando.</span> <span class='ocrx_word' id='word_1_346' title='bbox 462 3967 688 4026; x_wconf 86' lang='lat' dir='ltr'>Sed—ad</span> <span class='ocrx_word' id='word_1_347' title='bbox 732 3969 836 4027; x_wconf 86' lang='lat' dir='ltr'>hoc</span> <span class='ocrx_word' id='word_1_348' title='bbox 874 3970 1052 4044; x_wconf 86' lang='lat' dir='ltr'>ipsum</span> <span class='ocrx_word' id='word_1_349' title='bbox 1086 3971 1297 4043; x_wconf 87' lang='lat' dir='ltr'>indiget</span> <span class='ocrx_word' id='word_1_350' title='bbox 1331 3971 1494 4028; x_wconf 87' lang='lat' dir='ltr'>homo</span> <span class='ocrx_word' id='word_1_351' title='bbox 1540 3967 1746 4028; x_wconf 85' lang='lat' dir='ltr'>auxilio</span> <span class='ocrx_word' id='word_1_352' title='bbox 1783 3962 2012 4039; x_wconf 79' lang='lat' dir='ltr'>g&#39;ratiae3</span> <span class='ocrx_word' id='word_1_353' title='bbox 2042 3962 2244 4022; x_wconf 60' lang='lat' dir='ltr'>dicitur</span> <span class='ocrx_word' id='word_1_354' title='bbox 2312 3972 2315 3977; x_wconf 85' lang='lat'>&#39;</span> 
     </span>
    </p>
   </div>
  </div>
 </body>
</html>
