2800 4492
536 333 700 424 468.
1027 366 1083 415 u.
1122 360 1360 411 ‘ruomu
1400 353 1731 409 Aemus-ms
1770 349 2081 399 ornacum

551 492 820 559 diversus,
847 490 905 543 et
943 495 1113 541 eausa
1153 474 1436 539 filiationis
1470 471 1711 541 diversa,
1736 466 1837 527 sed
1879 472 2065 525 tumen
2108 440 2419 521 filiationes
2467 472 2571 517 nou

550 585 782 657 possunt
807 589 928 635 esse
955 571 1104 641 duae,
1131 566 1347 631 ratione
1363 564 1483 638 jum
1506 562 1678 621 dieta.

1260 731 1667 819 QUAESTIO
1711 728 1831 800 111.

627 888 837 950 Deinde
859 883 1125 962 quaeritur
1151 876 1223 939 de
1249 876 1470 937 Christo
1498 877 1767 950 quantum
1806 866 1878 929 ad
1906 864 2121 943 speeies
2148 860 2253 923 sub
2276 860 2493 938 quibus
2518 860 2569 917 in

559 981 916 1041 Sacramento
939 972 1132 1033 altaris
1159 969 1507 1034 continetur3
1536 971 1723 1019 utrum
1758 956 1972 1016 scilicet
2007 955 2121 1012 sint
2157 952 2235 1010 ibi
2261 950 2575 1011 accidentia

562 1071 682 1131 siue
708 1067 956 1141 subJeeto

1281 1198 1740 1267 ARTIGULUS
1778 1197 1861 1259 V.

577 1319 796 1414 Utrum
821 1342 890 1409 in
921 1335 1163 1404 christo
1191 1330 1320 1394 sint
1351 1323 1687 1391 accidentia
1710 1321 1843 1386 ‘sim
1866 1296 2152 1401 subjecto.
2183 1336 2267 1361 -·-
2292 1312 2365 1395 (3
2381 1317 2571 1397 part„

647 1436 861 1519 quast.
903 1430 1009 1503 75,
1055 1427 1181 1489 art.
1213 1422 1286 1525 ξας
1330 1420 1389 1481 et
1428 1416 1639 1497 quast.
1682 1413 1786 1487 77,
1832 1412 1962 1475 arta
2005 1407 2075 1483 13
2112 1408 2172 1469 et
2196 1408 2258 1481 4,
2288 1404 2441 1468 dist.
2482 1403 2572 1479 11,

651 1526 865 1609 quast.
897 1518 990 1599 1).

641 1649 712 1707 Et
735 1647 954 1705 videtur
977 1635 1128 1713 quod
1151 1649 1282 1693 non.
1307 1630 1459 1689 Deus
1476 1625 1623 1685 euim
1648 1638 1756 1683 uon
1780 1627 1965 1696 potest
1992 1618 2175 1677 faeere
2202 1616 2575 1691 contradicto-

574 1740 662 1797 ria
688 1750 808 1793 esse
834 1728 997 1791 simul
1017 1742 1170 1785 veru.
1191 1721 1310 1780 Hoc
1337 1726 1525 1777 autem
1550 1717 1715 1779 esset,
1741 1710 1791 1769 si
1819 1709 1892 1769 ab
1916 1708 2101 1782 aliquo
2124 1714 2501 1769 removeretur
2526 1702 2577 1759 id

577 1824 724 1901 quod
752 1827 839 1879 est
860 1819 930 1876 de
945 1831 1048 1874 sua
1069 1810 1391 1871 defiuitione
1414 1800 1717 1864 accidentis
1738 1798 1906 1856 eadat
1926 1812 2050 1855 esse
2076 1796 2132 1852 iu
2154 1794 2426 1867 subjecto,
2456 1794 2579 1867 quia

579 1910 883 1972 accidentis
909 1919 1030 1962 esse
1072 1907 1158 1959 est
1197 1887 1401 1965 inesse,
1433 1893 1653 1953 videtur
1686 1887 1836 1964 quod
1864 1888 2013 1945 Deus
2048 1899 2158 1941 nou
2186 1882 2365 1962 possit
2407 1881 2577 1940 facere

583 2000 839 2061 accidens
865 1996 984 2054 siue
1011 1990 1283 2063 subjecto.
1309 2019 1316 2027 ·
1401 2004 1407 2010 ·

651 2093 708 2149 2.
735 2088 1028 2163 Praeterea,
1059 2080 1130 2137 de
1165 2074 1360 2135 eodem
1385 2067 1720 2145 praedioatur
1750 2063 2025 2134 definitio,
2050 2066 2109 2119 et
2134 2059 2447 2119 definitum.
2482 2057 2590 2129 Sed·

583 2193 674 2239 em
686 2191 789 2252 per
809 2191 862 2233 se
881 2178 967 2231 est
984 2166 1233 2228 definitio
1259 2162 1350 2225 vel
1375 2157 1675 2232 descriptio
1694 2152 2039 2213 substantiae.
2068 2150 2129 2209 Si
2155 2164 2289 2221 ergo
2316 2150 2378 2205 iu
2404 2162 2583 2205 sacra-

583 2274 770 2328 mento
799 2261 990 2323 altaris
1034 2253 1344 2317 accidentia
1381 2254 1513 2307 sunt
1551 2261 1649 2321 per
1692 2260 1754 2301 se
1781 2257 1889 2300 non
1930 2241 1991 2298 in
2031 2239 2303 2310 subjecto,
2346 2237 2584 2312 sequitur

586 2355 735 2432 quod
752 2354 870 2411 ‘siut
895 2345 1256 2415 substantiae3
1277 2338 1425 2415 quod
1452 2344 1547 2410 est
1566 2333 1887 2394 absurdum.

659 2448 714 2501 3.
747 2444 1042 2503 Praeterea,
1069 2450 1136 2492 ex
1179 2424 1557 2489 accidentibus
1604 2435 1713 2481 uon
1753 2422 1937 2494 potest
1963 2413 2219 2491 generari
2264 2412 2582 2471 substantia.

589 2533 699 2594 Sed
726 2530 979 2591 videmus
1019 2538 1088 2581 ex
1128 2520 1238 2578 illis
1271 2512 1559 2591 speciebus
1598 2507 1850 2589 generari
1878 2519 2095 2563 vermes
2133 2509 2193 2561 et
2216 2502 2453 2571 cinere8‚
2478 2515 2588 2575 quae

593 2627 814 2679 constat
837 2632 944 2679 non
967 2606 1219 2685 generari
1241 2620 1312 2663 ex
1333 2616 1563 2677 corpore
1584 2595 1811 2659 Christi.
1839 2593 1985 2667 Ergo
2007 2590 2318 2650 accidentia
2342 2604 2451 2647 nou
2476 2596 2589 2645 sunt

595 2708 674 2765 ibi
703 2707 822 2763 siue
849 2702 1118 2775 subjecto.

669 2797 722 2851 ι.
777 2791 883 2849 Sed
912 2789 1144 2854 diceres,
1193 2780 1340 2856 quod
1369 2779 1701 2852 generantur
1739 2768 2091 2829 miraculose.
2132 2794 2209 2813 -
2246 2765 2359 2826 Sed
2390 2770 2588 2831 eontra,

596 2878 862 2941 miracula
901 2873 1225 2940 ordinantur
1264 2867 1336 2926 ud
1373 2858 1800 2939 aedificationem
1848 2857 1999 2918 fidei.
2034 2854 2145 2915 Sed
2173 2860 2262 2911 est
2288 2854 2597 2913 scandalum

600 2968 750 3047 quod
779 2978 992 3027 vermes
1027 2958 1225 3019 exinde
1249 2960 1615 3029 generentur.
1641 2950 1783 3023 Ergo
1812 2962 1923 3005 uon
1954 2946 2019 3005 fit
2046 2943 2400 3001 miraculose.

670 3062 726 3117 5.
742 3049 1112 3120 Praeterea‚‚iu
1135 3048 1492 3107 Suorumento
1516 3039 1709 3097 ulteris
1727 3036 1861 3095 nihil
1878 3034 2045 3093 debet
2066 3048 2189 3091 esse
2214 3033 2598 3090 inordinatum.

600 3150 710 3211 Sed
737 3152 930 3207 eontra
953 3140 1200 3199 ordinem
1223 3148 1390 3211 quem
1423 3132 1573 3188 Deus
1594 3127 1759 3187 rebus
1785 3124 2065 3201 imposuit,
2097 3128 2185 3181 est
2207 3122 2468 3181 aooidens
2494 3134 2602 3179 esso

605 3239 730 3295 siue
757 3234 1026 3293 sub‘eeto.

675 3323 782 3383 Sed
810 3252 1021 3386 egum,
1047 3290 1242 3373 seusus
1265 3326 1375 3376 uon
1398 3303 1674 3381 decipitur
1697 3302 1753 3359 in
1778 3300 1997 3377 proprio
2027 3296 2292 3364 sensibili,
2312 3296 2607 3355 secundum

606 3408 995 3483 Philosophum
1021 3406 1080 3462 iu
1100 3404 1150 3461 11
1189 3402 1261 3458 de
1287 3398 1485 3457 Anima
1526 3396 1682 3467 (text.
1714 3405 1856 3449 com.
1887 3389 2001 3461 57).
2028 3388 2138 3446 Sed
2178 3400 2375 3445 sensus
2394 3385 2605 3459 judicat

605 3504 685 3563 ibi
710 3516 829 3567 esse
867 3496 1108 3554 colorem
1141 3495 1199 3547 et
1239 3499 1511 3559 saporem,
1542 3489 1602 3539 et
1629 3479 1740 3539 alia
1778 3476 2113 3550 hujusmodi.
2136 3476 2281 3547 Ergo
2319 3474 2441 3531 haee
2468 3473 2613 3531 aeci-

610 3590 801 3662 dentia
823 3576 950 3643 sunt
984 3596 1113 3639 vere
1149 3576 1250 3635 ibi.
1279 3575 1401 3633 Non
1429 3576 1615 3631 autem
1642 3572 1773 3625 sunt
1799 3567 1859 3625 in
1881 3579 2112 3638 corpore
2148 3561 2354 3623 Christi
2378 3561 2522 3618 siout
2561 3562 2619 3616 iu

611 3680 896 3751 subjeet03
925 3686 1030 3729 nee
1055 3670 1254 3727 iterum
1277 3664 1338 3720 in
1361 3676 1525 3729 aere;
1550 3672 1681 3715 eum
1710 3662 1967 3714 neutrum
1990 3654 2065 3711 sit
2098 3659 2295 3711 uatum
2318 3649 2463 3707 affici
2492 3648 2621 3707 tali·

613 3770 718 3826 bus
745 3759 1143 3833 accidentibus.
1164 3757 1307 3827 Ergo
1333 3748 1645 3808 accidentia
1667 3751 1797 3803 sunt
1822 3744 1901 3801 ibi
1928 3742 2049 3799 siue
2074 3741 2347 3815 subjecto.

685 3851 1011 3925 Respondeo
1038 3843 1352 3909 dicendum,
1379 3836 1530 3913 quod
1571 3832 1882 3895 uooideutia
1908 3840 2036 3889 suut
2062 3830 2140 3888 ibi
2176 3829 2297 3887 siue
2335 3824 2622 3901 subjectog

622 3940 774 4018 quod
796 3938 1034 4014 qualiter
1058 3930 1180 3993 esse
1205 3931 1401 4009 possit,
1430 3928 1559 3985 hine
1584 3922 2043 4005 considerandum
2066 3926 2173 3980 est.
2190 3918 2333 3992 Quia
2347 3905 2417 3975 'iu
2447 3916 2628 3975 omui·
