2800 4492
800 299 890 344 11.
921 315 1000 328 —
1026 299 1096 344 IN
1145 299 1415 342 non-rum
1456 300 1534 343 nu
1576 299 1901 346 mmmm-m
2274 290 2364 376 9:22

349 422 526 482 actus,
553 413 692 474 sicut
734 414 792 470 in
835 414 1065 470 materia
1106 414 1282 487 prima
1323 431 1423 486 per
1464 413 1842 472 habitudinem
1880 417 1950 473 ad
1996 417 2247 488 formam,
2299 428 2355 480 et

351 519 582 561 vacuum
626 519 723 576 per
764 501 1128 574 privationem
1171 502 1353 569 locati,
1387 496 1442 558 et
1484 502 1588 558 hoc
1622 509 1705 558 est
1749 503 1900 574 illud,
1946 521 2012 561 ex
2060 524 2169 579 quo
2212 526 2353 567 una-

347 608 580 666 quaeque
627 597 824 648 natura
870 606 1028 647 suam
1073 591 1340 647 rationem
1382 591 1631 647 sortitur.
1660 591 1890 662 Quando
1922 610 2073 666 ,ergo
2112 595 2215 653 hoc
2254 617 2350 670 per

347 680 492 753 quod
521 677 875 734 constituitur
893 678 1036 736 ratio
1065 683 1294 744 naturae,
1322 693 1421 750 per
1444 679 1592 750 quod
1620 679 1737 750 ipsa
1771 685 1968 737 natura
2004 681 2357 755 intelligitur,-

345 767 512 824 habet
553 761 798 822 ordinem
840 773 896 822 et
929 765 1349 838 dependentiam
1393 765 1464 821 ad
1508 765 1714 838 aliquid
1758 766 1926 838 aliud,
1960 773 2091 826 tunc
2138 780 2351 829 constat

346 856 493 929 quod
523 861 720 911 natura
753 853 848 912 illa
882 854 998 909 sine
1036 853 1128 909 illo
1173 853 1279 909 alio
1323 851 1554 926 intelligi
1585 869 1691 909 non
1738 860 1939 928 potest,
1968 856 2083 914 sive
2112 859 2184 915 sit
2215 875 2350 934 con-

339 947 534 1018 juncta
559 943 942 1015 conjunctione
963 941 1057 998 illa
1089 957 1197 1016 qua
1229 957 1357 1014 pars
1389 941 1739 1014 conjungitur
1765 945 1887 1012 toti,
1920 945 2064 1002 sicut
2104 964 2203 1020 pes
2244 966 2351 1006 non

345 1039 527 1108 potest
555 1031 784 1104 intelligi
813 1031 940 1088 sine.
959 1030 1236 1086 intellectu
1271 1029 1548 1099 animaliS,
1573 1031 1703 1104 quia
1732 1031 1788 1086 id
1818 1048 1851 1089 a
1892 1019 2001 1106 q'uo
2044 1052 2139 1108 pes
2183 1036 2351 1094 habet

345 1122 615 1178 rationem
639 1121 811 1194 pedis,
839 1119 1109 1198 dependet
1147 1119 1218 1175 ab
1256 1134 1321 1176 eo
1351 1135 1385 1176 a
1426 1135 1534 1192 quo
1570 1118 1779 1176 animal
1826 1122 1913 1176 est
1954 1123 2152 1180 animal
2189 1143 2201 1179 ε
2233 1127 2349 1181 sive

344 1212 513 1268 etiam
541 1209 615 1266 sit
640 1210 930 1280 conjuncta
953 1223 1050 1280 per
1077 1208 1300 1264 modum
1329 1222 1439 1281 quo
1488 1207 1659 1264 forma
1702 1210 2049 1281 conjungitur
2078 1215 2345 1283 materiae,

343 1299 490 1356 sicut
529 1313 656 1371 pars
697 1295 1005 1369 compositi,
1050 1295 1137 1351 vel
1175 1295 1433 1352 accidens
1483 1295 1748 1368 subjecto,
1794 1297 1937 1355 sicut
1992 1299 2191 1358 simum
2242 1320 2345 1359 non

343 1393 528 1462 pot-est
569 1384 799 1456 intelligi
843 1384 962 1440 sine
1003 1398 1135 1440 naso
1165 1401 1177 1436 ε
1210 1383 1328 1444 sive
1367 1383 1537 1440 etiam
1576 1383 1686 1439 sint
1714 1386 2012 1443 secundum
2040 1405 2158 1446 rem
2185 1407 2348 1464 sepa-

345 1484 487 1545 rata,
514 1475 657 1532 sicut
681 1479 836 1546 pater
863 1487 972 1530 non
999 1477 1181 1544 potest
1218 1471 1447 1544 intelligi
1477 1472 1595 1527 sine
1638 1471 1918 1530 intellectu
1948 1475 2062 1544 filii,
2096 1481 2349 1548 quamvis

343 1567 455 1623 iltae
495 1564 787 1622 relationes
822 1560 1169 1617 inveniantur
1209 1560 1264 1616 in
1299 1560 1533 1616 diversis
1571 1559 1753 1616 rebuS.
1784 1563 1840 1618 Si
1888 1579 2017 1620 vero
2068 1578 2233 1622 unum
2278 1568 2348 1625 ab

344 1657 518 1714 altero
547 1670 652 1710 non
682 1650 988 1725 dependeat
1025 1649 1324 1705 secundum
1350 1648 1404 1704 id
1428 1650 1585 1722 quod
1620 1651 1907 1707 constituit
1944 1653 2211 1710 rationem
2246 1673 2348 1714 na-

343 1755 504 1813 turae,
529 1752 659 1800 tuno
679 1756 847 1796 unum
873 1753 980 1794 non
999 1744 1180 1811 potest
1209 1737 1279 1794 ab
1302 1737 1476 1793 altero
1504 1737 1751 1795 abstrahi
1794 1755 1889 1812 per
1918 1740 2256 1800 intellectum
2286 1755 2347 1803 ut

340 1839 461 1893 sine
484 1850 548 1890 eo
571 1830 927 1900 intelligatur,
957 1843 1062 1882 non
1086 1826 1264 1883 solum
1286 1826 1333 1881 si
1359 1826 1469 1883 sint
1504 1833 1758 1898 separata
1796 1829 2097 1886 secundum
2122 1849 2254 1902 rem,
2287 1841 2345 1892 ut

341 1927 505 1982 homo
530 1929 586 1978 et
610 1920 765 1992 lapis,
797 1917 894 1974 sed
921 1915 1084 1972 etiam
1115 1915 1161 1972 si
1191 1913 1489 1970 secundum
1516 1930 1633 1970 rem
1660 1915 1951 1986 conjuncta
1980 1919 2108 1987 sint,
2135 1923 2252 1980 sive
2280 1941 2346 1982 ea

340 2011 725 2085 conjunctione
759 2012 867 2078 q’ua
897 2019 1026 2076 pars
1057 2011 1116 2058 et
1159 2009 1336 2059 totum
1364 2003 1733 2074 conjungitur,
1760 2004 1905 2060 sicut
1942 2005 2125 2064 littera
2168 2019 2345 2082 potest

339 2099 575 2170 intelligi
606 2098 723 2152 sine
765 2092 996 2168 syllaba,
1029 2097 1084 2147 et
1119 2089 1320 2146 animal
1355 2090 1475 2146 sine
1511 2091 1665 2162 pede,
1696 2091 1790 2146 sed
1828 2107 1935 2148 non
1966 2109 1996 2149 e
2032 2110 2295 2154 converso
2329 2117 2341 2155 ε

340 2193 462 2248 sive
485 2187 650 2244 etiam
678 2183 790 2240 sint
809 2183 1100 2253 conjuncta
1128 2193 1224 2251 per
1256 2178 1477 2234 modum
1506 2193 1613 2251 quo
1646 2178 1821 2236 forma
1849 2183 2194 2255 conjungitur
2224 2204 2344 2245 ma·-

341 2280 520 2344 teriae,
549 2285 604 2332 et
629 2272 883 2330 accidens
911 2268 1178 2341 subjecto,
1211 2267 1355 2324 sicut
1392 2266 1585 2322 albedo
1628 2273 1808 2339 potest
1834 2269 2062 2341 intelligi
2097 2275 2213 2332 sine
2242 2276 2345 2333 ho-

339 2367 511 2438 mine,
561 2371 618 2420 et
651 2380 681 2419 e
726 2373 1008 2417 converso.
1037 2357 1128 2413 Sic
1169 2355 1338 2428 igitur
1384 2354 1695 2411 intellectus
1737 2357 2026 2428 distinguit
2062 2379 2229 2419 unum
2276 2366 2346 2423 ab

342 2458 518 2516 altero
545 2453 706 2511 aliter
729 2455 786 2506 et
807 2448 968 2504 aliter
991 2445 1292 2502 secundum
1317 2443 1659 2516 operationes
1687 2459 1700 2497 :
1730 2445 1859 2517 quia
1873 2449 2172 2508 secundum
2196 2453 2339 2510 illam

341 2561 454 2620 qua
478 2539 755 2614 componit
782 2545 837 2594 et
864 2535 1080 2601 dividit,
1113 2532 1401 2604 distinguit
1440 2546 1610 2586 unum
1638 2531 1709 2588 ab
1754 2532 1860 2589 alio
1902 2551 1999 2606 per
2041 2537 2160 2607 hoc,
2193 2545 2337 2614 quod

339 2633 600 2703 intelligit
626 2642 794 2684 unum
823 2624 914 2681 alii
953 2639 1058 2678 non
1090 2620 1382 2696 inesse-ln
1419 2620 1736 2691 operatione
1766 2637 1895 2678 vero
1940 2640 2047 2697 qua
2083 2628 2337 2703 intelligit

341 2721 476 2798 quid
508 2726 592 2776 est
627 2713 1073 2786 unumquodque,
1104 2709 1391 2780 distinguit
1438 2725 1604 2764 unum
1646 2709 1716 2765 ab
1758 2710 1883 2778 alio,
1916 2713 2047 2770 dum
2086 2716 2335 2792 intelligit

341 2809 477 2885 quid
503 2813 586 2864 est
610 2806 734 2871 hoc,
762 2800 894 2858 nihil
935 2797 1284 2874 intelligendo
1323 2796 1391 2852 de
1426 2795 1763 2869 alio,.neque
1807 2801 1953 2872 quod
1991 2803 2063 2857 sit
2100 2821 2223 2862 cum
2253 2825 2335 2876 e0,

339 2913 522 2971 neque
549 2893 694 2968 quod
717 2892 789 2948 sit
818 2889 888 2946 ab
911 2904 975 2945 eo
999 2891 1332 2959 separatum.
1363 2885 1519 2942 Unde
1558 2887 1664 2942 ista
1689 2886 1968 2946 distinctio
1994 2907 2099 2948 non
2130 2897 2343 2969 proprie

339 2988 509 3045 nabet
536 2998 732 3041 nomen
759 2975 1140 3051 separationis„
1159 2973 1254 3030 sed
1281 2973 1457 3045 prima
1486 2981 1719 3030 tantum.
1751 2976 1880 3051 Haec
1899 2985 2081 3036 autem
2110 2983 2342 3041 distinc-

341 3075 425 3132 tio
452 3077 602 3130 recte
629 3068 830 3125 dicitur
859 3062 1174 3130 abstractiO,
1201 3061 1297 3117 sed
1329 3067 1459 3116 tunc
1489 3069 1700 3117 tantum
1739 3064 1959 3134 quando
1997 3081 2079 3134 ea,
2110 3087 2343 3140 quorum

339 3178 514 3220 unum
538 3160 655 3215 sine
678 3157 785 3214 alio
822 3151 1162 3224 intelligitur,
1183 3155 1312 3205 sunt
1339 3149 1501 3204 simul
1530 3151 1829 3207 secundum
1874 3168 2009 3210 rem.
2034 3155 2155 3212 Non
2196 3162 2341 3218 enim
2387 3151 2393 3157 ’

338 3251 548 3309 dicitur
575 3244 776 3304 animal
803 3260 835 3300 a
865 3241 1044 3315 lapide
1068 3238 1331 3305 abstrahi,
1359 3237 1404 3294 si
1436 3238 1635 3296 animal
1662 3239 1868 3313 absque
1898 3241 2175 3303 intellectu
2203 3247 2343 3323 lapi-

337 3339 434 3397 dis
454 3335 794 3406 intelligitur:
819 3330 974 3388 Unde
997 3344 1124 3386 cum
1153 3327 1451 3384 abstractio
1484 3342 1593 3382 non
1633 3328 1806 3400 possit
1844 3345 1983 3400 esse,
2016 3338 2233 3408 proprie
2256 3339 2344 3395 lo-

337 3426 584 3501 quendo,
614 3422 720 3479 nisi
745 3422 1159 3492 conjunctorum
1187 3415 1485 3473 secundum
1514 3419 1966 3483 rem,secundum
1990 3422 2126 3479 duos
2154 3427 2345 3484 modos

336 3511 743 3586 conjunctionis
774 3508 1084 3583 praedictos,
1114 3505 1323 3561 scilicet
1352 3520 1461 3576 qua
1491 3519 1618 3589 pars
1648 3511 1703 3561 et
1748 3513 1925 3566 totum
1971 3515 2339 3586 conjungitur,

337 3605 464 3661 sive
487 3603 661 3658 forma
683 3605 738 3656 et
753 3598 1004 3666 materia,
1023 3594 1222 3668 duplex
1237 3603 1318 3650 est
1333 3593 1773 3665 abstracti0,una
1790 3613 1898 3670 qua
1928 3599 2100 3658 forma
2127 3603 2344 3660 abstra-

335 3692 496 3751 hitur
539 3707 572 3748 a
611 3689 860 3756 materia,
893 3687 999 3748 alia
1041 3700 1148 3758 qua
1191 3689 1366 3740 totum
1404 3699 1435 3740 a
1485 3683 1751 3755 partibus·
1783 3686 1978 3742 Forma
2033 3696 2216 3746 autem
2255 3692 2347 3752 illa

335 3785 530 3856 potest
557 3777 798 3834 abstrahi
836 3793 869 3834 a
905 3774 1154 3840 materia,
1187 3774 1344 3844 cujus
1385 3773 1638 3828 essentiae
1683 3773 1825 3830 ratio
1872 3790 1977 3830 non
2006 3775 2277 3848 dependet
2314 3799 2349 3842 a

333 3867 446 3928 tali
476 3867 726 3926 materia.
749 3865 944 3924 Abilla
973 3869 1155 3922 autem
1185 3861 1419 3919 materia
1446 3877 1553 3920 non
1578 3867 1760 3934 potest
1785 3861 1959 3921 forma
1988 3864 2230 3926 abstrahi
2250 3887 2349 3945 per
