2800 4492
799 338 908 380 111.
939 353 1016 365 —
1043 338 1468 407 'ouonnmu'ruu
1512 338 1728 381 Nonum
2144 318 2280 377 491·

262 446 521 517 quaedam
568 448 840 520 stipendia
890 451 1000 505 Deo
1040 450 1242 505 ibidem
1295 450 1746 520 ministrantium.
1790 440 2049 524 Sequitur
2098 451 2264 505 etiam

261 533 556 590 diminutio
585 536 763 599 cultus
804 538 994 606 divini,
1027 538 1156 594 dum
1203 550 1342 595 unus
1381 540 1499 594 loco
1530 540 1767 613 plurium
1796 541 2122 595 instituitur.
2161 539 2291 594 S·e-'

265 623 456 694 quitur
480 626 646 681 etiam
675 626 730 681 in
757 626 1027 701 aliquibus
1053 625 1394 683 defraudatio
1426 629 1765 686 voluntatum
1799 638 2141 693 testatorum,
2170 627 2266 699 qui
2354 610 2368 625 ’

263 712 332 787 ad
362 711 463 768 hoc
482 713 665 786 aliqua
696 715 834 771 bona
863 715 1120 771 Ecclesiis
1163 715 1529 772 contuleruut.
1564 724 1624 771 ut
1658 724 1841 773 certus
1867 733 2125 771 numerus
2152 716 2292 771 Deo·

263 794 692 875 deservientium
721 804 794 858 ibi
839 813 1002 863 esset.
1047 804 1303 876 Sequitur
1335 803 1501 858 etiam
1543 804 1922 877 inaequalitas3
1955 806 2083 859 dum
2124 816 2292 858 unus·

265 887 511 959 pluribus
535 888 813 945 beneficiis
847 890 1109 956 abundat,
1136 900 1192 947 et
1230 891 1372 947 alius
1409 908 1509 947 nec
1536 908 1704 947 unum
1731 892 1931 947 habere
1961 901 2177 965 potest;
2210 897 2267 947 et

263 976 436 1032 multa
478 978 584 1034 alia
626 977 954 1050 hujusmodi,
1003 996 1126 1053 quae
1165 978 1234 1035 de
1278 980 1423 1037 sacili
1470 988 1679 1052 patent.
1727 981 1882 1037 Unde
1928 996 2034 1036 non
2084 988 2266 1051 potest

261 1064 530 1121 contineri
567 1068 708 1122 inter
751 1067 1118 1145 indifferentes
1157 1069 1435 1138 actiones;
1476 1078 1531 1125 et
1564 1069 1736 1124 multo
1782 1069 1958 1123 minus
2001 1069 2145 1123 inter
2173 1082 2271 1123 eas

263 1169 392 1225 quae
430 1163 557 1209 sunt
603 1155 898 1211 secundum
943 1172 1000 1212 se
1030 1156 1206 1224 bonas,
1252 1166 1312 1213 ut
1361 1157 1493 1213 dare
1522 1156 1945 1231 eleemosynam,
1975 1166 2030 1211 et
2070 1156 2264 1227 hujus-

263 1242 434 1296 modi.
488 1244 622 1299 Sunt
669 1260 800 1301 vero
835 1246 1088 1317 quaedam
1129 1245 1374 1301 actiones
1424 1260 1548 1319 quas
1599 1246 1849 1301 absolute
1890 1246 2255 1310 considerate,

263 1328 670 1387 deformitatem
713 1331 797 1387 vel
839 1333 1113 1405 aliquibus
1159 1334 1589 1390 circumstantiis
1637 1326 2055 1389 advenientibus
2104 1332 2263 1389 bonoe
2361 1364 2368 1370 ·

262 1416 602 1486 efficiuntur;
628 1421 772 1477 sicut
795 1420 1045 1476 occidere
1075 1422 1346 1477 hominem
1378 1423 1465 1496 vel
1495 1431 1798 1492 percutere,
1832 1423 1886 1476 in
1911 1436 1969 1476 se
1998 1422 2261 1477 deformi-

264 1514 434 1561 tatem
461 1507 756 1579 quamdam
783 1510 1072 1581 importat3
1104 1509 1200 1565 sed
1223 1511 1265 1565 si
1298 1511 1553 1576 addatur,
1581 1510 1831 1566 occidere
1859 1509 2263 1565 malefactorem

263 1604 488 1668 propter
516 1597 809 1667 justitiam,
839 1598 924 1654 vel
967 1606 1250 1672 percutere
1290 1599 1699 1671 delinquentem
1738 1615 1901 1655 causa
1938 1598 2261 1671 disciplinae,

263 1698 370 1738 non
410 1684 515 1739 erit
561 1692 861 1755 peccatum,
891 1686 985 1741 sed
1028 1688 1352 1743 virtuosum.
1391 1688 1451 1743 ln
1490 1704 1716 1744 numero
1757 1688 1949 1745 harum
1987 1688 2263 1743 actionum

262 1772 482 1827 videtur
519 1788 637 1828 esse
675 1772 876 1829 habere
919 1774 1105 1845 plures⁸
1157 1776 1495 1847 praebendas·
1540 1776 1801 1846 Quamvis
1863 1775 2008 1832 enim
2046 1775 2260 1847 aliquas

263 1859 690 1915 inordinationes
725 1862 1030 1935 contineat;
1072 1870 1252 1919 tamen
1291 1864 1414 1920 aliae
1442 1864 1872 1921 circumstantiae
1910 1874 2133 1939 possunt
2164 1880 2261 1918 su-

263 1948 659 2022 pervenire-ita
695 1949 1045 2007 honestantes
1078 1958 1278 2017 actum,
1322 1953 1465 2024 quod
1506 1953 1787 2025 praedictae
1833 1954 2264 2008 inordinationes

266 2038 509 2093 totaliter
533 2046 900 2108 evacuantur3
941 2046 1132 2117 utputa
1159 2042 1204 2095 si
1231 2042 1304 2095 sit
1333 2042 1631 2097 necessitas
1660 2044 1715 2096 in
1740 2041 1984 2113 pluribus
2010 2042 2267 2097 Ecclesiis

262 2128 708 2203 ejusltobsequiO,
760 2136 816 2183 et
862 2130 1031 2200 possit
1089 2128 1206 2199 plus
1249 2130 1457 2183 servire
1492 2128 1751 2184 Ecclesiae
1797 2129 1883 2184 vel
1926 2130 2263 2185 tantumdem

263 2215 461 2271 absens
497 2232 660 2288 quam
700 2216 839 2272 alius
882 2232 1138 2287 praesens,
1185 2222 1239 2271 et
1283 2216 1330 2270 si
1369 2232 1477 2289 qua
1509 2216 1615 2272 alia
1644 2225 1771 2272 sunt
1814 2217 2120 2289 hujusmodi
2163 2234 2176 2272 :
2210 2224 2265 2271 et

264 2315 414 2373 tunc,
449 2306 567 2361 istis
595 2306 999 2362 conditionibus
1035 2304 1563 2376 supervenientibuS,
1596 2321 1721 2361 cum
1750 2314 1898 2361 recta
1945 2307 2259 2371 intentione,

264 2412 370 2451 non
416 2394 519 2467 erit
561 2401 866 2467 peccatum,
912 2392 1262 2450 etiam'nulla
1310 2390 1715 2466 dispensatione
1761 2393 2174 2459 interveniente,
2219 2394 2263 2448 si

263 2482 639 2538 consideretur
669 2490 879 2538 tantum
901 2485 992 2555 jus
1033 2482 1280 2538 naturale
1318 2499 1331 2537 ε
1374 2482 1504 2555 quia
1530 2482 1863 2553 dispensatio
1892 2482 1959 2537 ad
1982 2483 2075 2556 jus
2101 2490 2263 2538 natu·

263 2571 378 2628 rale
416 2588 519 2628 non
564 2572 816 2643 pertinet,
861 2572 957 2627 sed
1002 2570 1175 2627 solum
1223 2570 1290 2625 ad
1322 2571 1636 2642 positivum.
1667 2570 1721 2626 Si
1763 2586 1890 2625 vero
1921 2570 2118 2642 aliquis
2161 2569 2264 2626 hae

263 2662 562 2717 intentione
591 2661 744 2733 plura
775 2660 1036 2716 beneficia
1075 2659 1292 2725 habeat,
1334 2666 1394 2715 ut
1432 2660 1503 2714 sit
1532 2658 1716 2724 ditior,
1766 2664 1823 2713 ut
1859 2660 2059 2713 lautius
2088 2659 2259 2725 vivat,

263 2754 320 2803 et
357 2758 415 2804 ut
455 2748 667 2805 facilius
709 2749 777 2805 ad
825 2744 1208 2821 Episcopatum
1251 2747 1528 2820 perveniat
1573 2748 1628 2803 in
1668 2746 1853 2821 aliqua
1894 2747 2261 2803 Ecclesiarum

264 2837 354 2893 ubi
397 2845 481 2893 est
523 2836 922 2909 praebendatuS,
970 2853 1074 2894 non
1115 2836 1375 2893 tolluntur
1420 2838 1699 2909 praedictae
1726 2836 2117 2903 deformitates,
2166 2837 2260 2892 sed

262 2935 529 2997 augentur
561 2944 574 2981 ε
606 2928 734 2999 quia
767 2942 891 2989 cum
921 2926 1016 2983 tali
1059 2927 1359 2983 intentione
1397 2933 1453 2981 et
1488 2942 1652 2982 unum
1692 2925 2013 2980 beneficium
2041 2924 2259 2994 habere,

260 3014 405 3086 quod
432 3013 632 3069 nullam
662 3014 1111 3079 inordinationem
1138 3015 1418 3086 importat,
1446 3019 1591 3067 esset
1624 3012 1895 3066 illicitum.
1932 3010 2001 3065 Et
2030 3012 2110 3065 sic
2134 3012 2265 3082 qui-

259 3104 386 3157 dem
433 3110 574 3157 esset
616 3102 904 3157 dicendum
958 3101 1257 3157 secundum
1296 3101 1388 3172 jus
1432 3100 1697 3174 naturale,
1739 3100 1907 3154 etiam
1955 3098 2101 3153 nullo
2138 3100 2263 3169 jure

261 3190 496 3265 positivo
522 3188 956 3261 superveniente.
1841 3185 1843 3187 ’

329 3280 486 3335 Nunc
514 3284 694 3332 autem
720 3282 928 3331 certum
954 3283 1036 3332 est
1062 3293 1159 3349 per
1189 3276 1414 3348 antiqua
1438 3277 1563 3349 jura
1588 3275 1691 3331 hoe
1720 3289 1838 3331 esse
1856 3274 2211 3348 prohibitium
2241 3290 2255 3330 t

262 3376 414 3441 patet
455 3367 620 3423 etiam
672 3364 804 3421 huic
845 3365 1192 3439 prohibitioni
1241 3364 1687 3421 consuetudinem
1736 3380 1856 3421 esse
1904 3366 2258 3432 contrariam,

261 3474 358 3531 per
385 3472 550 3529 quam
589 3454 810 3528 quidam
839 3456 1027 3511 dicunt
1059 3454 1148 3509 illa
1181 3456 1307 3527 jura
1345 3468 1467 3510 esse
1494 3454 1775 3526 abrogata.
1805 3454 1943 3511 Nam
1988 3470 2085 3527 per
2127 3469 2263 3509 con-

263 3546 487 3620 trariam
528 3544 974 3600 consuetudinem
1010 3546 1133 3615 jura
1178 3543 1410 3600 humana
1460 3544 1809 3615 abrogantur.
1849 3542 2085 3611 Quidam
2133 3556 2261 3597 vero

262 3635 469 3703 dicunt,
515 3650 607 3705 per
648 3632 788 3688 hanc
817 3634 1264 3689 consuetudinum
1301 3641 1539 3706 antequa
1575 3635 1700 3703 jura
1745 3647 1850 3686 non
1884 3630 2153 3699 abrogari,
2195 3644 2273 3685 eo

263 3720 404 3794 quod
436 3721 686 3793 quaedam
728 3721 1026 3778 Decretalis
1066 3722 1142 3777 ait
1185 3740 1196 3776 :
1229 3720 1404 3779 Multa
1429 3737 1527 3791 per
1546 3718 1875 3791 patientiam*
1905 3718 2208 3774 tolerantur
2239 3735 2258 3774 .·

262 3799 375 3885 quse
410 3812 457 3866 si
496 3812 554 3865 in
585 3811 849 3882 judicium
878 3811 1089 3883 fuerint
1131 3811 1370 3875 dedurta,
1406 3809 1625 3880 justitia
1662 3814 1869 3879 royente
1891 3807 2259 3864 ‘cassarentum

262 3902 326 3965 Et
353 3900 469 3963 haeo
497 3901 868 3959 controversia
889 3901 1106 3978 juristis
1133 3908 1217 3959 est
1245 3896 1629 3975 relinquenda;
1661 3896 1912 3973 quamvis
1935 3895 2039 3959 hoo
2066 3894 2259 3960 videa·-
