2800 4492
773 365 896 438 ΧΠ.
929 389 1008 403 -
1036 367 1462 423 Quonmnnrmr
1506 369 1801 424 QUARTUM
2178 350 2300 420 275

293 477 548 542 Futurus
575 477 695 558 quis
719 469 981 554 incedere,
1007 501 1112 545 non
1137 478 1356 545 incedet.
1388 485 1530 561 Ergo
1556 505 1663 547 non
1692 493 1929 562 oportet,
1962 487 2297 546 enuntiabile

285 574 435 644 ‘quod
461 567 629 630 semel
655 585 738 632 est
765 589 989 646 verum,
1007 587 1222 651 semper
1251 581 1371 634 esse
1397 579 1653 634 futurum·
1670 593 1878 634 verum.
1903 597 1908 605 ·

360 665 415 720 2.
463 663 752 734 Praeterea,
784 663 830 721 si
873 673 1056 738 partes
1093 668 1220 722 sunt
1268 667 1495 734 eaedem,
1530 664 1585 738 et
1629 673 1805 722 totum
1849 673 1939 725 est·
1979 664 2144 723 idem.
2190 660 2294 724 Sed

287 747 476 823 partes
503 744 852 809 enuntiabilis
879 749 1015 810 sunt
1038 751 1398 828 praedicatum
1428 761 1481 811 et
1522 754 1833 827 subJectum·
1869 761 1924 810 et
1948 755 2295 828 compositio.

289 835 431 910 Ergo
461 839 601 896 idern
641 855 722 898 est
763 839 1096 899 enuntiabile
1127 843 1396 899 existente
1427 845 1615 900 eodem
1647 843 1945 918 praedicato
1971 854 2025 902 et
2051 843 2298 917 subjecto

287 937 346 985 et
371 929 782 1000 compositione.
811 929 914 988 Sed
943 931 1126 989 taliter
1155 933 1424 988 existente
1462 933 1654 988 eodem
1679 930 1998 989 enuntiabit-i
2030 933 2299 1005 contingit

287 1014 437 1090 'quod
467 1019 538 1074 sit
557 1019 1101 1092 quandoqueverurn
1125 1026 1181 1076 et
1211 1019 1539 1094 quandoque
1560 1019 1759 1076 falsum
1779 1037 1797 1091 ς
1818 1018 2093 1077 sicut·hoc
2122 1035 2301 1078 enun-

293 1101 486 1162 tiabile
509 1101 824 1163 :Socratem
861 1106 1058 1174 sedere,
1101 1115 1184 1164 est
1221 1121 1413 1165 verum
1442 1125 1505 1164 eo
1546 1109 1788 1176 sedente,
1831 1111 2128 1166 secun-dum
2161 1107 2292 1166 illud

293 1191 600 1268 Philosophi
643 1197 718 1251 in
726 1197 964 1252 Periher.
1003 1195 1134 1254 :Ex
1171 1215 1228 1252 eo
1257 1199 1394 1271 quod
1427 1210 1513 1253 res
1548 1199 1623 1254 est
1654 1199 1735 1254 vel
1762 1211 1868 1254 non
1890 1203 1986 1264 cst,
2018 1199 2212 1255 oratio·
2224 1204 2301 1258 est

281 1290 420 1338 vera
434 1285 524 1340 vel
536 1281 696 1356 faisen
721 1282 870 1356 Ergo
886 1283 1218 1342 enuntiabile
1248 1283 1394 1359 quod
1421 1279 1589 1342 semel
1614 1291 1696 1342 est
1715 1297 1923 1378 verum,
1950 1299 2053 1383 non
2060 1287 2299 1402 propter

281 1372 396 1428 hoc
424 1385 636 1445 semper
661 1377 743 1429 est
776 1387 983 1430 verum.
1955 1393 1980 1402 ··
2022 1399 2027 1403 ·

363 1463 424 1516 3
443 1461 546 1518 Sed
578 1471 786 1527 contra,
830 1460 935 1518 ista
977 1459 1351 1531 enuntiabilia,
1381 1463 1651 1520 Socratem
1682 1458 1923 1530 cur-rere,
1926 1461 1999 1519 'et
2032 1463 2299 1520 Socratem

291 1550 611 1616 cucurrisse,
639 1554 688 1607 et
707 1545 970 1608 Socratem
991 1551 1107 1623 fore
1127 1562 1431 1617 cursurum,
1454 1539 1569 1608 non·
1585 1553 1841 1608 differunt
1856 1553 1969 1627 ‘nisi
1996 1553 2198 1608 secund
2208 1563 2297 1606 um

281 1637 566 1696 ’diversam
591 1633 1150 1711 consignificationem
1177 1641 1458 1712 temporis.
1488 1639 1592 1697 Sed
1620 1629 2293 1713 diversa‘consigniflcatlo

293 1745 400 1784 non
433 1728 570 1784 tollit
613 1727 958 1785 identitatem
1007 1727 1239 1785 nominis
1281 1747 1294 1784 τ
1328 1729 1471 1785 idem
1518 1721 1661 1785 enirn
1708 1745 1907 1785 nomen
1946 1727 2151 1786 dicitur
2175 1741 2297 1784 esse

288 1833 390 1891 per
413 1829 600 1872 omnes
627 1829 786 1873 casus
817 1824 870 1872 et
900 1813 954 1873 in
979 1815 1242 1890 singulari
1269 1827 1324 1874 et
1366 1815 1420 1874 in
1456 1819 1648 1890 plurali
1676 1831 1922 1875 numero.
1956 1817 2097 1890 Ergo
2127 1819 2293 1875 etiam

293 1905 557 1979 praedicta
605 1899 708 1962 tria
772 1897 1096 1962 nuntiabilia
1137 1913 1265 1962 sunt
1308 1906 1452 1963 idem
1496 1901 1849 1963 enuntiabile.
1900 1907 2004 1965 Sed
2043 1905 2295 1964 sinuum

283 1995 484 2050 'horum
532 1993 698 2050 semel
737 1993 808 2050 sit
833 2009 1040 2063 verum,
1069 2009 1282 2070 semper
1313 2000 1527 2070 oportet
1566 1997 1710 2069 quod
1756 1994 1977 2068 aliquod
2008 2009 2195 2052 eorum
2223 1997 2299 2054 sit

288 2096 482 2140 verum
516 2095 536 2137 :‘
561 2083 689 2162 quia
718 2084 764 2139 si
783 2079 957 2139 semel
981 2091 1064 2140 est
1089 2096 1278 2141 verum
1316 2085 1461 2157 quod
1496 2081 1735 2140 Socrates
1764 2085 1961 2150 currit,
1990 2083 2141 2157 prius
2176 2088 2295 2142 erat-

293 2187 482 2227 verum
511 2171 656 2244 quod
701 2171 941 2229 Socrates
973 2181 1176 2238 curret,
1218 2179 1274 2228 et
1303 2181 1493 2244 postea
1518 2171 1623 2228 erit
1658 2185 1847 2228 verum
1876 2173 2022 2245 quod
2056 2173 2332 2228 socrates.

294 2260 558 2316 cucurrit.
589 2257 751 2330 Ergo,
791 2261 834 2314 si
867 2261 1201 2317 enuntiabile
1241 2255 1463 2333 aliquod
1493 2259 1662 2316 semel
1706 2265 1801 2316 est*
1828 2259 2038 2329 verum,
2084 2273 2299 2332 sempor

293 2349 398 2404 erit
426 2359 630 2403 verum.
1516 2366 1523 2372 ’
1776 2387 1790 2394 -
1866 2371 1871 2376 ·
2076 2345 2081 2350 ’

362 2437 682 2510 Respondeo
707 2435 1018 2504 dicendum,
1051 2434 1196 2510 quod
1215 2433 1383 2509 hujus
1420 2433 1792 2494 dubitationis·
1838 2435 2001 2493 visin
2026 2439 2129 2496 hoc
2157 2455 2291 2498 con-

283 2527 458 2593 sistit,
493 2533 550 2580 ut
572 2528 778 2582 sciatur
807 2532 998 2581 utrum·
1015 2525 1088 2581 sit
1117 2517 1260 2582 idem
1287 2519 1621 2582 enuntiabile
1656 2525 1803 2600 quod
1819 2530 1903 2582 est
1925 2529 1991 2584 de
2014 2527 2287 2601 prae'senti,

294 2609 887 2690 piaete1·ito·et·futuro·.
919 2613 974 2670 Si
1001 2616 1144 2670 enim
1171 2610 1275 2672 hoc
1295 2629 1483 2670 verum
1511 2615 1584 2671 sit
1608 2631 1626 2685 ς
1656 2627 1993 2692 consequens
2018 2617 2289 2693 eritquod

294 2705 626 2762 enuntiabile
655 2704 800 2777 quod
827 2703 995 2760 semel
1026 2709 1120 2759 est·
1140 2720 1345 2770 verum,
1375 2719 1589 2776 semper
1625 2708 1729 2763 erit
1754 2725 1970 2777 verum3
1999 2708 2128 2764 licet
2154 2710 2292 2764 sorte

293 2793 837 2871 hoc-dubitationem
890 2787 1131 2866 aliquam
1175 2793 1374 2850 habe-re
1417 2789 1589 2864 possit
1653 2797 1800 2853 circa
1838 2798 2193 2855 enuntiabilia
2223 2800 2291 2854 do

294 2883 478 2941 futuro
506 2882 876 2956 contingenti,
863 2900 874 2913 ·
902 2883 998 2938 sed
1031 2881 1134 2940 hoc
1161 2891 1246 2938 est
1279 2879 1493 2938 altioris
1513 2878 1906 2954 inquisitionis.
1934 2879 1993 2936 Si
2028 2895 2155 2934 vero
2182 2879 2292 2933 siut

294 2974 510 3030 diversa
547 2971 903 3028 enuntiabilia
933 2973 1002 3027 de
1042 2973 1316 3043 praesenti,
1350 2971 1631 3042 praeterito
1664 2975 1736 3030 ει
1760 2969 1942 3024 tuturo
1971 2969 2071 3026 (cst
2108 2975 2297 3024 autem

292 3046 439 3117 idem
476 3059 806 3115 enuntiabile
849 3060 992 3131 quod
1035 3067 1118 3114 est
1156 3061 1222 3114 de
1267 3060 1545 3133 praesenti,
1587 3057 2061 3130 qualitercumque
2109 3070 2194 3109 res
2238 3070 2297 3110 se

217 3133 227 3142 ’
295 3133 532 3218 babeat),
581 3143 931 3202 manifestum
969 3153 1051 3202 est
1093 3149 1236 3221 quod
1282 3149 1427 3203 idern
1465 3144 1798 3203 enuntiabile
1841 3137 2173 3217 quandoque
2212 3152 2295 3200 est

279 3248 503 3304 verum,
533 3235 860 3309 quandoque
891 3232 1133 3290 falsum·
1165 3233 1463 3292 secuudum
1499 3235 1644 3308 quod
1684 3229 2039 3306 Philosophus
2074 3231 2209 3288 dicit
2240 3232 2294 3287 in

274 3325 556 3392 ‘Periher.‚
590 3323 738 3398 quod
763 3323 961 3380 eadem
978 3325 1152 3380 oratio
1182 3328 1236 3380 et
1267 3323 1448 3422 opinio
1474 3320 1801 3396 quandoque
1824 3331 1911 3379 est
1934 3333 2085 3389 vera,
2115 3335 2299 3443 quan-

293 3415 474 3488 doque
503 3410 660 3472 falsa.

361 3503 444 3560 A'd
483 3494 640 3576 eujus
675 3496 1017 3560 evidentiam·
1056 3498 1341 3559 sciendum
1373 3507 1477 3568 est,
1521 3499 1665 3575 quod
1700 3499 1999 3557 secundum
2044 3495 2299 3555 Philoso-

277 3591 461 3664 phum
489 3591 543 3647 in
573 3593 596 3648 1
624 3587 1072 3658 perihermeniae,
1099 3590 1206 3648 tria
1231 3587 1484 3664 quaedam
1508 3605 1605 3662 per
1626 3589 1871 3646 ordinem
1902 3579 2293 3642 inveniuntur:

297 3694 424 3734 nam
448 3695 607 3735 voces
631 3686 754 3737 sunt
783 3681 940 3752 signa
980 3679 1370 3748 intellectuum,
1401 3680 1711 3735 intellectus
1741 3683 1925 3747 autem
1956 3683 2083 3730 sunt
2114 3685 2297 3728 rerum

293 3762 700 3824 similitudines
731 3765 1077 3825 Manifestum
1113 3777 1196 3826 est
1229 3775 1413 3844 autem
1458 3765 1604 3840 quod
1636 3761 1817 3820 u'n'itas
1842 3763 1995 3818 vocis
2018 3761 2299 3834 significa-

277 3855 427 3914 ·tivze
453 3849 540 3910 vel
585 3854 871 3914 diversitas
902 3872 1006 3914 non
1047 3847 1318 3931 dependet
1360 3869 1428 3913 ex
1470 3855 1681 3911 unitate
1721 3849 1805 3908 v'el
1849 3847 2169 3908 diversitate
2216 3849 2297 3906 rei

277 3939 648 4034 'significatae3
689 3938 930 4028 alioquin
973 3950 1264 4009 nou‘esset
1302 3941 1526 4027 aliquod
1554 3951 1749 4004 nomen
1779 3935 2155 4024 aequivocum3
2202 3953 2298 4004 ses·
