2800 4492
473 296 608 373 '424
963 315 1019 368 s.
1059 309 1298 362 ‘mom
1337 301 1669 362 nomm-ns
1707 301 2025 352 oeusoum

491 450 621 500 tura
659 435 914 498 animalis
947 447 1116 509 quam
1150 428 1407 496 hominis,
1440 431 1503 483 ut
1542 431 1695 496 patet
1726 423 1782 480 in
1812 423 1879 479 ¹16
1910 421 1979 478 de
2006 417 2371 487 Aniinalibu8‚
2399 431 2527 477 non

493 539 682 590 autem
708 531 860 604 prius
887 526 1156 584 esthemo
1175 536 1343 595 quarn
1362 518 1454 574 hic
1480 517 1663 572 homo.
1684 513 1841 572 Unde
1868 509 2145 583 exemplar
2164 509 2313 584 quod
2340 513 2428 566 est
2456 509 2525 566 in

495 626 680 680 mente
707 619 896 676 divina
921 615 1098 688 primo
1125 618 1383 670 naturam
1411 604 1613 682 speciei
1627 602 1851 677 respicit
1875 601 1931 658 in
1960 599 2205 674 qualibet
2228 606 2521 658 creatura.

538 710 648 767 .Ad
679 709 916 782 primum
945 719 1074 775 ergo
1099 700 1411 766 dicendum,
1438 695 1586 770 quod
1612 693 1667 750 id
1692 691 1837 765 quod
1868 695 1953 746 est
1981 690 2219 762 primum
2238 687 2295 744 in
2320 689 2523 746 inten-

499 799 666 866 tione,
700 805 785 854 est
827 795 1080 850 ultimum
1108 791 1164 846 in
1205 787 1548 846 executione.
1586 782 1763 849 Unde,
1792 777 2047 853 quamvis
2086 786 2284 834 natura
2328 778 2520 850 primo

499 885 748 944 intendat
779 897 1040 956 generare
1063 878 1358 943 hominem,
1381 890 1480 948 per
1506 871 1661 946 prius
1680 875 1863 926 tamen
1892 874 2187 938 generatur
2215 864 2304 921 hic
2320 865 2516 938 homo,

501 991 610 1034 non
637 975 786 1032 enim
806 972 970 1028 homo
997 972 1288 1040 generatur
1318 962 1423 1020 nisi
1443 977 1541 1036 per
1569 960 1674 1015 boc
1702 956 1848 1030 quod
1877 955 1969 1012 hic
1992 954 2153 1012 homo
2178 962 2517 1025 generatur-3

499 1073 558 1121 et
585 1070 808 1136 propter
835 1060 940 1117 hoc
971 1058 1140 1114 etiam
1175 1055 1232 1110 in
1263 1051 1581 1108 definitione
1609 1047 1749 1104 ideae
1786 1045 2008 1111 dicitur,
2035 1043 2183 1116 quod
2210 1043 2520 1099 secundum

504 1169 602 1212 eas
637 1152 814 1209 oritur
863 1164 1023 1206 omne
1067 1143 1214 1218 quod
1253 1141 1432 1198 oritur
1470 1145 1739 1212 quantum
1770 1133 1841 1191 ad
1876 1133 2025 1190 viam
2066 1130 2425 1202 executioni8‚
2454 1129 2519 1188 in

503 1259 614 1318 qua
637 1237 938 1312 singularia
961 1243 1088 1293 sunt
1115 1232 1368 1307 primum.

541 1367 546 1372 ⁷
573 1329 907 1396 Secundum,
933 1323 1080 1400 quod
1109 1324 1165 1378 in
1188 1330 1525 1378 contrarium
1550 1313 1825 1386 objicitur,
1854 1309 2199 1371 conceditur.

1245 1509 1641 1595 QUAESTIO
1688 1507 1774 1576 II.

577 1685 786 1744 Deinde
812 1680 1076 1757 quaeritur
1105 1677 1176 1734 de
1198 1674 1284 1732 his
1311 1688 1437 1747 quae
1461 1669 1739 1746 pertinent
1764 1665 1833 1724 ad
1862 1669 2115 1722 naturam
2138 1667 2388 1722 creatam
2422 1669 2523 1722 :et

507 1776 686 1848 primo
705 1773 773 1828 de
795 1771 883 1826 his
907 1783 1032 1842 quae
1059 1765 1334 1839 pertinent
1357 1761 1428 1818 ad
1450 1760 1689 1817 animam
1714 1757 2005 1812 humanam
2026 1771 2041 1825 ;
2066 1754 2313 1810 secundo
2338 1753 2410 1810 de
2436 1753 2527 1811 his

509 1879 636 1939 quae
659 1861 933 1933 pertiuent
963 1857 1030 1912 ad
1051 1868 1270 1926 corpus.
1287 1851 1447 1908 Circa
1470 1849 1704 1922 primum
1730 1849 2051 1918 quaeruntur
2075 1844 2181 1899 duo
2202 1859 2217 1898 ε
2240 1845 2305 1899 40
2336 1849 2525 1900 utrum

513 1953 696 2009 anima
724 1947 958 2020 accipiat
999 1943 1227 2017 species·
1245 1939 1445 2014 quibus
1470 1935 1773 2012 cognoscit,
1803 1951 1837 1992 a
1862 1933 2027 1990 rebus
2055 1949 2180 2005 quoe
2209 1939 2341 1988 sunt
2367 1939 2525 1990 extra

512 2056 634 2098 eam
652 2056 669 2109 ;
693 2043 756 2096 2⁰
777 2034 1051 2112 quomodo
1073 2031 1278 2090 caritas
1294 2028 1380 2088 vel
1410 2027 1644 2102 quilibet
1666 2025 1805 2084 alius
1824 2023 2064 2093 babitus,
2096 2037 2131 2080 a
2152 2036 2263 2079 non
2284 2020 2524 2080 habente

519 2131 902 2202 cognoscatur.

1211 2295 1669 2358 ARTIGULUS
1710 2293 1821 2353 111.

529 2441 747 2506 Utrum
789 2437 992 2500 anima
1033 2430 1297 2511 accipiat
1337 2427 1556 2510 species
1582 2445 1621 2489 a
1647 2424 1821 2488 rebus
1840 2441 1973 2504 qua
1998 2425 2143 2486 sunt
2170 2427 2350 2488 extra
2376 2441 2525 2488 eam.

597 2561 678 2576 --
709 2528 765 2608 (1
793 2525 993 2606 part„
1031 2526 1241 2603 qucest.
1287 2520 1387 2594 84,
1421 2521 1545 2579 art.
1583 2517 1623 2576 3
1651 2519 1709 2578 et
1735 2517 1802 2591 43
1832 2514 1901 2576 de
1964 2512 2122 2588 Ver„
2171 2519 2393 2592 quoest.
2428 2515 2527 2594 10,

557 2683 566 2714 Ι,
603 2622 725 2680 art.
759 2616 834 2690 93
860 2623 916 2676 et
947 2614 1005 2687 1,
1038 2612 1185 2672 disc.
1217 2611 1278 2684 3,
1309 2611 1521 2688 quaest.
1553 2606 1613 2680 3,
1648 2608 1769 2667 art.
1806 2605 1865 2680 1,
1898 2619 2099 2682 com:-
2122 2603 2283 2666 etad
2307 2603 2401 2684 2).
2475 2639 2479 2643 -

593 2750 677 2805 Ad
703 2748 942 2820 primum
970 2744 1050 2799 sic
1081 2741 1417 2816 proceditur.
1444 2741 1467 2794 l
1504 2737 1735 2795 Videtur
1766 2735 1907 2809 quod
1940 2736 2123 2792 anima
2161 2751 2270 2792 non
2292 2737 2531 2811 accipiat

522 2837 737 2910 species
781 2851 813 2889 a
852 2833 1016 2888 rebus
1056 2846 1182 2904 quae
1227 2836 1356 2884 sunt
1395 2833 1555 2882 extra
1602 2841 1745 2882 eam.
1790 2824 1935 2880 Dicit
1973 2824 2118 2880 enim
2164 2827 2523 2897 Augustiana,

525 2927 594 2984 ⁴2
623 2939 788 2996 super
811 2921 1072 2978 Genesim
1101 2936 1114 2973 ε
1151 2917 1443 2989 Imayinem
1478 2914 1717 2987 corporis
1743 2930 1850 2970 non
1886 2929 2077 2986 corpus
2104 2913 2165 2968 in
2188 2914 2415 2988 spiritu,
2444 2917 2531 2973 sed

525 3013 635 3086 ipse
661 3011 975 3086 spiratiam
995 3025 1048 3064 se
1073 3007 1185 3080 ipso
1217 3005 1354 3078 facit
1377 3004 1651 3060 celeritate
1672 3002 1933 3059 mirabili.
1962 3004 2085 3059 Non
2114 3012 2299 3060 autem
2324 3021 2448 3061 eam
2475 3007 2531 3062 in

522 3105 725 3176 seipso
751 3102 976 3167 faceret,
1004 3098 1052 3154 si
1074 3113 1109 3154 >a
1137 3095 1300 3152 rebus
1325 3093 1687 3150 exterioribus
1712 3108 1833 3148 eam
1860 3093 2153 3164 acciperet.
2184 3091 2329 3165 Ergo
2350 3093 2530 3153 anima

523 3207 634 3249 non
663 3191 865 3263 accipit
893 3205 926 3246 a
951 3188 1114 3244 rebus
1138 3185 1348 3258 species
1377 3182 1575 3255 quibus
1600 3179 1902 3252 cognoscit.

594 3285 649 3338 2.
685 3281 978 3344 Praeterea,
1021 3278 1140 3348 ejus
1181 3273 1352 3331 solius
1381 3279 1466 3328 est
1508 3269 1904 3328 dimensionem
1946 3285 1980 3326 a
2024 3285 2083 3324 re
2128 3269 2530 3332 dimensionata

527 3367 847 3428 abstrahere
871 3366 1027 3437 cujus
1045 3371 1130 3420 est
1153 3363 1550 3419 dimensionem
1564 3359 1885 3431 corporibus
1908 3358 2061 3424 dare,
2084 3359 2231 3431 quod
2258 3369 2343 3416 est
2367 3363 2535 3420 solius

527 3456 826 3516 CreatoriS.
855 3453 958 3512 Sed
990 3453 1060 3508 ad
1095 3451 1201 3508 hoo
1224 3451 1370 3525 quod
1401 3450 1615 3524 species
1641 3465 1675 3505 a
1710 3449 1870 3504 rebus
1906 3447 2213 3520 accipiatur
2242 3448 2301 3504 in
2328 3451 2530 3522 anima,

527 3549 746 3621 oportet
789 3541 937 3616 quod
987 3541 1057 3598 ab
1099 3538 1220 3612 ipsa
1273 3539 1455 3611 specie
1501 3538 1869 3594 dimensiones
1914 3544 2257 3610 separentur,
2302 3539 2438 3612 quia
2480 3541 2534 3597 in

529 3637 694 3693 rebus
731 3641 886 3690 extra
929 3630 1168 3712 animam
1214 3627 1417 3683 habent
1466 3642 1586 3684 esse
1628 3625 2044 3694 dimensionale,
2094 3641 2201 3682 non
2246 3633 2439 3685 autem
2482 3631 2535 3685 in

531 3729 737 3795 anima,
762 3723 996 3780 maxime
1021 3724 1288 3794 quantum
1325 3716 1394 3773 ad
1424 3715 1783 3774 intellectum.
1814 3716 1957 3787 Ergo
1992 3710 2177 3772 anima
2205 3731 2315 3772 non
2358 3722 2538 3790 potest

531 3817 780 3887 accipere
805 3811 1016 3885 species
1037 3825 1072 3866 a
1099 3808 1262 3864 rebus
1285 3805 1652 3863 sensibilibus,

561 3931 566 3935 ·
601 3903 668 3959 ln
689 3900 1025 3968 contrarium
1061 3897 1280 3967 videtur
1303 3911 1425 3953 esse
1463 3902 1583 3954 tota
1623 3892 2071 3969 philosophorum
2112 3893 2385 3966 doctrina,
2419 3909 2541 3970 quae
