2800 4492
573 326 655 392 52
1029 342 1110 391 ,8.
1157 339 1390 384 ruouAE
1430 337 1758 389 Aommms
1799 338 2113 386 ornacum

572 457 812 516 diversae
873 460 1066 528 gentes
1111 453 1453 511 diversorum
1498 452 1737 508 Deorum
1776 450 2016 508 cultibus
2061 451 2399 525 insisterent,
2454 455 2608 515 aolus

578 560 709 602 vero
756 543 988 619 populus
1033 541 1202 600 Israel
1228 542 1344 598 Deo
1386 556 1517 600 vero
1554 539 1765 598 cultum
1800 539 2049 598 debitum
2091 541 2395 612 exhiberet,
2438 551 2497 602 et
2526 547 2607 602 sic

579 649 688 694 uon
713 646 858 690 esset
887 649 993 690 una
1010 630 1334 690 universalis
1353 629 1568 702 religio,
1592 629 1845 702 praedixit
1866 645 1962 702 per
1986 645 2081 686 eos
2100 632 2335 704 Spiritus
2365 634 2606 692 Sanctus

579 722 788 781 cultum
813 722 926 778 veri
966 721 1062 777 Dei
1090 719 1160 778 ab
1187 719 1441 778 omnibus
1480 733 1600 776 esse
1628 718 2038 800 assumendum.
2084 720 2239 782 Unde
2267 722 2375 778 Isa.
2422 737 2543 779 xnv
2587 739 2601 778 ε

579 810 720 868 Mihi
765 809 1082 867 curvabitur
1123 825 1272 865 omne
1311 824 1471 881 yenit,
1501 813 1551 865 ct
1598 806 2145 891 confitebiturpmnis
2172 809 2361 882 lingua
2388 827 2409 868 .·
2453 812 2605 886 quod

575 900 800 972 quidem
839 915 933 972 per
961 899 1126 956 fidem
1150 905 1206 954 et
1235 897 1591 955 christianam
1620 896 1937 968 religionem
1976 897 2253 970 impletur.
2293 899 2453 958 Unde
2485 915 2609 956 me-

577 990 686 1046 rito
722 987 994 1046 catholica
1019 987 1350 1054 nominatur,
1389 991 1580 1058 utpote
1621 1000 1652 1041 a
1682 984 1973 1057 cujuslibet
2000 987 2333 1044 conditionis
2358 988 2607 1046 homini-

575 1079 682 1136 bus
709 1086 950 1152 recepta.
995 1077 1065 1134 Et
1091 1077 1173 1134 sic
1214 1075 1291 1132 illi
1321 1075 1419 1148 qui
1446 1076 1518 1132 ab
1555 1074 1660 1132 hac
1701 1074 1808 1131 fide
1844 1081 1902 1132 et
1944 1074 2207 1145 religione
2236 1079 2607 1136 communiter

578 1167 849 1240 promissa
879 1171 933 1222 et
958 1171 1177 1238 recepta
1207 1164 1262 1218 in
1287 1163 1557 1234 quasdam
1586 1167 1766 1219 sectas
1802 1162 2235 1233 declinaverunt,
2272 1181 2380 1224 non
2404 1167 2607 1224 catho-

577 1256 692 1324 lici,
723 1255 820 1312 sed
843 1254 1001 1328 quasi
1031 1270 1062 1311 a
1091 1252 1474 1310 communione
1502 1251 1683 1319 divisi,
1710 1251 1956 1308 haeretici
1986 1253 2339 1311 nominantur
2367 1272 2381 1310 ε
2412 1257 2512 1313 sed
2536 1273 2606 1314 ex

579 1349 736 1420 parte
759 1359 942 1400 rerum
970 1341 1140 1399 etiam
1167 1340 1501 1410 creditarum
1529 1340 1586 1396 in
1622 1339 1729 1396 fide
1757 1338 2055 1397 christiana
2083 1339 2286 1400 veritas
2328 1344 2606 1403 catholica

579 1432 878 1491 invenitur.
919 1431 1162 1490 Fuerunt
1196 1445 1433 1502 namque
1462 1428 1768 1500 antiquitus
1792 1427 2027 1485 diversae
2058 1437 2205 1486 artes
2234 1439 2289 1487 et
2318 1431 2443 1499 viae,
2476 1433 2607 1506 qui-

578 1521 683 1578 bus
719 1520 1030 1578 hominibus
1070 1525 1337 1592 quantum
1381 1516 1453 1573 ad
1492 1516 1710 1574 diversa
1751 1515 2158 1590 providebatur,
2196 1519 2278 1576 vel
2324 1522 2605 1593 provideri

579 1610 926 1668 credebatur.
959 1608 1194 1683 Quidam
1218 1621 1457 1679 namque
1486 1605 1687 1662 bonum
1716 1606 1951 1662 hominis
1979 1608 2033 1662 in
2064 1607 2196 1663 solis
2225 1611 2605 1682 corporalibus

582 1698 878 1772 ponebant,
905 1697 992 1753 vel
1019 1697 1073 1752 in
1105 1695 1331 1762 divitiis,
1360 1702 1456 1750 aut
1477 1693 1791 1761 honoribuS,
1824 1700 1920 1752 aut
1946 1694 2341 1769 voluptatibus.
2365 1699 2606 1769 Quidam

588 1793 774 1844 autem
803 1785 860 1840 in
884 1783 1015 1842 solis
1043 1784 1242 1842 animae
1267 1782 1444 1851 boniS,
1469 1791 1531 1840 ut
1561 1783 1617 1840 in
1644 1781 1940 1840 virtutibus
1968 1784 2286 1853 moralibus,
2317 1787 2404 1845 vel
2436 1789 2608 1847 intel-

581 1873 934 1940 lectualibus.
955 1872 1190 1943 Quidam
1224 1877 1429 1940 autem,
1458 1879 1519 1930 ut
1545 1874 1776 1943 August.
1802 1871 1937 1930 dicit
1965 1871 2087 1930 libr.
2110 1873 2180 1929 de
2206 1874 2445 1932 civitate
2480 1880 2604 1948 Dei,

585 1962 976 2021 existimabant
1015 1962 1160 2020 Deos
1195 1976 1316 2017 esse
1351 1959 1612 2018 colendos
1652 1967 1875 2032 propter
1908 1960 2213 2033 corporalia
2258 1961 2404 2020 bona
2442 1965 2610 2025 istius

583 2054 735 2110 vitae.
767 2052 1003 2122 Quidam
1031 2066 1161 2107 vero
1179 2055 1418 2124 ‘propter
1442 2048 1583 2106 bona
1612 2063 1736 2122 quae
1761 2055 1887 2106 sunt
1920 2057 2043 2123 post
2074 2050 2215 2107 hanc
2244 2052 2434 2109 vitam.
2465 2057 2610 2112 Por·

584 2141 812 2216 phyrius
843 2139 1012 2196 etiam
1048 2138 1284 2212 ponebat
1311 2138 1638 2211 quibusdam
1663 2137 2177 2209 gentilibus‘teletis
2218 2141 2419 2200 animae
2461 2145 2613 2202 ima-

584 2230 886 2303 ginativam
923 2235 1134 2301 partem
1159 2227 1402 2299 purgari,
1431 2235 1488 2283 et
1523 2242 1631 2282 non
1661 2233 1833 2283 totam
1862 2227 2121 2294 animam,
2153 2229 2505 2304 dicebatque,
2545 2241 2611 2291 ut

584 2322 817 2391 August.
869 2317 1004 2373 dicit
1048 2333 1088 2372 x
1124 2316 1193 2372 de
1236 2315 1471 2374 Civitate
1516 2315 1636 2382 Dei,
1678 2315 1919 2372 nondum
1961 2325 2241 2389 receptam
2279 2335 2399 2376 esse
2437 2339 2612 2381 unam

583 2414 812 2474 sectam,
841 2421 968 2480 quae
994 2403 1356 2462 universalem
1395 2403 1544 2462 viam
1572 2404 1853 2462 contineat
1882 2404 2080 2462 animae
2110 2404 2440 2465 libertatem.
2474 2412 2611 2469 Haec

585 2504 772 2554 autem
801 2503 885 2552 est
929 2494 1119 2567 religio
1166 2492 1487 2575 christiana,
1535 2497 1598 2548 ut
1640 2495 1821 2564 Augu.
1852 2492 1987 2550 dicit
2030 2493 2253 2552 ibidem.
2298 2497 2421 2568 lpsa
2460 2500 2609 2556 enim

583 2585 746 2642 docet
776 2586 951 2640 Deum
983 2599 1103 2639 esse
1145 2582 1436 2638 colendum
1463 2595 1570 2638 non
1594 2580 1770 2638 solum
1800 2586 2021 2655 propter
2053 2591 2281 2652 aeterua,
2312 2585 2407 2642 sed
2438 2587 2609 2645 etiam

585 2677 810 2745 propter
854 2669 1173 2744 temporalia
1225 2669 1488 2725 beneficia
1532 2685 1545 2724 τ
1600 2683 1701 2726 nec
1740 2668 1919 2726 solum
1962 2669 2019 2726 in
2064 2670 2459 2743 spiritualibus,
2510 2677 2611 2732 sed

585 2761 755 2816 etiam
779 2759 835 2813 in
861 2773 963 2814 usu
986 2757 1350 2829 corporalium
1369 2757 1644 2814 hominem
1668 2757 1875 2830 dirigit,
1908 2765 1963 2815 et
1989 2758 2381 2818 beatitudinem
2408 2764 2612 2822 animae

585 2855 643 2905 et
671 2847 915 2919 corporis
953 2846 1306 2921 repromittit.
1335 2847 1404 2903 Et
1434 2846 1556 2903 ideo
1585 2846 1787 2920 regulae
1816 2848 1933 2920 ejus
1956 2848 2295 2906 universales
2322 2851 2609 2923 dicuntur,

586 2943 777 3010 utpote
807 2941 978 2992 totam
1021 2935 1191 2992 vitam
1237 2934 1490 3002 hominiS,
1537 2941 1593 2990 et
1639 2949 1799 2991 omne
1843 2935 1992 3009 quod
2024 2937 2095 2993 ad
2142 2938 2315 3012 ipsam
2361 2941 2614 3014 quolibet

587 3027 750 3082 modo
797 3026 1051 3098 pertinet,
1091 3025 1437 3081 continentes
1464 3031 1518 3080 et
1566 3022 1881 3080 ordinantes
1912 3040 1927 3080 ε
1960 3031 2017 3082 et
2052 3024 2152 3082 has
2190 3026 2327 3085 duas
2362 3029 2613 3088 rationes

585 3113 1018 3171 universalitatis
1044 3113 1288 3183 assignat
1317 3111 1556 3178 Boetius,
1591 3120 1649 3168 ut
1674 3112 1731 3167 in
1760 3111 1947 3168 littera
1976 3121 2149 3186 patet.

655 3202 739 3260 Ad
788 3201 1022 3274 primum
1065 3201 1232 3272 igitur
1274 3200 1587 3269 dicendum,
1635 3200 1782 3273 quod
1830 3203 2083 3274 quamvis
2128 3205 2275 3262 Deus
2317 3205 2371 3262 in
2402 3223 2465 3266 se
2506 3225 2611 3270 nec

585 3290 929 3356 universalia,
982 3305 1083 3345 nec
1127 3288 1477 3362 particularis
1513 3289 1605 3356 sit,
1638 3297 1722 3346 est
1761 3297 1945 3347 tamen
1989 3292 2315 3351 universalis
2359 3299 2613 3357 omnium

587 3395 770 3436 rerum
797 3394 964 3436 causa
986 3385 1040 3433 et
1063 3378 1204 3444 time,
1231 3384 1288 3433 et
1311 3378 1392 3434 sic
1416 3377 1656 3450 cognitio
1676 3394 1803 3452 quae
1825 3378 1893 3435 de
1909 3380 2028 3453 ipso
2043 3379 2295 3453 habetur,
2330 3386 2415 3443 ad
2423 3389 2613 3446 omnia

585 3467 990 3543 quodammodo
1019 3465 1345 3523 universalis
1375 3471 1480 3522 est.

656 3557 741 3616 Ad
769 3557 1088 3625 secundum,
1116 3554 1260 3628 quod
1286 3553 1379 3611 illa
1404 3555 1759 3627 particularia
1783 3555 1929 3613 facta
1956 3562 2105 3616 tenet
2131 3560 2269 3617 fides
2294 3569 2353 3619 ut
2381 3566 2610 3624 univer-

586 3647 723 3706 salia
749 3643 989 3702 remedia
1007 3644 1076 3700 ad
1089 3650 1262 3700 totum
1277 3659 1447 3716 genus
1457 3643 1756 3701 humanum
1775 3646 2156 3705 redimendum
2170 3655 2227 3705 et
2240 3649 2608 3714 liberandum.

656 3735 743 3794 Ad
778 3734 1002 3791 tertium
1031 3731 1341 3798 dicendum,
1375 3733 1521 3805 quod
1554 3733 1676 3790 aliae
1703 3741 1871 3792 sectae
1909 3735 2014 3792 hoc
2054 3737 2157 3793 sibi
2199 3739 2486 3800 vindicare
2520 3745 2611 3801 ni-

612 3832 798 3893 untur,
837 3823 986 3897 quod
1014 3827 1096 3880 est
1121 3819 1400 3895 proprium
1431 3821 1558 3879 fidei
1586 3822 1919 3891 christianas,
1952 3826 2047 3881 sed
2080 3841 2186 3882 non
2216 3837 2450 3899 possunt
2481 3849 2611 3906 per·
2713 3861 2715 3866 ·

587 3913 818 3986 tingere,
853 3911 994 3971 unde
1021 3909 1344 3986 eisproprie
1369 3910 1803 3974 universalitatis
1829 3927 1936 3974 non
1962 3917 2226 3988 competit
2253 3931 2479 3979 nomen.
