2800 4492
1073 408 1293 450 norton
1331 408 1589 451 LECTORI
2266 407 2349 452 ‚²11

327 543 369 585 «
398 526 526 584 Deo
565 525 1005 600 cognoscuntur
1041 527 1102 580 et
1125 541 1162 580 a
1190 523 1392 581 Beatis
1418 523 1738 581 secundum
1764 520 2004 582 modum
2030 539 2223 585 suum.
2256 524 2339 584 Et

321 632 362 674 «
392 613 482 672 sic
510 613 584 670 de
608 611 827 670 divinis
857 610 1076 686 duplex
1103 610 1351 672 scientia
1373 611 1629 670 habetur
1660 627 1676 670 ε
1709 627 1834 670 una
1859 613 2177 670 secundum
2202 629 2339 670 mo-

323 718 363 760 «
393 702 539 760 dum
569 706 862 772 nostrum,
903 715 1034 774 quae
1064 698 1431 756 sensibilium
1464 698 1753 774 principia
1783 699 2002 775 accipit
2028 701 2105 758 acl
2135 699 2343 758 notifi-

319 807 362 850 «
390 789 648 846 candum
675 788 902 859 divina,
938 790 1000 845 et
1029 787 1112 844 sic
1143 787 1214 844 de
1241 787 1462 844 divinis
1492 786 1825 862 philosophi
1867 787 2175 846 scientiam
2206 793 2341 846 tra-

328 895 364 938 (
395 877 700 949 didernnt,
745 875 1180 952 philosophiam
1212 875 1466 951 primam
1502 876 1764 934 divinam
1795 874 2103 935 scientiam
2139 877 2349 936 dieen-

321 983 364 1026 ς
397 970 525 1038 tes;
572 964 703 1025 alia
744 964 1065 1022 secundum
1107 965 1344 1022 modum
1391 964 1653 1038 ipsorum
1702 963 2063 1036 divinorum,
2107 969 2173 1021 ut
2214 963 2347 1039 ipsa

321 1073 366 1115 ς
397 1053 608 1111 divina
637 1052 956 1110 secundum
987 1051 1184 1128 seipsa
1228 1053 1541 1128 capiantur
1568 1069 1595 1110 ’τ
1629 1070 1762 1127 quae
1802 1052 2035 1128 quidem
2083 1052 2347 1128 perfecte

323 1160 368 1202 ς
399 1141 569 1199 nobis
609 1143 668 1198 in
715 1145 875 1198 statu
908 1141 1024 1198 viae
1053 1145 1145 1199 est
1171 1139 1581 1216 impossibili8‚
1616 1140 1719 1198 sed
1763 1141 1832 1200 fit
1862 1139 2027 1199 nobis
2076 1141 2135 1198 in
2179 1145 2345 1200 statu

322 1249 367 1291 ς
396 1228 520 1287 viae
546 1231 818 1304 quaedam
844 1228 1006 1287 illius
1029 1227 1385 1304 cognitionis
1408 1227 1787 1304 participatio
1810 1233 1871 1286 et
1894 1227 2249 1287 assimilatio
2268 1229 2347 1288 ad

325 1334 369 1378 «
398 1316 800 1392 cognitionem
825 1317 1111 1389 divinam,
1139 1317 1198 1375 in
1229 1323 1513 1392 quantum
1548 1335 1654 1392 per
1683 1317 1857 1374 fidem
1890 1317 2057 1374 nobis
2088 1315 2347 1391 infusam

327 1423 370 1466 ς
399 1407 764 1464 inhaeremus
792 1405 908 1480 ipsi
939 1405 1146 1480 primae
1189 1407 1433 1464 veritati
1479 1412 1720 1480 propter
1760 1405 2038 1480 seipsam.
2076 1406 2149 1466 Et
2190 1406 2350 1464 sicut

329 1511 372 1554 <t
400 1495 565 1554 Deus
594 1513 667 1552 ex
693 1494 802 1551 hoc
833 1495 960 1571 ipso
985 1495 1138 1568 quod
1165 1494 1471 1568 cognoscit
1492 1493 1611 1551 alia
1640 1493 1812 1550 modo
1840 1511 1969 1566 suc,
2002 1494 2060 1551 id
2087 1499 2182 1550 est
2204 1493 2350 1552 sim·

327 1599 372 1643 <
398 1582 538 1658 plici
571 1582 814 1654 intuitu,
858 1601 970 1640 non
1001 1581 1423 1656 discurrendo;
1456 1582 1543 1639 ita
1570 1599 1677 1640 nos
1700 1599 1776 1639 ex
1804 1580 1899 1640 his
1926 1598 2059 1656 quae
2100 1581 2213 1640 fide
2236 1599 2349 1640 oa·-

309 1689 369 1732 -«
395 1671 617 1746 pimus,
647 1672 859 1748 primae
879 1670 1121 1728 veritati
1154 1670 1519 1741 inhaerendo,
1554 1669 1825 1728 venimus
1852 1665 1914 1727 in
1942 1666 2344 1745 cognitionem

328 1775 371 1818 «
398 1758 652 1816 aliorum
687 1759 1004 1816 secundum
1029 1759 1268 1817 modum
1295 1765 1587 1832 nostrum,
1614 1760 1843 1818 scilicet
1862 1758 2245 1819 discurrendo
2268 1761 2345 1818 dc

327 1863 369 1906 «
397 1845 710 1922 principiis
737 1849 810 1905 ad
841 1847 1265 1906 conclusiones.
1295 1849 1466 1905 Unde
1493 1848 1686 1924 primo
1709 1849 1839 1922 ipsa
1866 1865 1999 1922 quae
2022 1847 2137 1906 fide
2168 1855 2346 1906 tene-

332 1951 372 1994 «
398 1952 538 1993 mus
574 1940 716 1994 sunt
754 1934 924 1994 nobis
953 1935 1122 2010 quasi
1152 1934 1348 2010 prima
1375 1935 1670 2012 principia
1712 1935 1773 1994 in
1819 1936 1930 1994 hac
1972 1935 2248 2007 scientia,
2278 1940 2347 1994 et

327 2041 368 2083 <x
397 2024 518 2081 alia
538 2031 678 2080 sunt
701 2024 867 2098 quasi
885 2023 1310 2082 conclusiones.
1331 2024 1423 2082 Ex
1442 2043 1555 2098 quo
1580 2025 1913 2108 patetquod
1935 2024 2344 2083 liaeo'scientia

331 2129 371 2170 «
397 2116 492 2169 est
521 2112 704 2177 altior
731 2111 838 2169 illa
867 2111 1071 2170 divina
1099 2129 1272 2186 quam
1309 2111 1644 2188 philosophi
1674 2112 2071 2185 tradiderunt,
2102 2129 2237 2171 cum
2266 2129 2345 2170 ex

330 2217 370 2259 4<
395 2198 713 2257 altioribus
744 2199 1050 2276 principiis
1077 2202 1376 2273 procedat.
1410 2217 1447 2257 >›

408 2287 492 2348 ΙΙ.
547 2285 919 2360 Quaestiones
956 2287 1407 2366 quodlibelales·‚
1454 2291 1521 2348 ut
1552 2288 1684 2362 jam
1724 2287 2083 2359 monuimus,
2127 2289 2201 2347 de
2243 2287 2349 2346 di-

329 2377 526 2434 versis
554 2375 926 2450 argumentis
957 2383 1142 2451 agunt
1169 2393 1302 2451 quae
1329 2394 1487 2451 saepe
1513 2376 1674 2434 nullo
1704 2393 1857 2434 nexu
1888 2376 2047 2435 inter
2074 2394 2139 2434 se
2165 2375 2347 2435 colli-

332 2469 574 2538 gantur.
621 2465 854 2538 Ubique
895 2467 1094 2522 tamen
1131 2464 1340 2521 mirari
1377 2471 1471 2521 est
1516 2463 1578 2520 in
1621 2469 1827 2522 sancto
1866 2465 2119 2523 Doctore
2166 2483 2343 2521 eam-

331 2553 464 2609 dem
506 2550 735 2628 ingenii
786 2553 1089 2610 aciem·ac
1132 2553 1578 2610 dexteritatem.
1628 2552 1722 2608 Ex
1771 2556 1895 2609 tam
1940 2550 2109 2608 uberi
2136 2568 2343 2609 rerum

334 2638 666 2698 divinarum
703 2640 878 2714 atque
907 2639 1300 2698 humanarum
1335 2645 1539 2715 segete
1569 2657 1747 2698 unum
1790 2639 2200 2698 tantummodo
2242 2639 2343 2698 lo-

333 2745 463 2785 cum
495 2729 906 2803 producemus,
935 2746 1048 2803 quo
1080 2729 1272 2802 palam
1308 2729 1411 2787 fiet
1432 2736 1717 2802 quantum
1744 2729 1889 2786 utile
1926 2729 2227 2785 interdum
2259 2727 2343 2786 sit

333 2816 616 2875 articulos
643 2816 902 2878 Summoe
931 2816 1272 2890 theoloqicoe
1301 2817 1435 2874 aliis
1476 2819 1539 2875 S.
1573 2818 1818 2876 Thomae
1861 2817 2135 2891 operibus
2164 2816 2344 2875 illus-

335 2911 498 2963 trare
547 2923 616 2962 ac
667 2905 972 2980 perficere.
1017 2907 1082 2962 In
1114 2906 1332 2979 quolib.
1367 2905 1477 2976 IV,
1510 2911 1625 2962 art.
1666 2907 1759 2974 18,
1813 2901 2061 2980 inquirit
2104 2910 2346 2964 sanctus

331 2995 553 3052 Doctor
577 2998 784 3053 utrum
813 2993 1330 3054 determinationes
1355 2992 1693 3070 theoloqicoe
1716 2992 1957 3052 debeant
1977 2993 2116 3068 sieri
2140 2997 2351 3053 aucia-

329 3082 518 3141 ritate
561 3081 654 3141 vel
696 3083 950 3142 rat-ione.
993 3083 1147 3140 Huic
1186 3082 1376 3139 eidem
1422 3081 1669 3156 quaesito
1710 3083 2031 3156 respondet
2080 3081 2106 3138 1
2153 3087 2344 3156 part.‚

330 3175 525 3244 quaest
548 3186 592 3238 1,
620 3189 674 3227 a.
701 3170 760 3241 8,
794 3171 1176 3244 breviterque
1201 3173 1286 3227 ait
1319 3170 1416 3244 (acl
1441 3169 1502 3246 2)
1534 3187 1548 3227 :
1575 3189 1611 3229 «
1634 3170 1799 3234 Quod
1826 3172 2235 3244 argumentari
2266 3188 2347 3228 ex

329 3256 691 3316 auctoritate
735 3263 828 3316 est
859 3259 1117 3316 maxime
1158 3258 1461 3334 proprium
1508 3256 1687 3333 hujus
1728 3259 2035 3326 doctrinae,
2081 3277 2151 3316 eo
2190 3257 2347 3333 quod

329 3345 626 3422 principia
651 3345 827 3421 hujus
852 3347 1136 3404 doctrinae
1154 3365 1259 3421 per
1284 3345 1709 3402 revelationem
1728 3345 2095 3405 habentur...
2131 3348 2347 3405 Utitur

325 3441 531 3492 tamen
565 3451 735 3490 sacra
763 3436 1034 3492 doctrina
1063 3435 1240 3492 etiam
1274 3434 1507 3491 ratione
1535 3434 1816 3504 humana,
1854 3453 1965 3492 non
1996 3435 2233 3508 quidem
2264 3435 2347 3491 ad

323 3522 696 3598 probandum
717 3521 892 3580 fidem
925 3521 1087 3600 (quia
1111 3541 1214 3598 per
1231 3521 1342 3580 hoc
1369 3522 1683 3580 tolleretur
1713 3522 1989 3580 meritum
2019 3523 2205 3601 fidei),
2238 3521 2348 3580 sed

323 3612 398 3668 ad
449 3611 957 3668 manifestandum
1003 3610 1202 3686 aliqua
1249 3610 1368 3668 alia
1420 3628 1553 3685 quae
1587 3611 1905 3669 traduntur
1943 3613 2001 3669 in
2050 3612 2159 3668 hac
2198 3612 2349 3666 doc-

321 3696 511 3757 trina.
548 3715 585 3754 »
615 3699 696 3756 Et
738 3699 800 3754 in
845 3717 1093 3774 corpore
1123 3698 1358 3756 articuli
1393 3699 1594 3774 paucis
1638 3700 1809 3769 (locet
1835 3699 2157 3774 Angelicus
2186 3714 2343 3771 quo·-

325 3788 502 3844 modo
529 3786 761 3844 institui
785 3787 998 3845 debeat
1017 3787 1354 3862 theologica
1377 3787 1700 3862 disputatio
1722 3791 2038 3846 secundum
2069 3786 2347 3844 diversas

323 3875 815 3932 adversariorum
848 3876 1094 3950 species,
1125 3876 1346 3951 Accipe
1395 3895 1547 3934 nunc
1584 3894 1615 3932 e
1653 3876 1915 3950 quodlib.
1964 3891 2049 3938 iv,
2086 3879 2202 3934 art.
2239 3872 2341 3948 18,

325 3963 573 4039 plenam
599 3963 1020 4040 egregiamque
1045 3964 1289 4024 Thomae
1314 3964 1758 4040 responsionem
1790 3980 1804 4024 ε
1833 3981 1870 4024 <t
1890 3961 2151 4028 Quilibet
2174 3967 2347 4024 actus
