2800 4492
491 317 623 384 292·
969 337 1023 420 s.
1062 320 1312 384 rnona'
1339 335 1667 414 numme
1706 334 2019 416 croscum}

495 453 876 518 desiccandus,
905 453 1225 511 Desiccatur
1262 459 1448 512 autem
1477 453 1657 526 paries
1688 469 1721 511 a
1749 468 1920 527 pravo
1955 437 2182 512 humore
2216 453 2507 513 saecularis

495 537 727 602 affectus
744 539 858 618 per
869 535 1217 614 religionem
1245 549 1301 598 et
1323 543 1448 600 ideo
1483 541 1751 614 contingit
1781 539 1926 616 quod
1952 533 2101 615 prius
2128 545 2507 600 exercitentur

495 628 710 710 aliqui*
696 629 750 686 u't
775 625 1038 720 ffel-rgione
1061 647 1224 703 quam
1251 631 1331 687 eis
1361 643 1502 686 onus
1530 630 1865 704 praelationis
1892 639 1987 687 aut
2026 646 2309 688 sacrorum
2344 631 2507 688 ordi-

497 705 994 797 numtmboii'atum
1019 727 1077 775 et
1109 721 1176 775 de
1205 718 1308 776 hoc
1330 735 1511 775 onere·
1522 719 1767 792 loquitur
1790 719 2108 790 Gregorius,
2136 724 2198 774 ut
2226 727 2377 792 patet
2402 735 2507 794 per

497 823 559 864 ea
589 823 724 882 quae
733 805 1098 882 praecedunt
1087 823 1138 862 nn
1167 806 1257 863 illo
1284 805 1550 879 capitulo,
1572 813 1628 862 et
1656 807 1711 862 in
1744 821 1788 863 ιι
1806 805 2074 862 bomilia
2060 823 2113 862 ιιι
2138 805 2502 864 Ezechielem.

566 898 969 968 Adseptimum
1005 894 1318 962 dicendum,
1349 896 1497 968 quod
1540 900 1721 952 status
1764 895 2060 967 religionis,
2087 902 2148 952 et
2193 902 2277 952 est
2322 903 2506 955 status

495 981 850 1058 poenitentiae,
883 991 936 1040 et
967 991 1051 1040 est
1081 984 1402 1041 exercitium
1428 985 1549 1040 sive
1588 983 1775 1041 schola
1822 983 2168 1056 perfectionis
2198 1001 2213 1038 t
2244 985 2391 1042 unde
2428 985 2503 1042 ad
2608 993 2617 1000 ‘

495 1076 810 1146 religionem
856 1072 1156 1146 recipiendi
1197 1082 1325 1131 sunt
1363 1081 1684 1148 peccatores
1723 1080 1949 1145 propter
1996 1073 2396 1147 poenitentiam,
2444 1081 2505 1132 et

496 1163 789 1236 recipiendi
815 1169 942 1218 sunt
981 1163 1132 1235 pueri
1163 1161 1479 1218 innocentes
1501 1161 1659 1235 quasi
1692 1161 1757 1217 in·
1786 1161 1973 1220 schola
2018 1161 2257 1236 quedam
2280 1158 2503 1236 perfec-⁶

497 1253 678 1318 tiouiS,
709 1259 771 1307 ut
799 1251 1094 1324 perfectius
1117 1250 1487 1307 innocentiam
1516 1255 1859 1308 conservent.

563 1341 646 1397 Ad
672 1346 925 1398 octavum
955 1339 1264 1405 dicendum,
1291 1338 1439 1412 quod
1460 1339 1509 1394 si
1538 1339 1759 1395 omnino
1786 1337 1944 1394 inviti
1988 1337 2141 1412 pueri
2170 1338 2227 1395 in
2274 1339 2504 1414 religio-

493 1445 618 1496 nem
653 1429 1062 1495 inducerentur,
1095 1427 1399 1484 timendum
1440 1434 1589 1483 esset
1616 1427 1687 1482 de
1720 1441 1854 1482 casu
1894 1425 2124 1482 futuro.
2152 1427 2246 1484 sed
2288 1445 2355 1486 ex
2388 1447 2504 1503 quo
2564 1417 2570 1422 ’

493 1519 713 1592 propria
749 1517 1031 1574 voluntate
1069 1533 1131 1573 sc
1176 1515 1442 1587 obligant,
1486 1531 1555 1572 ac
1590 1514 1907 1615 religionem
1948 1515 2349 1588 ingrediuntur,
2392 1527 2503 1575 non·

493 1607 656 1665 habet
684 1607 862 1664 locum
893 1607 1032 1662 ratio
1063 1605 1305 1661 inducta.

481 1709 487 1713 ·
565 1695 648 1752 Ad
677 1710 881 1750 nonum
919 1694 1233 1758 dicendum,
1265 1691 1411 1766 quod
1438 1691 1586 1748 sicut
1614 1705 1870 1765 magnum
1898 1697 1955 1749 et
1988 1707 2238 1766 parvum,
2263 1695 2502 1754 multum

495 1789 550 1839 ct
577 1798 831 1855 paucum,
859 1781 1158 1838 secundum
1179 1780 1582 1854 Philosophum,
1612 1781 1870 1838 dicuntur
1896 1781 2160 1852 relativc;
2190 1783 2269 1841 ita
2300 1791 2357 1841 et
2384 1785 2503 1844 fes-2

495 1871 746 1936 tinctum,
779 1871 896 1925 sive
932 1868 1107 1936 velox,
1135 1877 1192 1925 et
1231 1869 1473 1925 tardum.
1500 1870 1643 1926 Nam
1682 1870 2020 1938 festinatum,
2048 1872 2165 1928 sive
2202 1873 2381 1941 velox,
2416 1881 2505 1932 est

493 1959 639 2034 quod
667 1959 722 2014 in
747 1971 916 2030 parvo
942 1965 1186 2030 tempore
1213 1958 1447 2013 multum
1479 1965 1749 2014 movetur.
1780 1957 1879 2016 illa
1902 1975 2031 2031 ergo
2056 1961 2366 2019 substantia
2390 1965 2504 2034 mi-

495 2048 682 2103 unitur
709 2061 834 2120 quae
859 2053 940 2101 est
965 2045 1259 2102 festinata
1247 2063 1300 2100 ιιι
1331 2051 1584 2119 respectu
1610 2047 1678 2104 ad
1704 2045 1948 2104 debitum
1988 2049 2240 2117 modum3
2273 2058 2427 2123 puta,
2454 2053 2501 2108 si

496 2135 692 2209 aliquis
729 2135 968 2210 aliquem
1010 2141 1214 2192 statum
1251 2151 1532 2208 aggresus,
1558 2136 1751 2193 statim
1782 2151 1816 2193 a
1850 2137 2137 2210 principio,
2170 2143 2502 2213 contemptis

495 2225 816 2280 rudimentis
845 2223 990 2280 illius
1034 2229 1232 2291 status»,
1263 2239 1330 2281 ea
1371 2239 1501 2298 quae
1534 2232 1665 2281 sunt
1695 2224 2065 2298 perfectorum
2100 2227 2159 2282 in
2201 2232 2354 2284 statu
2384 2229 2498 2298 illo,

494 2320 766 2370 attentare
793 2311 976 2369 vellet.
999 2313 1120 2370 Non
1147 2323 1230 2370 rst
1255 2322 1439 2371 autem
1461 2312 1772 2372 substantia
1799 2314 2073 2382 festinata,
2101 2316 2145 2372 si
2176 2317 2503 2377 exercitium

493 2401 860 2476 perfectionis,
894 2411 948 2459 et
974 2403 1134 2477 quasi
1175 2402 1473 2476 quamdam
1504 2402 1769 2470 scholam,
1798 2418 1924 2476 quae
1947 2412 2034 2460 est
2058 2403 2268 2476 religio,
2300 2421 2334 2463 a
2360 2423 2506 2480 pue·

491 2493 619 2550 ritia
647 2493 847 2567 aliquis
870 2492 1240 2565 aggrediatur.
1269 2491 1507 2548 Tantum
1540 2499 1624 2549 est
1668 2492 1817 2548 enim
1860 2491 2076 2549 culmen
2124 2495 2496 2566 perfectioniS,

492 2592 553 2640 ut
579 2584 749 2640 etiam
779 2583 828 2638 si
856 2597 888 2638 a
913 2583 1146 2655 pueritia
1179 2583 1305 2654 quis
1342 2581 1652 2654 hujusmodi
1693 2580 2084 2654 perfectionem
2120 2585 2496 2656 aggrediatur,

492 2687 706 2744 semper
732 2670 897 2726 habet
917 2669 1008 2725 ubi
1037 2669 1289 2742 proficiat
1319 2687 1334 2723 ι
1359 2671 1505 2726 sicut
1522 2677 1580 2726 et
1602 2670 1942 2741 Augustinus
1968 2670 2105 2726 dicit
2132 2671 2203 2727 ad
2240 2673 2499 2730 Volusia-

493 2771 622 2814 num
664 2759 732 2812 de
787 2758 1036 2814 doctrina
1083 2758 1426 2814 christiana:
1466 2757 1642 2814 Tanta
1683 2764 1779 2824 est,
1823 2757 2024 2830 inquit,
2070 2758 2501 2818 christianarum

488 2844 842 2920 profunditas
877 2845 1210 2913 litterarum,
1233 2851 1298 2902 ut
1333 2845 1396 2900 in
1426 2833 1511 2900 'eir
1542 2845 1775 2917 quotidie
1810 2845 2212 2918 profieev·em,si
2238 2864 2328 2904 eas
2365 2852 2501 2907 solas

493 2935 557 2990 ab
583 2935 796 2990 ineunte
818 2934 1063 3006 pueritia
1091 2949 1252 3004 usque
1280 2933 1350 2988 ad
1377 2933 1698 3006 decrepitam
1723 2940 2036 2992 senectutem
2071 2951 2273 2991 summo
2298 2937 2501 3006 studio,

493 3023 708 3081 meliore
730 3021 963 3096 inyenio,
993 3037 1220 3077 conarer
1247 3019 1542 3078 addiscere.
2422 3049 2429 3054 ·

563 3112 647 3168 Ad
671 3111 942 3168 decimum
959 3109 1268 3177 dicendum,
1293 3110 1438 3183 quod
1463 3109 1666 3167 diversi
1688 3109 1911 3168 ordines
1936 3119 2065 3170 sunt
2094 3113 2251 3187 qnasi
2293 3113 2505 3172 diversi

493 3201 695 3271 gradus
719 3200 880 3256 unius
903 3197 1172 3256 clericalis
1195 3198 1355 3266 vitae3
1381 3205 1439 3254 et
1466 3198 1591 3255 idco
1618 3206 1835 3272 oportet
1864 3207 1925 3258 ut
1958 3215 1991 3257 a
2020 3201 2319 3258 minoribus
2356 3203 2507 3260 inci-

494 3289 608 3360 piat
639 3288 731 3361 qui
759 3287 826 3344 ad
847 3289 1081 3359 majores
1103 3287 1302 3344 tendit.
1323 3285 1445 3343 Non
1468 3295 1656 3345 autem
1682 3294 1903 3360 oportet
1925 3291 2073 3363 quod
2098 3291 2193 3364 qui
2218 3290 2395 3346 tendit
2428 3291 2503 3347 ad

491 3391 679 3432 sacros
699 3374 936 3444 ordines,
958 3375 1288 3432 exercitetur
1313 3377 1366 3432 in
1391 3375 1477 3432 his
1498 3392 1625 3451 quae
1647 3375 1923 3450 pertinent
1948 3379 2017 3435 ad
2040 3379 2356 3436 inferiorem
2378 3386 2507 3437 sta-⁶

495 3472 634 3530 tum,
665 3463 876 3521 laicalis
917 3464 1130 3521 scilicet
1173 3463 1416 3522 vit.ae.1·:t
1442 3465 1697 3521 similiter
1722 3467 1777 3522 in
1820 3465 1937 3524 vita
1972 3467 2254 3539 religionis
2282 3476 2505 3542 oportet

493 3553 640 3627 quod
668 3568 702 3610 a
729 3553 1054 3609 rudimentis
1083 3555 1202 3626 ejus
1228 3554 1459 3626 incipiat
1498 3553 1596 3626 qui
1624 3552 1943 3626 religionem
1982 3554 2312 3628 ingreditur,
2338 3563 2405 3612 ut
2430 3555 2503 3613 ad

491 3657 762 3699 summum
795 3642 1003 3717 apicem
1031 3642 1310 3714 religionis
1337 3643 1651 3714 pertingere
1676 3644 1883 3716 possit;
1913 3659 2020 3700 non
2056 3650 2241 3701 tamen
2284 3651 2504 3767 oportet

487 3747 616 3786 eum
643 3733 797 3804 prius
821 3747 940 3788 esse
964 3733 1324 3788 exercitatum
1347 3731 1403 3784 in
1430 3737 1685 3787 saecutari
1706 3736 1843 3789 vita.

561 3820 644 3875 Ad
675 3821 1020 3876 undecimum
1047 3819 1358 3884 dicendum,
1390 3817 1542 3891 quod
1580 3817 1637 3874 in
1670 3817 2106 3892 intelligibilibus
2132 3821 2302 3881 etiam
2332 3837 2507 3896 opor-⁶

491 3912 574 3964 tet
600 3908 746 3980 quod
799 3908 999 3982 aliquis
1027 3922 1060 3964 a
1089 3905 1390 3988 minoribus
1438 3906 1495 3962 in
1538 3907 1732 3964 eadem
1780 3898 2011 3966 scientia
2052 3907 2303 3984 incipiat,
2330 3917 2395 3967 ut
2424 3911 2507 3970 ad
