2800 4492
757 296 845 344 11.
875 311 957 326 —
981 297 1048 342 m
1088 297 1358 343 Boanum
1399 299 1477 342 nn
1518 299 1847 346 TRINITATB
2184 288 2304 350 loa

293 412 452 487 quod
477 412 681 486 primus
704 411 900 472 modus
927 412 1375 470 rationabilitatis
1398 419 1484 469 est
1507 408 1743 472 maxime
1772 417 2022 490 proprius
2056 419 2303 478 scientiae

294 501 579 566 rationali,
609 501 882 558 secundus
903 500 1117 568 morali,
1147 501 1344 558 tertius
1370 502 1630 559 naturali.
1680 537 1687 544 -

371 592 458 648 Ad
479 588 778 648 secundam
804 591 1165 662 quaestionem
1202 589 1515 658 dicendum,
1548 590 1694 665 quod
1719 593 2034 663 procedere·
2054 595 2305 669 discipli-

294 678 558 735 nabiliter
580 677 900 734 attribuitur
923 677 1328 735 mathematicae
1357 693 1466 736 non
1498 680 1630 752 quia
1666 679 1784 752 ipsa
1822 680 1940 738 sola
1980 682 2303 756 disciplina-

295 767 488 824 biliter
514 765 794 840 procedat,
823 765 920 823 sed
948 766 1076 839 quia
1105 766 1156 822 ei
1190 767 1465 839 praecipue
1502 768 1785 840 competit.
1806 770 1949 827 Cum
1980 772 2149 843 igitur
2184 774 2304 829 dis-

297 871 427 914 cere
443 854 580 911 nihil
608 854 755 912 aliud
779 853 852 910 sit
875 870 1042 927 quam
1071 853 1142 910 ab
1164 855 1273 911 alio
1296 855 1585 912 scientiam
1614 856 1883 930 accipere,
1915 864 2046 916 tunc
2069 860 2305 918 dicimus

297 945 599 1019 procedere
632 941 1123 1016 disciplinabiliter,
1171 944 1390 1015 quando
1427 959 1715 1016 processus
1752 953 1939 1004 noster
1979 948 2048 1005 ad
2094 958 2305 1008 certam

297 1032 669 1105 cognitionem
691 1031 962 1104 perducit,
984 1046 1108 1104 quae
1135 1031 1364 1088 scientia
1388 1032 1591 1090 dicitur
1617 1050 1631 1090 ε
1664 1034 1809 1107 quod
1836 1035 2056 1108 quidem
2084 1041 2305 1095 contin-

298 1124 384 1194 git
409 1120 896 1178 inmatliematicis
937 1118 1202 1177 scientiis.
1229 1121 1364 1176 Cum
1392 1121 1539 1177 enim
1578 1121 1967 1181 mathematica
2008 1126 2081 1180 sit
2124 1128 2304 1184 media

299 1210 446 1267 inter
491 1208 796 1266 naturalem
841 1216 900 1264 et
942 1207 1206 1273 divinam,
1237 1208 1356 1281 ipsa
1395 1213 1482 1267 est
1525 1216 1759 1282 utraque
1794 1211 2017 1268 certior.
2049 1215 2301 1272 Naturali

299 1299 546 1373 quidem,
573 1297 705 1371 quia
733 1298 850 1370 ejus
877 1296 1242 1354 consideratio
1267 1303 1350 1353 est
1380 1311 1415 1358 a
1442 1302 1595 1352 motu
1622 1305 1677 1355 et
1710 1313 1743 1356 a
1770 1301 2003 1358 materia
2031 1301 2301 1373 absoluta,

299 1404 430 1445 cum
465 1385 732 1443 naturalis
757 1384 1124 1442 consideratio
1153 1383 1209 1441 in
1245 1384 1479 1442 materia
1520 1397 1576 1441 et
1610 1391 1762 1442 motu
1791 1394 2059 1447 versetur.
2088 1391 2168 1447 Ex
2200 1391 2305 1448 hoc

301 1485 498 1534 autem
515 1472 659 1549 quod
683 1471 1050 1530 consideratio
1072 1471 1338 1539 naturalis
1366 1478 1452 1528 est
1477 1472 1625 1528 circa
1662 1474 1967 1542 materiam,
2000 1491 2033 1533 a
2060 1476 2305 1550 pluribus

302 1561 595 1638 dependet,
626 1560 838 1618 scilicet
863 1576 895 1617 a
923 1559 1361 1618 consideratione
1401 1560 1653 1618 materiae
1681 1569 1737 1618 et
1772 1560 1983 1630 foi-mm,
2015 1572 2074 1620 et
2114 1566 2306 1639 dispo-

304 1653 564 1709 sitionum
587 1649 954 1714 materialium
980 1654 1037 1705 et
1065 1648 1462 1722 proprietatum
1484 1658 1609 1723 q‘uae
1631 1658 2040 1724 consequuntur
2068 1652 2301 1712 formam

301 1741 363 1810 in
403 1739 653 1797 materia.
677 1738 1250 1812 Ubicumque‚autem
1279 1737 1348 1793 ad
1379 1736 1587 1809 aliquid
1615 1739 2052 1809 cognoscendum
2084 1751 2301 1816 oportet

301 1828 653 1885 considerare
696 1825 872 1900 plura,
904 1831 990 1882 est
1024 1824 1296 1884 difficilior
1333 1825 1576 1897 cognitio
1618 1842 1632 1882 ε
1682 1826 1825 1883 unde
1863 1826 1919 1883 in
1964 1844 1985 1886 1
2026 1830 2307 1888 Posterio-

302 1931 428 1977 rum
453 1915 676 1984 dicitur,
695 1912 841 1988 quod
866 1913 1046 1969 minus
1069 1918 1220 1969 certa
1261 1911 1492 1968 scientia
1516 1918 1601 1968 est
1626 1928 1751 1986 quae
1778 1919 1864 1970 est
1903 1930 1971 1972 ex
1997 1916 2297 1986 additione,

306 2013 370 2062 ut
399 2003 698 2076 geometria
736 2001 806 2058 ad
832 2000 1253 2061 arithmeticam.
1281 2000 1360 2056 Ex
1382 1999 1487 2056 hoc
1530 2015 1660 2058 vero
1702 2003 1849 2076 quod
1890 2004 2009 2074 ejus
2048 2006 2304 2064 conside·

303 2092 450 2150 ratio
481 2099 564 2148 est
599 2090 746 2148 circa
789 2105 876 2148 res
918 2087 1162 2155 mobiles,
1185 2093 1243 2144 et
1278 2103 1403 2160 quae
1450 2104 1557 2145 non
1600 2087 1944 2146 uniformiter
1984 2107 2043 2147 se
2076 2093 2299 2162 habent,

303 2185 426 2255 ejus
450 2181 690 2252 cognitio
725 2185 810 2236 est
854 2179 1031 2234 minus
1061 2177 1234 2243 firma,
1255 2177 1389 2250 'quia
1431 2179 1549 2248 ejus
1602 2176 2113 2250 demonstrationem,
2147 2189 2208 2241 ut
2252 2184 2307 2244 in

305 2271 502 2343 majori
544 2268 714 2342 parte'
739 2273 867 2324 sunt
921 2283 990 2322 ex
1034 2265 1155 2331 hoc,
1201 2264 1350 2338 quod
1390 2264 1659 2336 contingit
1712 2265 2005 2342 aliquando
2047 2269 2209 2330 aliter
2246 2289 2307 2330 se

304 2359 508 2416 habere
537 2375 552 2416 ι
584 2362 640 2414 et
677 2357 802 2414 ideo
837 2354 1056 2432 quando
1092 2353 1277 2426 aliqua
1312 2352 1546 2410 scientia
1585 2355 1761 2426 magis
1805 2358 2207 2431 appropinquat
2238 2361 2308 2418 ad

306 2447 624 2520 singularia,
665 2445 810 2502 sicut
853 2442 1100 2500 scientiae
1145 2441 1465 2514 operativae,
1508 2447 1568 2496 ut
1608 2441 1898 2509 medicina,
1930 2443 2206 2514 alchimia,
2251 2456 2306 2504 et

309 2537 552 2604 moralis,
584 2534 762 2590 minus
794 2536 1020 2604 possunt
1052 2529 1253 2586 babere
1279 2527 1348 2584 de
1391 2527 1721 2586 certitudine
1750 2536 1972 2604 propter
1998 2532 2311 2604 multitudi-

308 2642 436 2686 nem
456 2639 644 2682 eorum
672 2635 798 2696 quae
825 2613 1220 2676 consideranda
1242 2623 1368 2674 sunt
1397 2617 1457 2673 in
1480 2616 1683 2676 talibus
1706 2617 1968 2688 scientiis,
1992 2637 2101 2694 quo
2128 2624 2308 2695 quod·-

309 2715 445 2772 libet
471 2713 518 2770 si
547 2711 853 2773 omittatur,
881 2708 1192 2780 frequenter
1219 2714 1455 2778 erratur,
1482 2714 1539 2764 et
1575 2715 1800 2779 propter
1836 2723 2022 2766 eorum
2066 2711 2309 2768 variabi-

309 2803 544 2862 litatem.
559 2800 656 2856 Est
681 2802 864 2855 autem
881 2809 1166 2869 processus
1191 2793 1611 2852 mathematicus
1625 2795 1827 2851 certior
1845 2811 2011 2867 quam
2026 2812 2312 2870 processus

309 2892 512 2950 divinae
533 2886 798 2952 scientiae,
813 2884 942 2957 quia
965 2898 1030 2940 ea
1059 2882 1127 2939 de
1151 2881 1350 2954 quibus
1377 2889 1462 2938 est
1489 2882 1721 2939 scientia
1743 2882 1949 2953 divina,
1965 2895 2107 2956 ‚sunt
2135 2889 2312 2960 magis

310 2997 346 3039 a
371 2976 618 3038 sensibus
645 2980 926 3040 remota,a
947 2970 1146 3045 quibus
1169 2975 1355 3026 nostra
1375 2969 1616 3042 cognitio
1645 2975 1825 3027 ortum
1850 2972 2017 3028 sumit
2046 2979 2102 3030 et
2130 2991 2311 3047 quan-

311 3077 430 3126 tum
467 3066 537 3124 ad
577 3061 914 3122 substantias
958 3063 1262 3132 separatae,
1305 3057 1363 3114 in
1410 3073 1641 3133 quarum
1683 3058 2052 3130 cognitionem
2098 3061 2312 3120 insuffi-

311 3157 522 3216 cienter
544 3151 811 3210 inducunt
838 3165 904 3207 ea
930 3163 1056 3222 quae
1092 3164 1124 3205 a
1153 3146 1404 3204 sensibus
1428 3145 1772 3220 accipiuntur
1799 3164 1813 3203 ε
1840 3152 1897 3202 et
1931 3156 2196 3222 quantum
2240 3151 2309 3209 ad

309 3261 379 3304 ea
401 3259 528 3318 quae
555 3247 684 3298 sunt
705 3237 1017 3296 communia
1044 3235 1296 3292 omnibus
1321 3233 1559 3301 entibus,
1586 3249 1711 3308 quae
1742 3243 1871 3293 sunt
1912 3237 2148 3294 maxime
2184 3240 2312 3298 uni·

310 3333 566 3397 versalia,
612 3335 667 3386 et
707 3328 790 3385 sic
832 3324 1069 3383 maxime
1110 3320 1797 3404 remota-particularibus
1844 3324 2166 3384 cadentibus
2192 3326 2313 3386 'sub

307 3438 496 3482 sensu.
525 3415 911 3492 mathematica
936 3419 1120 3470 autem
1148 3412 1266 3485 ipsa
1289 3410 1392 3469 sub
1419 3426 1582 3468 sensu
1606 3412 1829 3496 ca-dunt,
1859 3422 1914 3471 et
1932 3415 2309 3488 imaginationi

309 3511 599 3584 subjacent
627 3491 879 3568 ut‘linea,
914 3503 1108 3574 ligura,
1133 3515 1413 3568 numeruS‚
1446 3507 1501 3558 et
1529 3499 1837 3572 hujusmodi
1868 3519 1881 3557 ε
1910 3508 1967 3560 et
1994 3501 2117 3561 ideo
2145 3505 2312 3562 intel-

311 3600 488 3657 lectus
512 3595 783 3652 humanus
805 3607 838 3648 a
863 3588 1334 3664 phantasmatibus
1354 3587 1645 3666 accipiens,
1663 3588 1884 3648 facilius
1905 3605 2095 3650 eorum
2118 3593 2312 3663 cogni-

311 3687 519 3746 tionem
548 3680 840 3755 accipitet
876 3677 1082 3735 certius
1109 3692 1274 3752 quam
1322 3674 1699 3754 intelligentiae
1740 3677 1987 3750 alicujus,
2017 3679 2101 3735 vel
2142 3680 2309 3736 etiam

310 3774 680 3851 quidditatem
719 3766 1060 3832 substantiae,
1099 3765 1424 3840 potentiam,
1454 3770 1511 3824 et
1540 3759 1745 3844 actum,
1772 3774 1828 3823 et
1868 3765 2178 3838 hujusmodi
2208 3785 2221 3826 ε
2252 3779 2309 3828 et

309 3863 395 3926 sic
421 3866 594 3940 patet,
625 3859 774 3936 quod
811 3854 1204 3917 mathematica
1248 3851 1615 3930 consideratio
1638 3859 1735 3932 ‚est
1775 3853 1987 3912 facilior
2022 3862 2080 3916 et
2110 3858 2311 3918 certior
