2800 4492
654 278 770 341 xii.
799 294 879 313 -
907 258 1334 335 ouonmaaru‘u
1388 284 1787 335 nuonscmmu
2102 266 2223 333 559

179 430 183 434 -
217 398 706 467 sacramentorum,
734 404 820 456 est
843 414 932 457 res
955 400 1195 459 existens
1223 411 1375 459 extra
1402 409 1824 461 sacramentum.
1846 402 2002 461 Unde
2030 418 2182 459 sacer
2208 431 2220 442 ·

218 483 322 542 dos
347 486 678 559 degradatus
712 493 769 545 et
797 490 1300 551 excommunicatus
1325 489 1453 547 licet
1484 500 1691 563 peccet,
1726 499 1907 549 tamen
1931 500 2219 561 consecrat

217 580 277 630 et
323 576 598 649 baptizat3
655 584 710 633 et
764 577 1017 635 similiter
1060 579 1360 653 Episcopus
1408 589 1780 648 consecratus,
1831 581 1963 655 quia
2004 582 2215 639 confort

215 664 609 723 characterom.
642 668 700 724 ln
723 670 1044 741 poenitentia
1073 673 1252 725 autem
1293 684 1400 724 non
1428 668 1759 742 imprimitur
1786 670 2090 735 character,
2118 687 2221 728 nec

215 752 463 819 effectus,
492 755 594 811 nisi
631 756 954 827 justificatio
999 756 1348 829 poenitentis;
1381 757 1527 828 quod
1574 773 1679 813 non
1726 767 1907 829 potcst
1950 758 2064 813 fieri
2116 759 2219 814 nisi

215 857 315 914 per
337 849 666 915 potestatem
686 844 1070 916 judicativam.
1096 846 1216 901 Non
1240 844 1449 903 habens
1474 852 1658 903 autem
1676 862 1864 903 curam
1890 846 2215 917 animarum,

215 943 324 985 non
355 928 518 988 habet
547 930 685 988 hanc
713 934 1062 1003 potestatem.

875 1108 1330 1170 ARTIGULUS
1382 1106 1552 1171 XVI.

386 1232 601 1298 Utrum
629 1233 808 1297 liceat
833 1233 900 1296 in
925 1233 1132 1313 aliquo
1157 1250 1302 1296 casu
1328 1232 1590 1295 revelare
1615 1232 2050 1311 consessionem.

283 1365 535 1423 Secundo
565 1376 746 1422 utrum
779 1365 940 1422 liceat
971 1366 1023 1421 in
1054 1365 1238 1438 aliquo
1256 1381 1388 1423 casu
1418 1364 1661 1422 revelare
1687 1365 2107 1422 confessionem.

284 1455 607 1527 Respondeo
633 1454 946 1524 dicendum,
974 1456 1118 1526 quod
1156 1472 1278 1522 non,
1311 1470 1410 1511 nec
1436 1455 1601 1511 verbo
1627 1470 1726 1510 nec
1749 1455 1893 1511 facto
1923 1471 2023 1510 nec
2046 1462 2203 1522 nutu,

209 1560 319 1601 nec
342 1543 525 1617 aliquo
549 1544 703 1616 signo
727 1543 856 1601 licet
884 1543 1083 1612 facere,
1107 1544 1233 1617 quia
1266 1550 1350 1599 est
1379 1543 1747 1616 sacrilegium.
1778 1544 1915 1599 Nam
1945 1544 2018 1599 ita
2050 1550 2133 1599 est
2160 1545 2211 1598 in

205 1632 574 1689 sacramentis
623 1648 781 1689 novae
827 1631 962 1704 legis
1003 1633 1146 1705 quod
1201 1631 1443 1689 efficiunt
1489 1632 1632 1705 quod
1678 1629 1930 1704 figurant.
1978 1632 2216 1688 Elii-ctus

203 1729 398 1779 autem
431 1720 768 1793 poenitentiae
795 1728 881 1777 cst
903 1720 1198 1779 occultatio
1224 1730 1574 1793 peccatorum
1603 1720 1675 1777 ab
1702 1721 1874 1776 oculis
1900 1721 1994 1775 Dei
2026 1722 2215 1777 viven-

204 1812 322 1876 tis;
356 1816 414 1865 et
441 1807 558 1866 haec
597 1808 892 1865 occultatio
935 1808 1278 1881 significatur
1305 1826 1401 1882 per
1438 1815 1707 1865 secretum
1742 1808 2116 1864 confessionis,
2146 1808 2217 1864 Et

201 1898 356 1962 iden,
380 1896 521 1953 sicut
547 1896 859 1968 profanaret
889 1905 1292 1954 sacramentum
1322 1899 1416 1971 qui
1447 1898 1738 1955 conticeret
1774 1913 1972 1967 corpus
1998 1903 2051 1951 et
2081 1912 2211 1951 san·
2240 1924 2246 1929 ·

202 1988 431 2059 guinem
464 1985 665 2043 Christi
701 1987 769 2043 de
815 1984 923 2043 alio
952 2002 1118 2060 quam
1143 1986 1212 2042 de
1239 2001 1379 2059 pano
1413 1994 1468 2043 et
1500 1985 1646 2055 vinc,
1681 1988 1757 2042 ita
1788 1993 1933 2042 essct
1968 1984 2215 2041 reve-lans

201 2072 533 2147 sacrileguS.
1404 2102 1410 2107 ·

860 2225 1315 2289 ARTIGULUS
1356 2203 1556 2289 xvn.

618 2348 834 2414 Uerum
864 2349 1042 2414 liceat
1059 2355 1328 2432 appetere
1349 2352 1813 2433 Epi-scopatum.

277 2482 486 2551 Terti0‚
519 2488 701 2540 utrum
728 2484 889 2541 liceat
915 2493 1172 2559 appetere
1199 2484 1608 2557 Episcopatum.

275 2572 602 2645 Respondeo
654 2571 964 2641 dicendum,
1022 2573 1168 2647 quod
1217 2573 1487 2644 contingit
1536 2578 1794 2645 appetere
1839 2538 2211 2645 praelationem

195 2661 542 2736 dupliciter:
573 2670 671 2718 aut
708 2670 931 2736 propter
969 2662 1350 2719 necessitatem
1388 2668 1691 2733 urgentem,
1725 2667 1821 2717 aut
1853 2674 1960 2715 non
2004 2677 2211 2731 urgen-

196 2759 342 2807 tem.
378 2749 555 2807 Primo
585 2748 746 2805 modo
785 2749 1076 2822 dupliciter
1104 2766 1117 2803 ε
1145 2748 1230 2805 vel
1274 2748 1495 2822 quando
1520 2748 1817 2821 imponitur
1845 2764 1877 2804 a
1912 2750 2203 2820 superiori,

195 2835 288 2892 vel
324 2834 544 2909 quando
565 2850 669 2890 non
692 2833 963 2891 invenitur
987 2834 1186 2909 aliquis
1206 2836 1298 2907 qui
1323 2835 1456 2891 velit
1473 2851 1611 2890 onus
1636 2834 1971 2907 praelationis
1998 2834 2211 2901 subirc;

195 2923 302 2981 tali
335 2923 661 2979 necessitato
681 2924 950 2979 existente
970 2924 1309 2979 meritorium
1329 2928 1414 2979 est
1430 2931 1707 2997 appetere.
1724 2922 1879 2979 Unde
1900 2923 2004 2978 lsa.
2026 2938 2108 2988 vr,
2133 2926 2163 2977 8
2196 2939 2209 2977 ε

198 3011 374 3076 Quem
400 3002 634 3076 mittam,
659 3017 706 3067 el
740 3012 858 3083 quis
883 3010 980 3067 ibit
1022 3010 1214 3066 nobis?
1256 3011 1534 3083 respondit
1563 3028 1576 3065 :
1610 3010 1745 3067 Ecce
1779 3026 1889 3083 eqo,
1914 3010 2067 3065 mitte
2095 3026 2210 3076 me,·

195 3108 390 3155 tamen
417 3109 545 3155 ante
565 3100 704 3157 dixit
723 3114 782 3155 se
807 3101 1107 3171 indignum.
1134 3099 1381 3156 Secundo
1403 3099 1582 3165 modo,
1612 3096 1823 3155 scilicet
1848 3098 2069 3170 quando
2099 3113 2205 3153 non

195 3193 366 3258 urget
397 3187 716 3267 necessitas,
747 3188 829 3245 sic
851 3204 958 3242 non
1007 3188 1134 3244 licet
1167 3206 1178 3241 z
1211 3189 1339 3259 quia
1373 3203 1476 3243 non
1502 3194 1683 3261 potest
1718 3201 1910 3249 carere
1947 3195 2043 3244 aut
2074 3186 2211 3241 vitio

193 3275 511 3347 injustitias,
541 3274 587 3331 si
613 3275 744 3332 velit
771 3292 832 3331 se
854 3278 1118 3332 minorem
1145 3276 1383 3348 praeferri
1418 3276 1744 3347 majoribus;
1772 3282 1868 3331 aut
1897 3275 2031 3328 vitio
2061 3289 2207 3347 prae-

193 3364 554 3435 sumptionis,
575 3364 622 3419 si
647 3372 863 3437 reputet
883 3380 948 3421 se
971 3364 1330 3420 sufficientem
1359 3363 1604 3437 praeferri
1623 3362 1775 3433 aliis;
1799 3363 1940 3419 unde
1954 3361 2217 3435 Chryso&

194 3462 388 3506 tomus
412 3466 575 3524 super
595 3450 728 3507 illud
757 3450 921 3525 Reyes
946 3453 1182 3525 qentium
1205 3462 1314 3511 etc.
1351 3470 1363 3507 ε
1393 3451 1669 3510 Primatus
1694 3451 2063 3509 ecclesiasticos
2083 3467 2211 3506 con-

192 3538 474 3612 cupiscere
494 3555 588 3595 nec
603 3540 812 3613 justum
837 3558 930 3598 nec
957 3542 1108 3600 utile.

907 3721 1302 3799 QUAESTIO
1347 3722 1501 3787 XII.

70 3878 75 3949 ἶ
263 3848 482 3906 Deinde
511 3847 806 3924 quaesitum
834 3850 902 3909 do
931 3852 1129 3909 effectu
1159 3859 1659 3921 sacramentorum3
1688 3858 1868 3908 utrum
1895 3857 2207 3928 compater-

74 3970 79 4043 l
