2800 4492
518 298 524 310 ’
565 320 684 383 414
1042 335 1094 382 u.
1139 335 1371 382 motum
1416 333 1739 386 Aoum-ris
1780 334 2091 379 opuscum

560 452 654 525 qni
679 453 734 510 in
772 451 1034 524 religione
1062 451 1185 510 istis
1211 452 1471 525 operibns
1498 456 1855 525 occupantur,
1888 451 2091 508 habent
2118 451 2175 508 in
2202 448 2417 508 saeculo
2450 447 2609 505 unde
2774 399 2777 584 ἡ

562 544 750 599 vivant
778 541 895 598 sine
925 540 1110 598 labore
1136 557 1419 610 manuum,
1450 546 1545 598 aut
1573 558 1701 599 non.
1734 543 1789 599 Si
1816 539 1915 610 sic,
1942 539 2083 598 tales
2104 556 2231 597 cum
2256 540 2329 597 ad
2354 537 2606 610 religio-

563 647 686 686 nem
715 631 960 698 veninnt‚
993 646 1101 687 non
1153 637 1410 686 tenentur
1437 629 1686 686 manibus
1730 629 2014 697 laborare:
2055 629 2197 686 unde
2244 629 2603 702 Augustinus

565 721 616 774 in
653 720 788 776 libro
830 719 898 775 de
941 720 1197 790 operibus
1257 721 1691 775 Monachorum:
1733 719 1791 774 Si
1841 719 2100 776 habebant
2146 718 2355 792 aliquid
2396 717 2465 774 in
2503 717 2603 773 hoe

561 810 764 874 soeculo,
791 823 891 880 quo
917 808 1076 879 facile
1105 807 1224 864 sine
1263 808 1473 880 opificio
1500 813 1860 865 sustentarent
1896 809 2063 865 vitam
2085 813 2259 876 suam,
2284 805 2439 881 quod
2464 823 2597 862 con-
2776 765 2779 892 i

563 897 704 952 versi
725 897 794 953 ad
824 898 992 953 Deum
1029 897 1386 970 indiyentibns
1418 896 1691 968 dispertiti
1716 905 1865 964 sunt,
1897 903 1947 955 et
1971 897 2231 954 credenda
2268 911 2465 952 eorum
2498 894 2596 950 in·-
2777 899 2778 904 ’

563 986 812 1056 formicas
838 992 888 1042 et
919 985 1165 1057 ferenda.
1195 985 1382 1042 Solent
1410 983 1554 1041 enim
1583 985 1719 1041 tales
1754 985 2063 1058 languidius
2088 985 2306 1042 educati
2338 984 2593 1042 laborem

566 1074 902 1147 corporalem
929 1076 1199 1131 sustinere
1233 1090 1340 1130 non
1367 1089 1549 1147 posse.
1588 1075 1644 1131 Si
1674 1083 1860 1131 antem
1888 1076 1944 1131 in
1975 1075 2175 1131 saeculo
2204 1073 2435 1148 opifices
2464 1071 2592 1128 fue-

567 1179 712 1236 runt,
734 1165 802 1220 de
833 1164 1015 1220 labore
1042 1179 1300 1221 manuum
1325 1165 1593 1231 vivente3‚
1622 1168 1755 1220 tnnc
1781 1180 1850 1220 ex
1875 1163 2080 1237 duplici
2106 1179 2272 1220 causa
2298 1161 2593 1219 venientes
2778 1132 2780 1202 l

569 1254 634 1310 ad
673 1254 989 1325 religionem
1019 1260 1244 1327 possunt
1279 1253 1523 1310 laborem
1556 1267 1818 1309 mannum
1852 1253 2240 1310 intermittere.
2267 1253 2393 1309 Uno
2424 1251 2587 1307 modo

569 1360 634 1398 ex
663 1344 882 1416 pigritia
910 1344 1189 1415 operandi,
1236 1345 1480 1399 volentes
1510 1343 1561 1398 in
1608 1341 1720 1398 otio
1762 1342 1979 1412 vivere;
2024 1349 2079 1398 et
2120 1341 2259 1400 tales
2285 1349 2525 1414 peccant
2570 1357 2584 1395 ε

570 1437 624 1485 ot
657 1432 757 1486 hoc
779 1438 863 1486 est
892 1432 1038 1503 qnod
1067 1431 1200 1487 dicit
1228 1431 1567 1502 Augustinus
1608 1430 1663 1486 in
1706 1430 1967 1503 praedicto
2017 1431 2154 1487 libro
2200 1448 2215 1486 t
2260 1431 2587 1503 Plerumque

571 1520 787 1576 veniunt
818 1519 888 1574 ad
909 1518 1289 1592 professionem
1325 1518 1605 1575 servitutis
1650 1519 1746 1574 Dei
1777 1525 1829 1575 et
1864 1535 1931 1575 ex
1952 1519 2281 1592 professione
2318 1519 2511 1574 servili
2536 1526 2587 1575 et

572 1609 684 1664 vita
721 1607 1017 1674 rusticana,
1063 1615 1112 1664 et
1151 1623 1217 1662 ex
1245 1607 1492 1680 opificum
1519 1607 1899 1663 exercitatione
1945 1615 1993 1663 el
2019 1608 2215 1680 plebeio
2256 1608 2441 1664 labore
2470 1624 2491 1664 .·
2530 1613 2585 1662 et

574 1702 762 1767 postea
805 1695 988 1750 subdit
1030 1711 1042 1748 ε
1097 1695 1248 1750 Tales
1283 1711 1409 1766 erqo
1447 1695 1728 1751 secundum
1758 1695 1895 1767 quod
1937 1696 2117 1751 minus
2154 1706 2479 1768 operantur,
2524 1696 2586 1751 de

575 1783 894 1852 infirmitate
919 1783 1158 1854 corporis
1185 1783 1432 1838 excusari
1460 1800 1565 1838 non
1604 1791 1825 1855 possunt
1853 1800 1871 1840 .·
1909 1785 2199 1857 prceteriloe
2242 1784 2438 1856 quippe
2460 1785 2585 1840 vilse

577 1871 943 1927 consuetudine
990 1871 1410 1938 convincuntnr‚·
1459 1880 1513 1928 et
1568 1873 1867 1946 interponit
1918 1889 1930 1928 ε
1980 1874 2105 1930 Non
2145 1873 2282 1928 enim
2334 1882 2583 1944 apparet,

575 1966 760 2014 utrum
789 1975 853 2014 ex
884 1960 1155 2031 proposito
1200 1959 1476 2018 servitutis
1520 1959 1621 2016 Dei
1662 1961 1926 2027 venerint,
1964 1978 2037 2016 an
2083 1963 2251 2018 vitam
2296 1962 2514 2033 inopem
2538 1969 2585 2018 et

577 2047 889 2103 laboriosam
913 2047 1195 2120 fuyientes.
1233 2047 1353 2104 Alio
1385 2048 1545 2105 modo
1584 2048 1900 2107 intermittit
1941 2050 2139 2124 aliquis
2162 2067 2299 2125 opus
2329 2051 2587 2106 manuale

577 2153 642 2192 ex
673 2138 973 2193 intensione
1013 2137 1180 2193 divini
1213 2138 1434 2206 amoriS,
1485 2155 1593 2211 qno
1634 2140 1700 2194 ad
1741 2155 1877 2212 opus
1918 2139 2400 2211 contemplationis
2428 2141 2583 2212 qnasi

576 2227 830 2281 continno
870 2227 1146 2284 elevatur:
1181 2228 1336 2292 taleS‚
1367 2243 1490 2283 cum
1530 2229 1726 2300 spiritu
1755 2228 1853 2283 Dei
1884 2236 2133 2300 agantur,
2170 2229 2276 2283 'non
2318 2239 2583 2299 peccant3

578 2317 705 2388 quia
735 2315 824 2371 ubi
859 2316 1086 2389 spiritus
1114 2316 1351 2382 Domini,
1389 2317 1465 2371 ibi
1492 2315 1711 2372 libertas
1754 2317 1818 2386 (Π
1856 2317 2100 2373 Corinth.
2144 2333 2252 2383 xn,
2287 2317 2400 2386 ⁴7).
2432 2319 2587 2373 Unde

577 2405 872 2475 Gregorius
901 2405 1032 2460 dicit
1060 2421 1222 2478 super
1254 2405 1591 2461 Ezechielem
1625 2422 1638 2459 ε
1672 2404 2091 2477 contemplativa
2118 2405 2233 2461 vita
2260 2412 2339 2461 est
2374 2405 2588 2461 carita-

579 2501 680 2548 tem
712 2495 809 2549 Dei
833 2501 881 2549 et
919 2494 1153 2566 proximi
1183 2501 1288 2551 toto
1321 2495 1476 2549 corde
1502 2493 1754 2559 retinere,
1790 2494 1853 2548 ab
1890 2493 2147 2551 exteriori
2175 2495 2384 2550 actione
2410 2497 2587 2567 quies-

577 2598 713 2646 cere,
741 2584 840 2639 soli
863 2583 1122 2638 desiderio
1150 2583 1441 2638 conditoris
1473 2581 1757 2648 inlicerem,
1796 2589 1859 2638 ut
1883 2583 2017 2639 nihil
2035 2583 2153 2654 jam
2182 2599 2339 2654 ogere
2374 2585 2537 2640 libeat
2565 2599 2583 2641 .·

575 2678 629 2726 ot
659 2671 760 2726 lioc
806 2671 952 2726 idem
980 2671 1207 2727 habetur
1251 2673 1308 2727 in
1336 2673 1576 2744 quadam
1619 2671 1813 2728 Glossa
1848 2673 2064 2743 (Genes'.
2098 2689 2252 2729 xxm
2300 2691 2313 2728 ε
2362 2675 2587 2746 Confir-

577 2767 750 2814 matns
788 2766 862 2815 est
889 2776 1016 2831 aflei·
1039 2759 1212 2831 etc.)':
1246 2761 1670 2834 Contemplativa
1693 2761 1806 2818 vita
1834 2779 1868 2816 a
1900 2762 2103 2818 cunctis
2126 2762 2426 2819 actionibus
2452 2763 2586 2834 stin-

577 2847 718 2902 ‹lilus
745 2847 936 2902 dividit
951 2864 970 2914 ‚·
1001 2853 1055 2901 et
1083 2848 1186 2904 hoc
1209 2856 1290 2903 est
1318 2849 1463 2920 qnod
1491 2849 1720 2905 habetur
1744 2851 1987 2907 Mattliaei
2015 2868 2091 2919 vi,
2119 2852 2172 2906 in
2198 2851 2397 2908 Glossa
2422 2869 2588 2925 super

580 2936 728 3003 illud,
763 2935 1102 2992 Considerate
1127 2937 1368 2992 volatilia
1412 2937 1544 3003 eceli,
1575 2945 1685 2994 etc.
1730 2957 1744 2996 :
1785 2939 1969 2996 Sancti
1996 2939 2108 2996 viri
2142 2940 2327 2997 avibus
2370 2959 2589 3014 compa-

578 3033 796 3091 rantur,
840 3023 966 3096 quia
995 3025 1176 3081 caelum
1208 3032 1435 3098 petunt3
1472 3034 1522 3083 et
1552 3027 1758 3098 quidem
1789 3028 1867 3083 ita
1896 3029 2088 3085 remoti
2123 3036 2249 3085 sztnt
2290 3047 2324 3084 a
2366 3030 2584 3096 mundo,

577 3121 635 3168 nt
648 3115 765 3186 jam
789 3114 848 3168 in
879 3114 1044 3170 terris
1079 3115 1218 3170 nihil
1241 3121 1406 3188 ayant
1432 3115 1565 3172 nihil
1599 3116 1858 3183 laborent,
1884 3118 1974 3174 sed
2004 3118 2115 3175 sola
2148 3119 2586 3192 contemplatione

567 3202 682 3271 jam
707 3203 766 3258 in
789 3204 906 3260 coelo
935 3203 1149 3276 deqnnt.

645 3291 729 3344 Ad
762 3291 995 3362 primum
1037 3309 1165 3364 ergo
1213 3293 1520 3362 dicendum,
1556 3295 1701 3367 qnod
1739 3295 1935 3353 Glossa
1965 3297 2057 3352 illa
2086 3298 2321 3370 sumitur
2360 3299 2432 3356 ab
2471 3303 2587 3355 An-

573 3379 788 3450 gustino
814 3378 908 3435 lib.
939 3381 1008 3435 de
1047 3381 1301 3455 operibns
1341 3383 1727 3440 Monachorum
1760 3402 1773 3439 ε
1812 3385 1905 3459 qui
1945 3384 2141 3442 librum
2171 3387 2325 3442 illum
2364 3389 2587 3461 scripsit

571 3477 760 3524 contra
794 3469 1060 3542 quosdam
1095 3472 1408 3539 monachOS,
1443 3473 1534 3546 qni
1562 3473 1820 3529 dicebant
1848 3475 1994 3548 qnod
2035 3489 2140 3531 non
2180 3473 2377 3532 licebat
2412 3478 2586 3533 servis

573 3558 667 3613 Dei
695 3558 1232 3628 manibuslaborare3
1253 3567 1308 3615 et
1324 3561 1427 3616 hoc
1443 3564 1586 3637 qnod
1607 3563 1741 3618 dicit
1767 3562 2079 3636 ApostolnS,
2104 3565 2150 3619 11
2165 3565 2355 3622 Thess..
2375 3581 2464 3633 m,
2486 3567 2551 3621 40
2566 3566 2603 3621 ε’

571 3647 674 3712 Qni
714 3663 818 3702 non
842 3649 952 3704 vult
991 3648 1228 3722 operari,
1259 3666 1367 3704 non
1404 3651 1705 3718 manducet,
1739 3654 2081 3726 exponebant
2120 3655 2188 3710 de
2214 3671 2379 3727 opero
2420 3655 2587 3728 spiri·

569 3737 733 3805 tuali;
773 3753 937 3809 quam
967 3738 1290 3811 positionem
1325 3741 1661 3810 Augustinus
1690 3741 1744 3797 in
1774 3742 1913 3799 libro
1947 3743 2039 3799 illo
2070 3743 2449 3816 multipliciter
2479 3743 2587 3798 im-

569 3825 780 3895 probat.
820 3827 974 3883 Unde
1016 3827 1306 3882 dicendum
1335 3835 1439 3896 est,
1473 3831 1617 3902 quod
1651 3829 1782 3886 illud
1827 3832 2073 3906 Apostoli
2125 3849 2139 3888 ε
2188 3831 2292 3898 Qui
2320 3849 2427 3888 non
2472 3833 2587 3891 vult

565 3914 802 3987 operari,
845 3931 952 3974 non
981 3916 1261 3978 manducet
1300 3925 1429 3984 etc„
1477 3919 1544 3973 de
1574 3933 1737 3997 opere
1776 3922 2012 3983 manuali
2059 3922 2427 3998 intelligitur:
2473 3939 2580 3984 uon
