2800 4492
712 371 801 417 xx.
832 387 914 404 —
937 373 1006 419 m
1045 374 1312 422 nonnum
1351 377 1431 422 mr.
1472 379 1799 428 ‘mmmm
2190 373 2271 433 85

331 482 415 538 Ad
444 478 697 556 quintum
743 482 1058 552 dicendum,
1089 486 1234 558 quod
1280 487 1466 561 aliqua
1510 489 1741 548 scientia
1777 496 2125 562 continentur
2164 501 2269 556 sub

259 569 370 626 alia
396 568 703 643 dupliciter.
726 571 844 626 Uno
866 574 1040 628 'modo
1067 581 1130 631 ut
1154 590 1280 646 pars
1303 575 1495 647 ipsiuS,
1528 579 1656 650 quia
1702 581 1913 639 scilicet
1959 585 2267 657 subjectum

252 659 374 730 ejus
395 667 475 716 est
505 659 688 732 aliqua
712 675 838 732 pars
874 661 1107 733 subJecti
1138 662 1303 730 illius,
1337 665 1482 721 sicut
1508 666 1693 738 planta
1723 675 1806 725 est
1844 673 2099 743 quaedam
2135 691 2266 748 pars

251 749 496 821 corporis
524 749 810 806 naturalis,
838 750 992 806 Unde
1021 758 1077 806 et
1103 753 1330 808 scientia
1356 754 1425 809 de
1449 753 1651 827 plantis
1684 760 1995 817 continetur
2031 763 2134 818 sub
2160 781 2265 822 na-

252 836 414 892 turali
445 838 677 893 scientia
707 843 768 892 ut
795 853 940 909 pars.
972 839 1095 896 Alio
1117 841 1278 896 modo
1305 843 1614 899 continetur
1642 862 1748 902 una
1773 848 2004 906 scientia
2028 851 2130 908 sub
2155 853 2264 910 alia

246 932 312 980 ut
337 925 392 996 ei,
410 925 802 992 subalternata,
823 926 1050 1002 quando
1073 928 1285 984 scilicet
1311 929 1366 984 in
1395 933 1663 1003 superiori
1688 935 1920 994 scientia
1948 939 2262 1012 assignatur

246 1019 473 1085 propter
493 1013 628 1085 quid
655 1029 862 1080 eorum,
896 1014 964 1069 de
1007 1015 1207 1088 quibus
1235 1015 1409 1072 scitur
1450 1020 1506 1074 in
1531 1020 1761 1078 scientia
1792 1023 2034 1083 inferiori
2060 1031 2256 1097 solum,

245 1101 379 1174 quia
416 1101 496 1156 sic
521 1101 729 1158 musica
773 1103 1083 1158 continetur
1121 1104 1225 1159 sub
1252 1105 1621 1165 arithmetica.
1646 1111 1915 1170 Medicina
1953 1115 2121 1186 igitur
2150 1135 2258 1176 non

245 1190 468 1262 ponitur
491 1189 592 1244 sub
632 1175 858 1262 physica
885 1196 948 1246 ut
975 1208 1122 1264 pars.
1147 1193 1465 1265 Subjectum
1502 1197 1654 1254 enim·
1695 1200 1983 1260 medicinae
2028 1221 2135 1262 non
2172 1216 2258 1264 est

239 1293 372 1350 pars
398 1276 630 1349 subjecti
659 1278 906 1334 scientiae
931 1280 1196 1337 naturalis
1223 1283 1525 1340 secundum
1550 1284 1699 1341 illam
1728 1289 2002 1347 rationem
2028 1311 2138 1366 qua
2172 1305 2251 1354 est

241 1365 550 1437 subjectum
582 1365 887 1422 medicinae.
917 1366 1179 1435 Quamvis
1220 1371 1365 1426 enim
1412 1387 1610 1445 corpus
1650 1376 1895 1433 sanabile
1937 1381 2011 1436 sit
2055 1370 2254 1457 corp'us

238 1453 509 1520 naturale,
543 1469 646 1508 non
677 1459 858 1508 tamen
888 1463 971 1510 est
999 1455 1307 1528 subjectum
1339 1459 1643 1528 medicinae,
1676 1473 1841 1535 prout
1882 1474 1965 1522 est
2008 1471 2253 1528 sanabile

237 1557 272 1598 a
303 1549 520 1607 natura,
547 1543 644 1596 sed
670 1548 829 1614 prout
859 1550 941 1598 est
971 1544 1214 1600 sanabile
1245 1563 1340 1618 per
1365 1553 1563 1605 artem.
1596 1549 1702 1606 Sed
1729 1551 1859 1624 quia
1888 1554 1943 1608 in
1968 1561 2251 1616 sanatione

236 1647 366 1704 quae
401 1631 463 1686 fit
489 1647 582 1702 per
611 1638 803 1696 artem,
837 1647 926 1686 ars
955 1640 1038 1689 est
1064 1633 1317 1690 ministra
1351 1645 1581 1704 naturae,
1606 1639 1737 1710 quia
1766 1657 1833 1696 ex
1879 1642 2062 1716 aliqua
2087 1635 2253 1704 natu-4

233 1720 343 1785 rali
369 1720 574 1774 virtute
595 1720 806 1774 sanitas
833 1720 1112 1791 perficitur
1138 1721 1339 1778 auxilio
1383 1724 1538 1790 artie,
1568 1726 1697 1782 inde
1734 1735 1820 1784 est
1849 1732 1995 1802 quod
2027 1746 2249 1808 propter

231 1808 368 1882 quid
394 1808 460 1863 de
482 1808 803 1880 operatione
829 1809 965 1864 artis
994 1817 1209 1880 oportet
1235 1811 1485 1884 accipere
1514 1830 1580 1870 ex
1610 1817 2035 1889 proprietatibus
2066 1840 2248 1882 rerum

227 1896 587 1954 naturalium.
616 1896 684 1952 Et
722 1905 944 1969 propter
974 1896 1090 1954 haec
1137 1900 1408 1956 medicina
1454 1903 1862 1962 subalternatur
1900 1909 2161 1982 physicae,
2192 1923 2246 1971 et

228 1987 432 2043 eadem
457 1986 670 2041 ratione
695 1984 968 2053 alchimia,
995 1993 1050 2042 et
1088 1987 1319 2045 scientia
1348 1991 1416 2044 de
1440 1993 1793 2062 agricultura,
1828 2005 1883 2052 et
1912 2001 2093 2057 omnia
2134 2002 2243 2058 hu-

217 2074 493 2148 jusmodi.
514 2073 583 2128 Et
601 2073 681 2128 sic
706 2072 1052 2146 relinquitur,
1086 2076 1231 2145 quod
1262 2076 1490 2149 physica
1518 2083 1819 2138 secundum
1846 2101 1923 2152 se,
1958 2096 2012 2144 et
2039 2105 2239 2146 secun-

221 2166 361 2219 dum
382 2177 569 2218 omnes
594 2167 779 2234 partes
807 2163 925 2232 ejus
945 2169 1027 2218 est
1052 2163 1410 2235 speculativa,
1444 2170 1697 2238 quamvis
1722 2171 1921 2245 aliquae
1943 2180 2243 2248 operativa-3

219 2250 671 2306 subalternentur
698 2249 770 2303 ei.
1562 2316 1571 2324 .

294 2339 382 2394 Ad
407 2347 621 2394 sextum
650 2336 960 2406 dicendum,
989 2338 1136 2408 quod
1164 2339 1420 2411 quamvis
1442 2341 1689 2414 subjecta
1715 2346 1946 2406 aliarum
1974 2354 2236 2413 scientia-

215 2443 348 2484 rum
371 2426 480 2481 sint
503 2434 688 2498 partes
715 2425 878 2494 entis,
913 2425 1056 2497 quod
1085 2433 1170 2482 est
1204 2429 1511 2499 subjectum
1555 2435 1967 2506 metaphysicae‚
1996 2456 2102 2496 non
2146 2449 2236 2499 ta-

215 2531 350 2570 men
385 2521 620 2586 oportet,
653 2514 797 2585 quod
836 2513 961 2569 aliae
1001 2513 1250 2570 scientiae
1295 2516 1407 2572 sint
1450 2524 1636 2588 partes
1672 2523 1811 2592 eJuS.
1836 2527 2050 2598 Accipit
2093 2546 2233 2588 una-

212 2619 460 2678 quaeque
509 2603 860 2658 scientiarum
909 2617 1075 2657 unam
1129 2609 1341 2674 partem
1392 2607 1535 2662 entis
1586 2608 1883 2668 secundum
1939 2617 2233 2685 specialem

210 2694 444 2749 modum
469 2690 847 2746 considerandi
876 2689 1041 2745 alium
1073 2705 1105 2746 a
1128 2691 1290 2748 modo
1311 2707 1421 2764 quo
1445 2694 1825 2754 consideratur
1848 2716 1946 2758 ens
1971 2703 2026 2759 in
2052 2716 2233 2764 meta-

208 2781 448 2855 physica
481 2797 494 2833 :
535 2779 680 2835 unde
713 2779 928 2851 proprie
969 2778 1258 2850 loquendo,
1288 2781 1597 2854 subjectum
1641 2785 1785 2843 illius
1828 2806 1934 2848 non
1973 2803 2058 2852 est
2103 2813 2228 2868 pars

206 2869 454 2942 subjecti
493 2867 904 2940 metaphysicae,
937 2861 1033 2923 sed
1078 2868 1180 2923 hac
1209 2870 1424 2925 ratione
1458 2873 1803 2932 considerata
1830 2877 1948 2952 ipsa
1986 2891 2068 2938 est
2097 2901 2228 2956 spe-

204 2957 376 3014 cialis
402 2955 633 3012 scientia
665 2953 788 3010 aliis
835 2954 1136 3010 condivisa.
1163 2955 1253 3011 Sic
1293 2965 1480 3012 autem
1519 2970 1703 3032 posset
1736 2964 1844 3020 dici
1884 2983 2011 3039 pars
2054 2971 2225 3042 ipsius

202 3045 486 3111 scientiae,
507 3041 736 3100 scientia
761 3057 886 3114 quae
913 3047 997 3098 est
1041 3043 1110 3098 de
1151 3045 1415 3116 potentia,
1449 3047 1535 3103 vel
1582 3048 1651 3104 de
1692 3060 1839 3120 actu,
1868 3055 1954 3110 vel
1980 3074 2104 3129 quae
2140 3068 2224 3117 est

202 3149 346 3200 un0‚
370 3138 465 3188 aut
493 3130 678 3202 aliquo
703 3129 1012 3200 hujusmodi
1041 3131 1172 3196 quia
1193 3131 1296 3186 ista
1321 3131 1526 3189 habent
1556 3138 1809 3195 eum'dem
1835 3143 2058 3200 modum
2087 3162 2222 3203 con-

197 3219 490 3278 siderandi
519 3234 643 3275 cum
672 3223 817 3284 ente,
849 3218 916 3272 de
943 3233 1054 3289 quo
1088 3224 1359 3275 tractatur
1387 3221 1441 3277 in
1467 3225 1775 3298 metaphys·

269 3309 368 3368 Ad
393 3309 687 3381 septimum
711 3305 1020 3373 dicendum,
1045 3307 1192 3378 quod
1217 3306 1326 3363 illae
1347 3315 1531 3379 partes
1555 3315 1699 3370 entis
1722 3317 1945 3389 exigunt
1968 3326 2217 3382 eumdem

193 3399 436 3456 modum
462 3394 729 3452 tractandi
761 3409 886 3450 cum
905 3401 1030 3448 ente
1058 3396 1353 3462 communi,
1377 3398 1509 3468 quia
1538 3400 1703 3456 etiam
1731 3403 1850 3476 ipsa
1877 3424 1983 3465 non
2011 3413 2217 3485 depen-

191 3491 340 3546 dent
361 3503 393 3543 a
422 3483 670 3550 materia,
688 3489 741 3538 rt
765 3483 887 3539 ideo
912 3482 1142 3539 scientia
1170 3483 1238 3538 de
1263 3485 1396 3555 ipsis
1424 3502 1531 3542 non
1550 3489 1905 3564 distinguitur
1931 3514 1962 3554 a
1986 3501 2215 3560 scientia

190 3579 331 3650 qu’ae
362 3580 448 3630 est
471 3574 539 3629 de
568 3572 860 3628 communi.

262 3663 362 3723 Ad
385 3671 640 3719 octavum
669 3659 979 3726 dicendum,
1004 3659 1150 3732 quod
1189 3659 1296 3718 illae
1337 3661 1687 3723 diversitates
1715 3685 1897 3728 rerum
1940 3692 2077 3746 quas
2108 3677 2211 3733 ob-

187 3754 368 3826 iectio
395 3751 590 3822 tangit,
619 3765 728 3804 non
754 3752 881 3803 sunt
908 3747 1230 3804 differentiae
1259 3765 1355 3821 per
1387 3766 1445 3807 se
1482 3769 1670 3810 earum
1696 3756 1750 3812 in
1775 3769 2041 3830 quantum
2082 3772 2208 3824 sunt

185 3841 441 3907 scibiles,
465 3845 521 3894 et
548 3839 673 3894 idco
699 3853 861 3909 penes
886 3851 980 3892 eas
1003 3830 1248 3893 scientiae
1271 3853 1377 3892 non
1401 3839 1829 3913 distinguuntur.

257 3930 354 3988 Ad
387 3943 591 3984 nonum
617 3925 930 3994 dicendum,
963 3925 1110 3997 quod
1141 3927 1394 3997 quamvis
1430 3929 1662 3987 scientia
1699 3932 1884 3991 divina
1923 3939 1998 3996 sit
2028 3944 2206 4020 prima
2236 4021 2245 4034 .
