2800 4492
533 335 648 395 178
1011 351 1063 394 e.
1107 349 1340 394 'mount
1382 335 1711 400 Aoummis
1752 337 2059 392 causeum
2108 403 2122 416 ,

449 516 453 520 ,
535 467 598 524 de
622 467 914 541 Evangelio
937 465 1154 534 vivant3
1179 473 1231 523 et
1253 465 1347 538 qui
1365 460 1537 523 altari
1563 465 1890 530 deserviunt,
1912 465 1987 520 de·
2007 464 2175 520 altari
2204 461 2412 519 vivant.
2440 461 2549 518 Sed

535 566 799 630 quantum
823 557 893 613 ad
919 557 1343 613 determinatum
1367 571 1654 612 numerum
1685 555 1915 611 decimae
1945 568 2048 608 non
2076 559 2159 608 est
2190 553 2259 607 de
2282 554 2411 624 jure
2442 567 2549 606 na-

533 643 716 712 turali,
767 660 944 718 neque
995 650 1078 700 est
1119 650 1457 716 praeceptum
1497 642 1723 710 morale,
1754 643 1852 697 sed
1904 649 1988 697 est
2036 638 2441 705 caeremoniale,
2492 639 2549 692 in

533 739 798 806 quantum
824 732 1056 789 refertur
1083 732 1153 789 ad
1170 731 1513 802 figurandum
1540 731 1745 803 aliquid
1766 732 1912 786 circa
1942 730 2246 786 Christum:
2263 727 2353 785 vel
2377 728 2547 783 etiam

425 849 430 856 ·
535 831 617 878 est
640 820 902 894 judiciale
925 821 1224 878 secundum
1257 819 1696 877 convenientiam
1721 819 1791 875 ad
1826 819 1979 874 illum
2019 817 2299 892 populum,
2326 817 2383 872 in
2413 833 2544 888 quo,

536 913 665 986 quia
685 921 803 970 erat
829 911 1120 968 multitudo
1145 910 1538 977 ministrorum,
1566 910 1665 966 tali
1696 911 1974 966 taxatione
2010 923 2145 981 opus
2187 915 2307 963 erat
2336 907 2407 962 ad
2438 906 2547 960 mi·

535 1003 832 1056 nistrorum
856 1002 954 1057 Dei
988 1002 1462 1058 sustentationem.
1490 1001 1581 1056 Sic
1617 1015 1745 1070 ergo
1793 999 1897 1054 boc
1936 1013 2241 1063 commune,
2271 994 2435 1070 quod·
2464 1001 2547 1050 est

536 1091 824 1163 providere
861 1091 1126 1147 ministris
1162 1089 1262 1144 Dei
1303 1089 1357 1144 in
1396 1089 1719 1145 necessariis
1747 1088 1895 1154 vitae,
1920 1095 2004 1142 est
2048 1087 2117 1142 de
2144 1087 2269 1157 jure
2306 1083 2547 1141 naturali

538 1179 794 1234 existens.
814 1179 895 1234 Ad
924 1177 1222 1251 quemlibet
1247 1182 1431 1233 autem
1452 1176 1751 1249 principem
1780 1177 1873 1249 qui
1898 1179 2081 1247 potest
2109 1173 2259 1244 leges
2286 1172 2542 1238 condere,

535 1267 772 1340 pertinet
808 1269 899 1338 jus
939 1266 1190 1323 naturale
1217 1281 1503 1322 commune
1526 1281 1623 1338 per
1659 1267 1752 1336 jus
1793 1264 2089 1338 positivum
2130 1262 2545 1318 determinare:

539 1355 669 1410 nihil
692 1356 836 1410 enim
860 1361 943 1411 est
973 1355 1120 1410 aliud
1139 1356 1230 1426 jus
1271 1356 1548 1427 postivum
1581 1369 1747 1427 quam
1790 1353 2175 1408 determinatio
2211 1351 2356 1426 juris
2380 1357 2547 1406 natu-

535 1445 666 1501 ralis
703 1461 716 1499 :
757 1446 898 1500 sicut
933 1445 1024 1516 jus
1064 1443 1312 1500 naturaie
1352 1443 1519 1498 habet
1560 1443 1705 1514 quod
1748 1441 2068 1498 malefactor
2117 1441 2406 1513 puniatur;
2450 1438 2547 1494 sed

538 1534 684 1607 quod
726 1532 822 1590 tali
867 1548 1028 1606 poena
1068 1533 1342 1605 puniatur,
1375 1532 1479 1588 hoc
1519 1531 1918 1587 determinatur
1956 1547 2053 1602 per
2086 1531 2179 1602 jus
2224 1527 2545 1600 positivum.

536 1623 677 1692 Quia
701 1638 831 1694 ergo
856 1622 1097 1677 Ecclesia
1127 1621 1290 1677 habet
1317 1626 1642 1691 potestatem
1670 1619 1938 1675 condendi
1976 1619 2154 1690 legem
2195 1618 2249 1672 in
2294 1617 2383 1671 his
2423 1631 2547 1688 quae

540 1713 814 1783 pertinent
856 1711 922 1766 ad
967 1710 1174 1765 cultum
1217 1709 1336 1774 Dei,
1377 1709 1558 1782 potuit
1597 1725 1693 1782 per
1744 1707 2001 1764 Ecclesiae
2048 1713 2318 1764 statutum
2371 1704 2548 1761 taxari

539 1798 822 1870 quantitas
845 1811 1032 1852 eorum
1063 1812 1188 1868 quae
1216 1804 1342 1852 sunt
1393 1797 1573 1853 danda
1622 1797 1887 1854 ministris
1924 1797 2024 1852 Dei
2069 1812 2101 1852 a
2138 1794 2360 1869 populo.
2390 1795 2461 1850 Et
2488 1799 2549 1849 ut

540 1889 684 1939 esset
733 1885 984 1956 quaedam
1039 1883 1393 1939 consonantia
1446 1884 1571 1940 novi
1618 1890 1673 1938 et
1721 1885 1922 1940 veteris
1968 1884 2302 1948 testamenti,
2348 1883 2549 1938 statuit

537 1970 782 2028 Ecclesia
821 1979 880 2027 ut
908 1972 1115 2028 taxatio
1155 1973 1358 2028 veteris
1406 1973 1719 2028 testamenti
1742 1978 2053 2030 servaretur
2100 1973 2268 2028 etiam
2298 1970 2353 2026 in
2383 1984 2547 2027 novo.

541 2061 694 2116 Unde
731 2075 919 2116 omnes
966 2065 1218 2116 tenentur
1265 2060 1342 2116 ad
1381 2060 1641 2128 decimaS,
1678 2060 1848 2118 velint
1884 2062 2081 2118 nolint.
2127 2061 2317 2117 Posset
2362 2069 2549 2115 autem

537 2149 782 2206 Ecclesia
811 2157 1072 2211 statuere,
1101 2150 1147 2206 si
1172 2167 1338 2206 causa
1366 2151 1633 2220 subesset,
1658 2151 1744 2208 vel
1784 2153 1839 2206 in
1885 2151 2078 2223 majori
2119 2150 2206 2206 vel
2242 2151 2299 2205 in
2348 2150 2551 2205 minori

541 2253 792 2307 numer03
819 2247 952 2311 puta
977 2241 1142 2314 quod·
1160 2239 1384 2296 daretur
1412 2247 1627 2336 octava,
1657 2240 1740 2296 vel
1768 2231 2113 2309 duodecima,
2146 2239 2289 2296 sicut
2319 2246 2377 2296 et
2400 2240 2552 2312 quod

541 2327 702 2382 detur
728 2328 962 2384 decima.

610 2417 772 2473 Patet
792 2433 920 2490 ergo
945 2418 1089 2490 quod
1119 2418 1265 2474 nulla
1295 2418 1631 2474 consuetudo
1668 2417 1946 2474 contraria
1983 2417 2147 2474 solvit
2175 2417 2454 2474 homiuem
2482 2417 2550 2474 ab

541 2506 870 2578 obligatione
891 2507 1148 2563 reddendi
1175 2508 1438 2574 decimae,
1466 2508 1595 2582 quia
1625 2507 1743 2564 haec
1768 2507 2030 2578 obligatio
2070 2507 2331 2562 fundatur
2380 2523 2548 2578 supra

534 2599 628 2667 jus
650 2596 912 2662 divinum,
941 2602 996 2650 et
1024 2612 1188 2668 supra
1211 2598 1304 2668 jus
1331 2595 1582 2652 naturale
1612 2613 1625 2650 :
1661 2595 1801 2652 unde
1830 2611 2044 2668 semper
2072 2602 2329 2651 tenentur
2367 2596 2551 2652 homi-

539 2699 637 2738 nes
665 2684 892 2739 reddere
919 2685 1180 2751 decimae,
1205 2687 1251 2740 si
1289 2685 1535 2742 Ecclesia
1564 2685 1765 2757 exigat,
1794 2686 1960 2740 etiam
2007 2685 2283 2741 contraria
2310 2699 2553 2765 consue-

537 2770 728 2828 tudine
757 2787 862 2827 non
890 2772 1161 2828 obstante.
1195 2773 1262 2828 Et
1301 2774 1353 2829 in
1385 2775 1547 2829 terris
1578 2775 1630 2829 in
1668 2773 1867 2845 quibus
1906 2780 1991 2830 est
2020 2773 2359 2830 consuetudo
2401 2776 2551 2846 quod

539 2859 766 2916 decimae
806 2860 1103 2928 solvantur,
1154 2862 1273 2934 ipsa
1328 2863 1666 2919 consuetudo
1710 2863 1867 2936 quasi
1908 2862 2218 2935 expostulat
2266 2863 2549 2932 decimas;

538 2946 692 3004 unde.
705 2954 897 3019 peccat
921 2949 1014 3022 qui
1037 2965 1141 3006 non
1158 2949 1429 3007 redderet.
1462 2952 1567 3008 Sed
1592 2952 1647 3006 in
1675 2952 1835 3006 terris
1864 2952 1918 3006 in
1948 2951 2146 3024 quibus
2170 2966 2278 3006 non
2300 2957 2386 3007 est
2410 2967 2553 3008 con-

538 3029 770 3093 suetudo
805 3039 1108 3096 communis
1137 3039 1282 3111 quod
1324 3040 1554 3096 decimae
1592 3039 1809 3107 dentur,
1840 3046 1896 3096 et
1941 3040 2187 3096 Ecclesia
2229 3056 2343 3097 non
2384 3043 2548 3114 petit,

431 3187 435 3192 ,
538 3127 754 3182 videtur
793 3128 1036 3185 Ecclesia
1076 3129 1355 3186 remittere
1399 3129 1530 3184 dum
1576 3129 1923 3197 dissimulat3
1955 3137 2011 3186 et
2048 3129 2173 3186 ideo
2207 3129 2464 3186 homines
2495 3132 2553 3186 in

539 3215 700 3270 terris
728 3216 836 3273 illis
859 3232 964 3272 non
994 3225 1224 3289 peccant
1254 3218 1495 3273 decimas
1526 3233 1630 3273 non
1648 3218 1827 3275 dando
1850 3234 1861 3273 ε
1888 3217 2083 3275 durum
2114 3219 2257 3273 enim
2282 3226 2429 3274 esset
2458 3220 2554 3275 di-

537 3319 680 3369 cere,
710 3305 856 3377 quod
885 3321 1072 3362 omnes
1099 3304 1345 3362 homines
1372 3306 1545 3364 Italiae
1574 3312 1630 3362 et
1658 3306 2009 3363 orientalium
2047 3307 2289 3379 partium
2312 3307 2555 3367 damna-

534 3398 744 3458 rentur,
778 3392 872 3464 qui
897 3392 1139 3449 decimas
1169 3410 1275 3451 non
1299 3394 1539 3450 solvunt.
1564 3393 1633 3448 Et
1660 3393 1973 3474 hujusmodi
1998 3404 2383 3466 argumentum
2418 3412 2557 3468 pos-

535 3495 724 3536 sumus
749 3479 818 3535 ab
841 3482 1098 3553 Apostolo
1125 3483 1391 3554 accipere,
1412 3484 1499 3538 cui
1524 3499 1649 3540 cum
1674 3483 2003 3549 deberentur
2026 3485 2338 3541 necessaria
2368 3485 2559 3543 victus

535 3569 606 3626 ab
627 3569 712 3626 bis
737 3570 934 3645 quibus
962 3571 1318 3644 praedicabat,
1353 3580 1535 3629 tamen
1568 3587 1674 3628 non
1709 3574 2043 3645 accipiebat3
2071 3589 2172 3629 nec
2200 3580 2385 3630 tamen
2415 3593 2557 3647 pec-

533 3656 733 3713 cabant
779 3659 872 3732 qui
911 3659 960 3713 ei
1003 3675 1112 3731 non
1158 3659 1403 3714 dabant:
1434 3659 1676 3733 alioquin
1721 3659 1861 3729 male
1902 3676 2028 3729 cum
2070 3659 2150 3724 eis
2191 3661 2397 3732 egisset
2444 3678 2557 3722 non

535 3737 870 3820 accipiendo,
900 3747 1204 3823 praesertim
1233 3748 1501 3828 cumipse
1528 3749 1678 3810 dicat
1706 3752 1829 3806 Act.
1858 3765 1959 3820 xx,
1980 3752 2091 3808 27:
2110 3747 2235 3810 Non
2258 3748 2402 3810 enim
2423 3752 2563 3811 sub-

535 3834 738 3920 terfuqi
761 3836 1042 3913 quominus
1094 3837 1475 3908 qununtiarem
1515 3838 1657 3894 vobis
1685 3855 1833 3916 omne
1861 3839 2137 3895 consilium
2166 3838 2308 3895 Dei:
2340 3847 2397 3894 et
2426 3839 2561 3897 ideo

534 3907 826 3999 Apostolus
866 3939 976 3994 non
1000 3925 1253 4015 exigebat
1282 3927 1431 4000 quod
1470 3927 1574 3985 sibi
1604 3927 1927 4002 debebatur,
1956 3943 2025 3994 ne
2062 3928 2287 3992 daretur
2320 3926 2560 4008 aliquod
