2800 4492
745 381 838 438 ιιι.
869 373 952 423 '·-
975 390 1043 436 ιιι
1081 389 1352 438 nonnum
1391 390 1491 437 nn·
1516 375 1845 448 mmmmm
2222 355 2307 439 '2⁴2³

285 507 593 575 tellectum,
621 513 676 565 et
697 507 822 564 ideo
848 523 954 565 non
977 514 1193 581 oportet
1217 509 1364 582 quod
1393 525 1461 567 ex
1480 509 1582 566 hoc
1605 510 1753 584 quod
1774 510 2047 583 intelligit,
2071 519 2309 585 ponatur

287 597 342 653 in
369 613 436 654 eo
474 597 681 671 aliquid
711 604 1038 672 conceptum
1077 597 1299 655 realiter
1327 598 1650 656 distinctum
1674 599 1745 656 ab
1772 601 1910 674 ipse,
1944 601 2087 659 sicut
2130 609 2213 659 est
2250 603 2306 658 in

287 686 449 744 nobis
479 702 494 742 ι
525 687 768 764 Trinitas
792 693 978 747 autem
1001 703 1354 760 personarum
1380 689 1614 762 requirit
1641 688 2051 750 distinctionem
2078 692 2302 748 realem.

355 777 443 833 Ad
472 771 770 848 septimum
809 776 1120 842 dicendum,
1163 777 1310 849 quod
1349 775 1663 843 intellectus
1690 775 1837 835 illius
1885 773 2037 835 v'er‘bi
2076 790 2305 852 apparet

283 880 354 920 ex
397 863 503 920 hoc
531 864 678 938 quod
707 865 957 937 sequitur
989 881 1002 919 :
1039 885 1064 917 α
1098 864 1359 935 Quamvis
1381 866 1668 938 contingat
1706 873 1949 924 nostram
1979 859 2304 926 industriam

285 953 494 1018 latere;
544 972 571 1005 n
602 953 786 1010 omnia
813 949 942 1024 e'rgo
989 954 1298 1011 necessaria
1325 953 1380 1009 in
1410 954 1607 1027 seipsis
1646 960 1774 1012 sunt
1810 955 1895 1012 vel
1926 971 2023 1029 per
2057 970 2121 1013 se
2150 965 2302 1026 nota,

283 1041 368 1098 vel
403 1057 502 1115 per
530 1039 638 1098 alia
666 1041 1104 1114 cognoscibilia.
1131 1057 1244 1098 non
1273 1048 1456 1100 tamen
1480 1051 1698 1130 oportet-
1720 1044 1869 1118 quod
1898 1045 1975 1102 ita
2000 1045 2088 1101 sit
2098 1061 2214 1117 quo
2232 1047 2302 1102 ad

282 1145 426 1188 nos·
455 1131 606 1187 unde
629 1147 736 1188 ιιοιι
762 1123 1050 1203 possumus
1069 1131 1139 1188 ad
1161 1131 1346 1189 omnia
1370 1133 1682 1190 necessaria
1703 1133 1984 1206 probanda
2002 1133 2303 1198 secundum

282 1227 534 1278 nostram
564 1221 890 1278 industriam
916 1222 1156 1279 rationes
1179 1223 1520 1280 necessarias
1546 1223 1813 1280 invenire.
2148 1259 2154 1265 -
2218 1259 2224 1266 ·

351 1309 440 1366 Ad
484 1315 744 1370 octavum
783 1309 1095 1376 dicendum,
1145 1311 1291 1386 quod
1331 1305 1749 1369 Platonicorum
1766 1312 1967 1386 positio
1994 1313 2138 1370 nihil
2170 1311 2305 1370 facit

283 1399 352 1456 ad
384 1399 728 1472 propositum
767 1399 1067 1456 secundum
1095 1400 1174 1456 rei
1203 1401 1516 1470 veritatem,
1548 1401 1801 1475 quamvis
1836 1401 2090 1459 videatur
2121 1402 2303 1460 faeere

282 1488 590 1548 secundum
619 1482 807 1545 v'erba.
823 1469 958 1545 Non
987 1489 1134 1546 enim
1160 1473 1463 1562 posuerunt
1491 1489 1637 1563 quod
1662 1489 1761 1546 illa
1788 1505 1943 1546 mens
1970 1497 2117 1546 esset
2150 1491 2305 1562 ejus·

281 1577 412 1634 dem
448 1577 706 1634 essentiae
733 1593 858 1634 cum
886 1579 1000 1634 Deo
1025 1579 1204 1646 Patre,
1235 1578 1332 1634 sed
1361 1578 1509 1652 quod
1538 1585 1685 1634 esset
1712 1579 1967 1652 quaedam
1995 1579 2103 1635 alia
2138 1579 2303 1636 subs·

282 1667 466 1724 tantia
495 1673 752 1753 separata
793 1684 825 1724 a
854 1668 1028 1740 prima
1067 1665 1388 1742 procedenS,
1424 1676 1481 1726 et
1509 1669 1731 1725 tertiam
1760 1668 2033 1741 ponebant
2062 1669 2302 1726 animam

280 1756 496 1822 mundi,
527 1762 588 1811 ut
613 1761 766 1828 patet
791 1769 889 1830 per
911 1756 1264 1814 macrobium.
1294 1757 1362 1812 Et
1391 1757 1523 1830 quia
1560 1773 1749 1814 omnes
1774 1757 2113 1816 substantias
2131 1774 2301 1830 sepa-

280 1855 436 1904 ratas
474 1847 622 1902 Deos
647 1846 938 1914 vocabant,
981 1847 1108 1903 inde
1134 1852 1220 1904 est
1251 1847 1396 1920 quod
1432 1845 1572 1904 istas
1597 1841 1868 1904 vocabant
1904 1837 2001 1903 se‘u
2043 1848 2302 1905 dicebant

281 1943 400 1992 tres
441 1936 609 2003 DeOS‚
659 1941 721 1992 ut
759 1935 896 1992 dicit
931 1937 1164 2007 August.
1209 1934 1425 2014 decimo
1468 1936 1636 2011 capit.
1684 1935 1755 1993 de
1800 1935 1963 1993 Civit.
1992 1937 2114 1993 Dei.
2158 1937 2301 2007 Quia
2378 1953 2388 1965 ·

276 2031 470 2082 tamen
489 2039 594 2081 non
615 2024 890 2099 ponebant
918 2023 1124 2098 aliquid
1152 2024 1377 2108 Spiritui
1403 2026 1605 2083 Sancto
1628 2025 1825 2093 simile,
1854 2026 1997 2082 sicut
2033 2027 2202 2086 Patri,
2244 2033 2302 2082 et

278 2115 440 2174 Filio.
463 2113 667 2171 Anima
689 2115 837 2171 enim
861 2115 1047 2170 mundi
1071 2131 1178 2172 non
1206 2119 1290 2172 est
1314 2131 1487 2171 nexus
1507 2115 1723 2172 illorum
1746 2114 1978 2172 duorum
2000 2115 2300 2179 secundum

281 2220 398 2272 ece,
430 2205 577 2260 sicut
598 2203 834 2276 Spiritus
868 2204 1102 2260 Sanctus
1122 2205 1301 2261 Patris
1329 2212 1384 2260 et
1413 2203 1580 2260 Filii:
1612 2203 1737 2260 ideo
1760 2204 2017 2260 dicuntur
2055 2203 2112 2260 in
2138 2205 2301 2264 tertie

279 2295 441 2366 signo
471 2292 762 2359 defecisse,
794 2291 852 2349 id
889 2299 993 2361 est,
1032 2292 1089 2348 in
1122 2293 1433 2366 cognitione
1468 2293 1649 2351 tertiae
1682 2307 1951 2366 personae.
1981 2293 2079 2350 Vel
2107 2281 2301 2349 dicen-

279 2383 435 2451 dum,
467 2382 620 2438 sicu-t
638 2381 1001 2438 communiter
1026 2381 1246 2450 dicitur,
1269 2383 1425 2456 quod
1456 2388 1833 2455 cognoverunt
1862 2381 2000 2438 duas
2041 2385 2301 2454 personas

281 2478 554 2546 quantum
583 2470 655 2527 ad
675 2465 1038 2544 appropriata
1061 2471 1320 2544 potentiae
1348 2476 1404 2526 et
1428 2471 1734 2542 sapientiae,
1766 2485 1873 2526 non
1903 2477 2087 2526 autem
2116 2479 2303 2543 quan*

286 2567 402 2617 tum
429 2561 502 2618 ad
529 2560 774 2634 propria.
799 2559 1023 2617 Bonitas
1049 2565 1234 2616 autem
1263 2557 1860 2633 quaeSpirituiSancto
1892 2558 2295 2632 appropriatur,

283 2651 523 2707 maxime
551 2649 780 2722 respicit
806 2649 1032 2705 effectus
1054 2663 1196 2722 quos
1218 2647 1296 2704 illi
1322 2663 1431 2704 non
1454 2654 1849 2720 cognoverunt.
2214 2673 2219 2679 ·

352 2739 436 2795 Ad
449 2723 673 2795 monum
697 2737 1008 2805 dicendum,
1038 2737 1185 2812 quod
1208 2735 1492 2794 Aristotel.
1525 2751 1630 2793 ιιοιι
1656 2737 1892 2793 intendit
1914 2736 2114 2805 dicere,
2150 2727 2301 2813 qued

286 2828 430 2884 Deus
452 2827 528 2884 sit
565 2826 998 2900 magnificandus
1026 2835 1088 2883 ut
1125 2827 1300 2883 trinus
1329 2832 1385 2883 et
1429 2843 1587 2892 unus,
1606 2826 1737 2882 sed
1746 2826 1877 2900 quia
1924 2824 2162 2906 ternario
2190 2843 2300 2886 nu·-

283 2931 442 2974 mero
467 2915 864 2974 sacrificiorum
887 2923 948 2972 et
977 2917 1285 2973 orationum
1314 2915 1385 2973 ab
1415 2916 1658 2990 antiquis
1694 2909 2053 2973 honorabitur
2077 2923 2301 3038 propter

285 3006 512 3063 ternarii
539 3005 752 3080 numeri
778 3003 1216 3080 perfectionem.
1641 3027 1646 3034 ·
1822 3027 1825 3034 ·
1992 3029 1997 3036 ·
2278 3031 2285 3038 ·

283 3109 292 3114 ·
355 3096 439 3152 Ad
479 3076 756 3152 decimum
785 3094 1096 3171 dicendum,
1124 3095 1271 3169 quod
1314 3095 1497 3152 omnia
1536 3094 1746 3168 quaein
1772 3095 1887 3152 Deo
1904 3099 2063 3164 ·‚sunt
2097 3111 2205 3152 una
2242 3102 2299 3152 et

285 3182 517 3254 simplex
546 3185 668 3256 ejus
695 3182 932 3241 essentia
961 3192 1128 3241 suntz
1173 3183 1268 3241 sed
1297 3199 1362 3241 ea
1399 3201 1525 3258 quae
1549 3189 1675 3241 sunt
1705 3183 1771 3240 in·
1796 3184 1913 3257 ipso
1940 3201 2130 3252 unum,
2162 3192 2299 3242 sunt

289 3271 342 3328 in
370 3271 655 3329 intellectu
679 3280 866 3330 nostro
891 3272 1082 3340 multa,
1109 3280 1164 3329 et
1195 3278 1419 3348 propter
1441 3273 1545 3350 hoc
1574 3273 1883 3330 intellectus
1911 3282 2105 3330 noster
2116 3281 2303 3348 potest

287 3361 696 3438 apprehendere
727 3377 894 3418 unum
922 3361 1136 3418 illorum
1164 3362 1281 3419 sine
1311 3363 1440 3420 alio.
1470 3363 1602 3419 Inde
1629 3371 1713 3420 est
1742 3362 1929 3436 quod
1916 3379 1999 3418 ιιι-
2012 3367 2163 3421 'statu
2191 3364 2300 3420 viae

285 3449 359 3506 de
383 3447 532 3506 nullo
559 3466 751 3507 eornm
779 3467 1070 3524 possumus
1093 3447 1427 3544 cognoscere
1450 3451 1584 3526 quid
1622 3460 1725 3519 est,
1756 3451 1855 3508 sed
1881 3451 2075 3508 solum
2085 3440 2153 3508 an
2186 3462 2295 3520 est,

285 3537 345 3594 ‘et
372 3539 661 3612 contingit,
694 3539 840 3613 quod
867 3549 1263 3612 cognoscatur,
1281 3535 1352 3598 a'n
1387 3547 1473 3598 est
1496 3556 1667 3598 unum
1696 3556 1904 3609 eorum,
1936 3548 1993 3597 et
2023 3557 2129 3598 non
2153 3540 2297 3596 alte-

291 3644 455 3685 rum.
487 3629 634 3686 sicut
661 3629 767 3684 scit
807 3629 1006 3702 aliquis
1035 3645 1103 3686 an
1143 3631 1218 3686 sit
1253 3630 1524 3709 sapientia
1558 3627 1615 3686 in
1657 3631 1793 3704 Deo,
1836 3631 1930 3704 qui
1978 3637 2173 3686 tamen
2188 3643 2297 3685 non

293 3719 571 3790 cognoscit
598 3733 668 3774 an
698 3719 828 3775 insit
859 3693 1272 3814 omnipotentia,
1295 3727 1382 3776 et
1397 3719 1649 3776 similiter
1686 3725 1867 3793 potest
1894 3719 2107 3775 ratione
2129 3705 2299 3796 natu-

293 3806 396 3866 rali
420 3808 555 3866 sciri
574 3823 647 3886 an
674 3809 834 3866 Deus
843 3799 1110 3908 sit.uoi1·'
1123 3799 1308 3906 an‘tem
1337 3796 1408 3866 an
1434 3808 1511 3897 sit
1520 3809 1751 3900 Trione,
1776 3815 1833 3866 et
1858 3821 2019 3864 unus.
2098 3831 2123 3838 ··
2158 3833 2163 3839 ·
