2800 4492
501 292 622 358 504
975 310 1026 355 a.
1069 306 1305 353 mona:
1347 306 1673 358 momnis
1713 307 2023 355 ornacum

506 423 872 499 simplicitatis
895 441 1059 498 quam
1101 426 1303 481 anima.
1331 424 1474 496 Ergo
1503 432 1558 480 et
1600 424 1657 479 in
1691 424 1874 481 anima
1912 438 2009 481 sua
2044 423 2353 482 substantia
2394 440 2513 481 non

505 522 588 571 cst
617 530 715 571 sua
739 514 916 569 virtus
941 514 1058 569 sive
1083 512 1347 585 potentia.

577 603 862 667 Praeterea,
893 617 1078 657 eorum
1105 616 1230 673 quae
1252 607 1380 657 sunt
1410 600 1575 669 idem,
1604 600 1653 655 si
1680 616 1847 655 unum
1886 599 2297 672 multiplicetur,
2326 606 2385 657 et
2408 618 2509 657 re-

505 690 732 761 liquum.
763 690 818 746 Si
844 705 974 760 ergo
1001 688 1182 745 anima
1208 689 1281 744 sit
1309 687 1457 744 idem
1484 688 1629 761 quod
1658 704 1773 745 suae
1802 690 2081 760 potentiae,
2109 688 2347 757 videtur,
2376 707 2511 746 cum

505 779 762 849 potentiae
795 778 903 832 sint
947 775 1151 843 multae,
1185 776 1329 849 quod
1367 776 1604 832 essentia
1634 777 1833 833 animae
1871 792 1977 833 una
2006 792 2127 833 esse
2164 793 2269 832 non
2305 779 2505 849 possit..

573 866 892 939 Respondeo
911 865 1222 933 dicendum,
1245 864 1389 937 quod
1410 863 1476 918 de
1502 865 1683 921 anima
1705 864 1994 937 dupliciter
2020 864 2166 937 loqui
2190 880 2504 937 possumus.

504 954 623 1011 Uno
649 953 808 1010 modo
835 954 1134 1009 secundum
1164 952 1308 1024 quod
1338 960 1423 1007 est
1454 952 1708 1024 quasdam
1737 952 2075 1021 substantia3
2102 962 2159 1009 et
2187 954 2269 1009 sic
2292 954 2507 1025 impos-

502 1042 660 1097 sibile
689 1042 940 1113 estquod
971 1041 1150 1096 anima
1175 1041 1249 1096 sit
1283 1054 1398 1095 suae
1434 1042 1714 1112 potentiae,
1746 1041 1949 1111 duplici
1982 1042 2233 1107 ratione;
2268 1059 2503 1114 quarum

505 1147 610 1187 una
647 1131 882 1185 sumitur
909 1146 977 1185 cx
1003 1146 1069 1186 eo
1113 1128 1258 1201 quod
1288 1135 1373 1183 est
1410 1129 1609 1184 animae
1644 1128 1949 1200 proprium3
1978 1130 2107 1202 quia
2148 1130 2358 1187 scilicet
2392 1133 2505 1186 im·-

506 1217 762 1291 possibile
789 1227 874 1273 est
911 1225 968 1273 ut
998 1217 1144 1273 idem
1179 1216 1480 1273 secundum
1521 1215 1667 1271 idem
1710 1218 1781 1272 sit
1820 1216 2141 1273 naturaliter
2174 1219 2503 1291 principium

453 1328 464 1337 ·
507 1307 739 1378 plurium
763 1315 819 1362 et
847 1305 1185 1361 diversorum
1216 1320 1463 1371 numero,
1497 1306 1663 1361 immo
1688 1307 1844 1379 quasi
1878 1305 2272 1377 oppositorum.
2302 1308 2503 1364 Anima

507 1402 688 1451 autem
733 1394 1031 1450 secundum
1073 1395 1318 1450 diversas
1364 1394 1639 1465 potentias
1685 1392 1961 1449 invenitur
2002 1409 2123 1449 esse
2175 1395 2505 1467 principium

507 1491 727 1539 actuum
771 1483 1112 1539 diversorum
1149 1480 1449 1537 secundum
1502 1481 1729 1552 species,
1788 1488 1845 1535 et
1896 1482 2052 1553 quasi
2101 1482 2505 1553 oppositorum.

505 1571 658 1627 Unde
685 1571 1016 1644 impossibile
1046 1576 1132 1625 est
1166 1568 1313 1643 quod
1353 1570 1469 1641 ipsa
1502 1570 1736 1625 essentia
1768 1571 1984 1637 animae,
2013 1587 2138 1643 quae
2163 1579 2247 1627 est
2273 1588 2401 1639 una,
2428 1575 2509 1627 sit

505 1660 884 1716 immediatum
911 1659 1104 1714 horum
1133 1658 1480 1731 principium.
1504 1657 1572 1711 Et
1600 1656 1720 1711 ideo
1746 1666 1959 1728 oportet
1990 1675 2188 1730 ponere
2213 1660 2267 1715 in
2296 1661 2503 1727 anima,

505 1754 703 1819 praeter
732 1749 850 1818 ejus
893 1747 1277 1815 substantiam,
1311 1746 1585 1817 potentias
1626 1746 1925 1812 naturales,
1972 1763 2098 1819 quae
2140 1754 2268 1802 sunt
2308 1748 2507 1805 borum

507 1840 728 1897 actuum
759 1834 1072 1889 immediata
1108 1833 1396 1905 principia.
1436 1832 1685 1889 Secunda
1723 1834 1863 1889 ratio
1901 1836 2133 1890 sumitur
2158 1852 2225 1890 ex
2265 1852 2329 1891 eo
2354 1838 2509 1909 quod

505 1929 588 1976 est
617 1937 904 1977 commune
946 1922 1142 1978 animae
1182 1930 1236 1975 et
1260 1920 1408 1976 omni
1452 1920 1777 1979 substantiae
1814 1931 2033 1978 creatae.
2066 1924 2125 1978 ln
2168 1924 2313 1981 nulla
2354 1925 2507 1980 enim

505 2011 809 2067 substantia
846 2018 1030 2067 creata
1056 2019 1140 2066 est
1179 2010 1322 2065 idem
1347 2025 1470 2065 esse
1502 2016 1557 2065 et
1580 2012 1858 2081 operatio;
1886 2010 1989 2067 hoc
2030 2012 2174 2079 enirn
2208 2013 2377 2069 solius
2402 2016 2509 2069 Dei

505 2107 610 2155 est.
641 2098 886 2156 Essentia
914 2107 1095 2154 autem
1131 2106 1214 2154 est
1242 2097 1457 2153 essendi
1492 2098 1840 2170 principium,
1873 2101 2115 2169 potentia
2146 2116 2273 2155 vcro
2302 2117 2511 2173 opera·

507 2190 692 2244 tionis.
740 2189 898 2259 Ergo,
941 2204 1065 2243 cum
1111 2188 1180 2244 ab
1223 2202 1331 2243 uno
1363 2186 1685 2244 naturaliter
1728 2203 1832 2243 non
1872 2190 1943 2243 sit
1992 2188 2093 2243 nisi
2142 2206 2326 2256 unum,
2359 2192 2513 2247 nulla

507 2277 829 2346 substantia,
863 2278 965 2332 nisi
991 2276 1195 2343 divina,
1225 2284 1310 2331 est
1333 2292 1433 2331 sua
1464 2276 1729 2346 potentia.
1760 2277 1875 2332 Nec
1902 2286 1987 2332 est
2017 2277 2278 2333 instantia
2303 2280 2371 2335 de
2401 2296 2513 2352 po-

419 2359 425 2366 ’
507 2367 679 2421 tentia
705 2366 967 2432 materias,
1001 2366 1166 2421 etiam
1191 2365 1320 2420 dato
1345 2364 1492 2437 quod
1534 2364 1604 2419 sit
1635 2380 1742 2420 una
1785 2366 2057 2433 essentia;
2087 2367 2216 2438 quia
2249 2367 2513 2439 talis-po-

507 2455 678 2511 tentia
705 2471 808 2510 non
835 2461 917 2508 est
946 2453 1014 2509 ad
1057 2454 1449 2526 operat-ionem,
1476 2452 1570 2507 sed
1610 2452 1681 2508 ad
1705 2468 1843 2507 esse.
1876 2453 1996 2508 Alio
2026 2454 2188 2509 modo
2212 2470 2515 2528 possumus

510 2542 654 2613 loqui
687 2542 754 2597 de
777 2542 959 2597 anima
983 2542 1282 2597 secundum
1300 2540 1444 2612 quod
1464 2545 1548 2595 est
1572 2539 1849 2613 quoddam
1876 2547 2049 2595 totum
2080 2544 2375 2612 potentiale
2399 2561 2413 2613 ;
2450 2555 2515 2601 et.

409 2678 414 2683 .
506 2630 585 2683 sic
611 2629 843 2685 diversae
874 2630 1132 2701 potentiae
1160 2635 1286 2683 sunt
1309 2628 1544 2683 diversae
1574 2628 1758 2699 partes
1782 2629 1899 2699 ejus
1930 2645 1944 2683 z
1972 2638 2027 2683 et
2052 2629 2129 2685 ita
2156 2632 2335 2687 anima
2362 2648 2519 2704 prae-

506 2717 721 2771 dicatur
751 2718 818 2770 de
844 2717 1117 2787 potentii5‚
1149 2715 1232 2771 vel
1261 2732 1292 2771 e
1330 2729 1612 2780 converse,
1655 2715 1879 2771 abusiva
1913 2707 2325 2789 praedicati‘one,
2364 2722 2519 2778 sicut

510 2810 681 2858 totum
719 2802 980 2873 integrale
1005 2803 1071 2858 de
1105 2804 1218 2857 suis
1246 2803 1513 2874 partibuS,
1542 2803 1625 2859 vel
1659 2820 1690 2859 e
1726 2820 2025 2873 converso;
2054 2809 2307 2878 quamvis
2332 2809 2517 2865 minor

506 2891 579 2947 sit
605 2889 792 2946 abusio
823 2890 876 2943 in
921 2896 1034 2946 toto
1059 2890 1344 2963 potentiali
1384 2908 1549 2963 quarn
1590 2892 1876 2963 integrali;
1918 2895 2046 2965 quia
2092 2901 2270 2951 totum
2308 2903 2519 2967 poten-

507 2980 636 3037 tiale
658 2979 956 3035 secundum
982 2995 1135 3035 suam
1161 2976 1526 3035 substantiam
1556 2981 1713 3038 adest
1741 2982 1964 3037 cuilibet
1990 2982 2156 3055 parti,
2187 2999 2295 3040 non
2322 2994 2518 3041 autem

501 3064 790 3141 integrale.

577 3157 643 3212 Et
669 3174 763 3228 per-
788 3157 892 3213 hoc
921 3164 1070 3229 patet
1098 3155 1297 3213 solutio
1327 3156 1393 3212 ad
1423 3156 1656 3229 objecta.

1197 3334 1653 3395 ARTIOULUS
1690 3336 1805 3396 ·V1.

517 3464 735 3529 Utrum
759 3464 960 3525 anima
981 3464 1308 3527 rationalis
1327 3465 1415 3527 sit
1436 3468 1871 3545 corruptibilis.
1892 3502 1971 3514 ——
1986 3470 2043 3549 (l
2065 3475 2234 3549 part.
2250 3517 2265 3545 ,
2292 3477 2517 3551 quast.

584 3556 684 3625 75,
717 3558 838 3615 art.
874 3553 943 3627 63
977 3556 1032 3615 et
1059 3558 1269 3633 quast.
1303 3554 1404 3629 76,
1436 3560 1561 3617 art.
1592 3558 1652 3629 3,
1676 3557 1774 3618 ad.
1811 3557 1878 3631 13
1911 3562 1967 3619 et
1997 3559 2130 3633 1-2,
2163 3566 2373 3638 quaest.
2399 3557 2517 3637 85,

584 3647 706 3704 art.
741 3642 800 3716 6,
833 3641 1050 3721 corp.).

577 3773 656 3827 Ad
685 3774 986 3829 secundum
1010 3774 1089 3829 sic
1119 3774 1451 3846 proceditur.
1495 3777 1549 3831 l.
1581 3776 1808 3833 Videtur
1836 3777 1979 3850 quod
2010 3774 2191 3834 anima
2222 3778 2523 3837 rationalis

505 3861 578 3915 sit
607 3861 995 3932 corruptibilis.
1027 3862 1186 3931 Quia,
1218 3862 1523 3919 secundum
1559 3865 1977 3936 Damascenum,
2008 3864 2156 3923 nulla
2192 3866 2523 3925 substantia
