2800 4492
737 381 833 424 xi.·
858 397 938 412 -
965 382 1030 424 m
1079 382 1348 427 BOE'HUM
1389 384 1468 426 mr
1509 384 1837 428 mimum
2210 363 2289 426 71

255 489 462 550 insunt
487 493 716 552 cuilibet
737 496 952 568 corpori
973 512 1040 554 ex
1068 496 1186 569 ipsa
1209 498 1595 571 corporeitate.
1610 499 1746 555 Esse
1773 505 1959 556 autem
1988 497 2145 571 plura
2164 511 2297 554 cor·-

261 598 408 654 pora
439 583 497 639 in
519 585 714 640 eodem
739 584 878 653 loce,
898 585 982 641 vel
1012 589 1121 643 non
1143 602 1282 657 esse,
1307 600 1417 643 non
1447 587 1670 660 respicit
1693 587 1873 644 locum
1904 587 2290 651 determinate,

261 671 368 726 sed
395 671 672 743 absolute,
694 674 840 730 unde
863 681 1078 746 oportet
1105 677 1259 748 quod
1281 691 1451 732 causa
1468 676 1631 748 hujus
1659 675 2036 749 impedimenti
2086 675 2297 731 resera-

261 765 361 816 tur
391 761 464 816 ad
494 767 748 820 naturam
771 764 1170 836 corporeitatiS,
1186 781 1254 820 ex
1280 781 1391 838 qua
1418 765 1633 838 corpori
1661 765 1809 822 omni
1835 766 1889 822 in
1915 771 2184 837 quantum
2208 771 2293 819 est

262 864 499 921 corpus,
531 856 723 907 natum
749 852 824 906 sit
867 867 988 908 esse
1033 853 1090 908 in
1135 851 1276 909 loco.
1307 853 1378 908 Et
1422 854 1467 909 si
1503 842 1707 910 'ultima
1748 854 1961 926 sphaera
1988 869 2095 910 non
2138 852 2211 908 sit
2238 851 2295 908 in

261 937 413 1005 loco,
447 938 558 995 hoc
579 955 686 996 non
711 947 796 996 est
822 940 929 996 nisi-
959 941 1087 1014 quia
1118 941 1246 997 nihil
1272 948 1594 1014 potestesse
1624 948 1780 997 extra
1812 942 2005 1013 ipsam,
2042 956 2149 997 non
2185 956 2296 996 au·-

265 1033 384 1082 tem
423 1036 655 1100 propter
695 1029 968 1086 defectum
997 1029 1280 1102 praedictae
1309 1019 1653 1102 aptitudinis.
1687 1029 1754 1087 Et
1791 1030 1916 1086 ideo
1954 1029 2049 1086 alii
2088 1043 2294 1085 conce-

263 1115 411 1171 dunt
441 1115 774 1189 simpliciter
797 1118 946 1190 quod
981 1118 1130 1175 nulla
1160 1119 1265 1174 duo
1295 1135 1523 1192 corpora
1566 1119 1778 1191 possint
1820 1134 1943 1174 esse
1992 1118 2048 1172 in
2096 1118 2287 1172 eodem

265 1203 414 1269 loco,
441 1213 506 1260 et
541 1206 814 1262 rationem
857 1208 976 1278 ejus
1018 1205 1260 1262 referunt
1299 1208 1368 1264 ad
1415 1207 1684 1280 principia
1731 1205 2139 1271 mathematica,
2168 1220 2293 1276 quae

265 1299 498 1363 oportet
521 1293 724 1349 salvari
749 1295 804 1349 in
828 1295 1080 1352 omnibus
1109 1295 1468 1362 naturalibus,
1493 1304 1556 1351 ut
1584 1297 1788 1351 dicitur
1808 1310 1878 1352 ιιι
1906 1296 2016 1351 Cae.
2047 1299 2104 1350 et
2140 1295 2289 1349 Mun.

265 1381 378 1439 Sed
415 1381 526 1438 hoc
561 1397 670 1437 non
714 1383 932 1439 videtur
979 1385 1328 1452 conveniens,
1361 1384 1493 1457 quia
1544 1381 1945 1440 mathematicis
1986 1397 2095 1438 non
2136 1397 2291 1438 com-

267 1471 412 1542 petit
439 1485 567 1526 esse
599 1471 654 1525 in
681 1471 819 1552 loco,
848 1473 952 1528 nisi
981 1473 1295 1546 ,improprie
1337 1480 1394 1528 et
1428 1471 1891 1539 similitudinarie,
1928 1477 1986 1527 ut
2010 1471 2213 1526 dicitur
2245 1485 2289 1526 n

269 1559 338 1614 de
364 1559 764 1616 Generatione.
790 1561 861 1616 Et
889 1561 1012 1618 ideo
1043 1563 1184 1618 ratio
1217 1561 1466 1635 praedicti
1506 1561 1880 1633 impedimenti
1923 1575 2030 1616 non
2068 1567 2152 1616 est
2194 1575 2295 1615 su-

268 1649 473 1705 menda
501 1665 570 1704 ex
597 1649 880 1722 principiis
913 1651 1336 1718 mathematiciS,
1367 1651 1465 1707 sed
1494 1667 1561 1706 ex
1602 1649 1884 1722 principiis
1924 1646 2285 1714 naturalibuS,

269 1737 475 1810 quibus
507 1738 731 1810 proprie
775 1737 924 1794 locus
961 1739 1209 1796 debetur.
1259 1741 1553 1806 Praeterea,
1601 1739 1844 1794 rationes
1885 1738 2291 1796 mathematicae

267 1826 613 1882 sufficienter
649 1825 981 1883 concludunt
1017 1828 1073 1883 in
1115 1829 1346 1884 materia
1395 1829 1521 1885 ista.
1554 1828 1668 1882 Etsi
1713 1825 1859 1882 enim
1896 1826 2289 1884 mathematica

269 1913 558 1984 salventur
597 1915 654 1969 in
693 1915 1051 1983 naturalibus,
1082 1923 1264 1972 tamen
1307 1915 1581 1973 naturalia
1621 1914 1829 1972 addunt
1872 1913 2081 1987 aliquid
2127 1930 2291 1986 super

271 2002 690 2070 mathematica,
739 2002 952 2061 scilicet
1005 2005 1286 2061 materiam
1339 2003 1672 2071 sensibilem,
1722 2009 1777 2058 et
1828 2019 1897 2058 ex
1946 2002 2051 2058 hoc
2102 2002 2290 2058 addito

269 2098 456 2164 potest
479 2091 754 2163 assignari
779 2095 922 2148 ratio
959 2091 1190 2165 alicujus
1219 2093 1274 2148 in
1301 2091 1663 2156 naturalibuS,
1695 2092 1851 2164 cujus
1891 2090 2034 2148 ratio
2072 2090 2126 2144 in
2164 2105 2289 2146 ma-

270 2178 594 2236 thematicis
608 2195 716 2236 non
735 2180 936 2252 poterit
964 2181 1252 2252 assignari.
1282 2181 1344 2236 ln
1371 2179 1777 2236 mathematicis
1800 2180 1949 2235 enim
1970 2194 2077 2234 uon
2109 2182 2289 2250 potest

270 2267 546 2339 assignari
571 2267 716 2324 ratio
747 2267 1086 2325 diversitatis
1110 2269 1302 2326 liarum
1339 2269 1573 2326 duarum
1611 2268 1899 2335 linearum,
1929 2268 2034 2324 nisi
2067 2274 2291 2341 propter

271 2358 440 2414 situm
469 2375 483 2412 :
519 2357 670 2412 unde
693 2365 904 2414 remota
926 2357 1246 2415 diversitate
1269 2359 1429 2424 situs„
1460 2373 1568 2413 non
1608 2363 1853 2413 remanet
1888 2355 2172 2429 pluralitas
2216 2354 2291 2411 li-

269 2462 500 2503 nearum
523 2445 1058 2514 mathematica-um,
1085 2453 1142 2502 et
1164 2446 1417 2504 similiter
1439 2461 1541 2502 nec
1568 2445 2000 2516 superficierum,
2032 2449 2126 2498 aut
2162 2458 2293 2498 cor-

272 2550 488 2606 porum.
517 2535 592 2588 Et
617 2539 842 2606 propter
868 2533 970 2590 hoc
1011 2549 1117 2590 non
1147 2539 1329 2606 potest
1355 2548 1498 2599 esse,
1529 2540 1589 2588 ut
1629 2545 1858 2602 corpora
1898 2528 2286 2586 mathematica

271 2621 382 2678 sint
403 2622 590 2704 plura,
618 2627 676 2677 et
719 2621 832 2678 sint
873 2621 1033 2679 simul
1064 2639 1080 2678 z
1107 2629 1162 2677 et
1191 2620 1447 2678 similiter
1484 2619 1552 2675 de
1583 2618 1743 2674 lineis
1774 2624 1831 2674 et
1864 2616 2279 2690 superficiebus·

267 2711 378 2767 Sed
404 2712 466 2766 in
490 2710 820 2783 corporibus
848 2710 1188 2768 naturalibus
1213 2715 1399 2783 posset
1430 2708 1499 2766 ab
1526 2707 1843 2765 adversario
1882 2705 2148 2778 assignari
2179 2704 2287 2763 alia

267 2799 415 2856 ratio
441 2799 808 2866 diversitatis,
837 2798 1048 2855 scilicet
1073 2815 1142 2855 ex
1189 2799 1420 2854 materia
1460 2796 1723 2863 sensibili,
1752 2797 1919 2853 etiam
1954 2801 2165 2851 remota
2200 2795 2289 2851 di-

275 2889 542 2946 versitate
564 2887 726 2943 situs.
753 2886 820 2944 Et
851 2887 972 2943 ideo
1001 2888 1142 2942 ratio
1162 2886 1257 2943 illa
1285 2902 1411 2958 quae
1437 2885 1632 2958 probat
1656 2885 1765 2941 duo
1794 2899 2027 2958 corpora
2070 2882 2289 2938 matbe-

273 2976 476 3032 matica
526 2991 639 3030 non
677 2990 798 3031 esse
841 2973 1024 3042 simul,
1071 2989 1178 3031 non
1221 2983 1304 3030 est
1350 2973 1625 3030 sufficiens
1677 2972 1747 3028 ad
1798 2972 2139 3045 probandum
2178 2969 2287 3026 duo

273 3080 504 3138 corpora
535 3063 811 3121 naturalia
839 3080 946 3120 non
975 3078 1094 3120 esse
1123 3063 1307 3120 simul.
1335 3062 1404 3118 Et
1430 3063 1553 3118 ideo
1578 3061 1897 3134 accipienda
1920 3069 2004 3116 est
2036 3057 2126 3115 via
2149 3059 2291 3114 Avi-

275 3169 482 3221 cennae,
497 3169 614 3227 qua
635 3142 808 3208 utitur
828 3154 884 3208 in
903 3167 1004 3210 sua
1025 3151 1382 3218 sufficientia,
1398 3151 1452 3207 in
1480 3155 1721 3206 tractatu
1739 3149 1809 3206 de
1824 3149 1988 3216 LocO,
2004 3163 2101 3221 per
2118 3163 2286 3220 quam

275 3243 522 3315 assignat
551 3257 778 3298 causam
803 3241 1187 3315 prohibitionis
1217 3240 1497 3313 praedictae
1526 3255 1593 3294 ex
1624 3239 1742 3312 ipsa
1772 3244 1967 3296 natura
2005 3237 2289 3311 corporei-

277 3331 406 3389 tatis
451 3347 555 3404 per
599 3329 866 3402 principia
905 3329 1196 3386 naturalia.
1241 3329 1386 3385 Dicit
1425 3329 1584 3400 enim·
1610 3325 1755 3401 quod
1803 3341 1911 3382 non
1948 3331 2130 3399 potest
2168 3341 2289 3383 esse

273 3436 439 3478 causa
461 3420 634 3491 hujus
660 3417 1059 3491 prohibitionis»,
1086 3417 1192 3474 nisi
1221 3417 1356 3474 illud
1389 3417 1479 3473 cui
1507 3415 1683 3489 primo
1708 3423 1765 3472 et
1804 3431 1898 3486 per
1936 3431 1994 3471 se
2034 3416 2291 3472 convenit

275 3525 396 3566 esse
417 3509 473 3565 in
499 3507 624 3565 loco
644 3524 658 3560 z
678 3507 782 3563 lioc
805 3513 990 3564 autem
1013 3513 1098 3582 est
1123 3506 1268 3580 quod
1291 3511 1481 3562 uatum
1504 3512 1588 3561 est
1616 3503 1827 3577 replere
1854 3503 2055 3560 locum.
2080 3505 2293 3560 Formae

277 3606 462 3655 autem
485 3611 601 3658 non
630 3595 896 3668 competit
921 3611 1042 3652 esse
1065 3597 1124 3651 in
1151 3595 1290 3661 loce,
1322 3593 1427 3650 nisi
1460 3609 1559 3666 per
1580 3592 1858 3660 accidens»,
1892 3593 2143 3666 quamvis
2184 3592 2295 3648 ali-

279 3703 404 3760 quae
429 3687 628 3744 formae
656 3686 766 3740 sint
793 3684 1141 3758 principium,
1175 3699 1284 3756 quo
1321 3698 1520 3756 corpus
1561 3682 1857 3739 inclinatur
1898 3683 1965 3737 ad
2008 3681 2171 3747 hunc,
2204 3679 2292 3736 vel

279 3775 432 3833 illum
459 3776 646 3832 locum
679 3791 692 3829 ε
725 3773 976 3832 similiter
1009 3789 1112 3829 nec
1140 3773 1371 3829 materia
1412 3788 1509 3845 per
1546 3787 1605 3828 se
1648 3769 2010 3834 considerata,
2042 3768 2173 3838 quia
2210 3770 2289 3826 sic

281 3863 611 3935 intelligitur
655 3868 854 3934 praeter
897 3861 1078 3918 omnia
1119 3859 1211 3916 illa
1256 3875 1479 3932 genera,
1511 3866 1571 3916 ut
1614 3859 1816 3916 dicitur
1858 3871 1938 3912 vn
1982 3855 2288 3931 MetathS.

281 3952 440 4014 Unde
483 3957 706 4028 oportet
741 3950 886 4024 quod
913 3949 1146 4012 materia
1159 3948 1477 4026 „secundum
1510 3947 1659 4022 quod
1696 3944 1884 4004 subest
1912 3943 1981 4014 ei,
2011 3961 2106 4019 per
2143 3945 2291 4018 quod
