2800 4492
519 309 640 374 350
993 331 1046 376 s.
1091 329 1322 376 'rueme
1363 315 1691 381 mumma
1731 317 2044 376 causeum

522 445 708 500 multis
713 445 1056 519 ,accipiatut
1085 447 1364 521 proprium
1387 445 1499 516 uni,
1524 462 1743 504 necesse
1767 443 2021 519 estquod
2047 443 2377 516 decipiatur.
2404 445 2531 502 Cer·

414 595 421 602 ‚
521 534 696 590 titudo
718 543 901 591 autem
926 536 1253 592 adliaesionis
1277 545 1382 592 non
1407 545 1491 593 est
1516 537 1733 610 propria
1760 534 1980 593 virtutis
2007 535 2154 592 fidei.
2182 535 2361 591 Primo
2392 535 2530 606 qui-

520 621 664 689 dem,
716 624 845 696 quia
887 625 1140 682 convenit
1187 625 1481 682 virtutibus
1528 623 2001 690 intellectualibus,
2044 628 2174 696 puta
2211 623 2522 696 sapientiae,

521 711 784 776 scientiae‚
817 719 873 767 et
913 707 1231 769 intellectui.
1257 714 1681 787 Secundo,quia
1721 713 1976 770 convenit
2017 727 2124 770 non
2166 711 2342 770 solum
2394 710 2525 768 fl'dei

521 815 685 866 νει-ω,
715 800 808 856 sed
834 802 1001 857 etiam
1034 801 1215 869 falsae3
1247 802 1388 858 sicut
1426 803 1568 858 enim
1595 807 1679 858 est
1714 803 1899 884 opinio
1922 817 2052 859 vera
2088 807 2146 858 et
2172 801 2328 866 falsa,
2358 801 2438 856 ita
2466 806 2541 855 et*

524 887 693 943 fides:
725 904 823 945 nec
850 891 1028 945 minus
1061 890 1287 946 firmiter
1312 889 1543 947 inhaeret
1568 889 1767 963 aliquis
1798 891 2018 949 veritati
2061 905 2225 963 quam
2267 881 2520 956 falsitati,

524 981 584 1030 ut
628 978 978 1051 Philosophus
1015 979 1149 1035 dicit
1195 979 1250 1034 in
1279 995 1362 1035 vn
1404 974 1580 1036 Ethic.
1618 981 1821 1046 Tertio,
1854 980 1983 1052 quia
2022 977 2293 1036 certitudo
2346 977 2527 1034 inhae—

525 1065 691 1121 sionis
718 1082 818 1122 non
850 1083 1063 1139 semper
1084 1068 1332 1141 provenit
1361 1084 1426 1124 ex
1452 1069 1633 1140 aliquo
1658 1068 1877 1136 habitu3
1908 1067 2002 1124 sed
2029 1083 2093 1122 ex
2130 1067 2344 1139 proprio
2369 1065 2541 1122 arbi-·

526 1155 629 1210 trio
654 1155 852 1228 aliquis
877 1162 1051 1228 potest
1081 1172 1360 1213 assensum
1390 1172 1548 1213 suum
1586 1157 1802 1212 firmare
1849 1156 1919 1213 ad
1949 1155 2166 1230 aliquod
2206 1171 2393 1212 verum
2438 1153 2524 1209 vel

525 1242 719 1299 falsum
743 1251 1034 1316 antequam
1078 1244 1272 1302 habeat
1311 1244 1575 1302 habitum.
1604 1241 1829 1314 Quarto,
1863 1245 1991 1318 quia
2033 1243 2303 1301 certitudo
2347 1243 2525 1300 inhae·

525 1333 692 1390 sionis
720 1349 822 1389 non
849 1332 1022 1389 solum
1047 1335 1308 1406 competit
1329 1334 1453 1390 fidei
1475 1335 1739 1402 sor-matre,
1769 1349 1893 1407 qnae
1916 1340 1998 1390 est
2028 1333 2220 1404 virtue,
2237 1334 2333 1393 scd
2355 1334 2525 1392 etiam

526 1421 651 1477 fidei
676 1421 910 1488 informi,
943 1438 1067 1496 quae
1091 1438 1196 1478 non
1225 1428 1307 1478 est
1337 1423 1532 1479 virtuS.
1835 1461 1840 1468 -

596 1510 895 1566 Dicendum
921 1517 1004 1566 est
1025 1527 1174 1582 ergo,
1207 1511 1348 1585 quod
1395 1511 1449 1566 in
1492 1511 1752 1568 haeretico
1790 1511 2061 1568 certitudo
2087 1511 2401 1568 inbaesionis
2440 1520 2527 1570 est

527 1605 682 1656 actus
711 1599 862 1656 falsae
887 1599 1060 1666 fidei,'
1046 1616 1098 1655 in
1122 1599 1266 1657 malo
1291 1609 1474 1658 autem
1503 1599 1773 1657 catholico
1792 1608 1879 1657 est
1910 1606 2067 1657 actus
2090 1600 2217 1657 fidei
2244 1591 2523 1671 inforinis3

527 1692 584 1742 et
610 1687 769 1743 sicin
795 1694 986 1743 neutro
1015 1695 1098 1743 est
1128 1693 1283 1744 actus
1311 1687 1554 1744 virtutis.
2398 1680 2403 1684 ’
2530 1697 2539 1704 ’

596 1773 678 1829 Ad
699 1774 932 1846 primum
961 1787 1090 1845 ergo
1119 1774 1429 1844 dicendum,
1461 1762 1605 1847 quod
1631 1773 1828 1832 divisio
1858 1765 1952 1832 illa
1980 1775 2142 1831 datur
2171 1775 2240 1830 de
2284 1774 2372 1830 his
2398 1783 2539 1848 quae‘

527 1862 737 1916 suntin
776 1861 956 1918 anima
997 1877 1094 1933 per
1137 1863 1354 1918 modum
1395 1863 1645 1936 principii
1685 1871 1861 1920 actus.
1886 1864 2025 1920 Nam
2064 1859 2241 1920 omnis
2276 1864 2525 1937 operatio

529 1948 726 2004 animae
754 1954 848 2005 aut
877 1957 959 2005 est
1001 1957 1067 2004 ex
1097 1950 1279 2024 aliqua
1306 1953 1575 2022 passione,
1611 1957 1703 2008 aut
1748 1967 1815 2008 ex
1856 1950 2039 2024 aliquo
2079 1951 2289 2019 habitu,
2323 1959 2421 2008 aut
2459 1969 2526 2008 ex

527 2053 663 2110 pura
693 2037 955 2110 potentia.
987 2038 1307 2111 Hujusmodi
1346 2044 1528 2096 autem
1559 2041 1829 2096 certitudo
1860 2040 2169 2096 inhaesionis
2210 2055 2318 2096 non
2348 2046 2525 2112 potest

529 2139 648 2180 esse
675 2141 742 2180 ex
770 2126 1040 2198 passione.
1072 2127 1130 2181 ln
1161 2126 1302 2183 malo
1327 2134 1512 2184 autem
1540 2127 1809 2185 catholico
1832 2137 1913 2184 est
1944 2145 2009 2184 ex
2039 2128 2226 2184 habitu
2269 2127 2397 2184 fidei
2440 2129 2527 2183 in·-

531 2212 758 2269 formis:
787 2215 880 2270 sed
920 2215 974 2270 in
1003 2214 1261 2272 haeretico
1289 2217 1482 2274 est-vel
1512 2234 1577 2272 ex
1620 2216 1809 2272 habitu
1854 2215 2122 2288 perverso
2148 2217 2293 2282 fidei,
2328 2217 2415 2272 vel
2460 2233 2526 2274 ex

530 2318 662 2375 pura
691 2304 951 2378 potentia,
981 2304 1122 2360 sicut
1147 2305 1200 2360 in
1235 2305 1503 2378 principio
1533 2311 1824 2379 antequam
1851 2304 2096 2361 habitum
2134 2305 2522 2377 acquisiverim

529 2407 632 2447 non
658 2392 800 2448 enim
833 2400 1008 2465 potest
1033 2394 1138 2450 dici
1167 2395 1311 2467 quod
1333 2409 1589 2467 perversa
1616 2394 1750 2450 [ides
1773 2395 1847 2449 sit
1872 2393 2087 2450 habitus
2114 2393 2343 2450 infusus.
2368 2394 2524 2464 Quod

529 2490 712 2539 autern
741 2482 960 2550 dicitur,
993 2483 1136 2556 quod
1171 2484 1429 2556 potentiis
1456 2498 1561 2539 non
1592 2498 1863 2539 meremur
1888 2483 2063 2556 neque
2092 2483 2455 2550 demeremur,
2478 2482 2533 2538 si'

529 2573 608 2626 sic
638 2571 969 2643 intelligatur
1011 2572 1155 2645 quod
1201 2588 1304 2651 non
1346 2589 1620 2651 meremur
1660 2589 1835 2645 neque
1881 2573 2221 2628 demeremur
2262 2573 2367 2628 lioc
2408 2573 2527 2644 ipso

455 2662 461 2668 '
531 2661 672 2733 quod
718 2661 975 2716 habemus
1013 2662 1303 2732 potentias,
1347 2678 1533 2718 verum
1576 2670 1706 2718 est:
1750 2662 1795 2718 si
1841 2670 2023 2719 autem
2061 2662 2141 2718 sic
2188 2660 2525 2734 intelligatur

533 2747 672 2820 quod
721 2732 854 2821 pura
898 2749 1139 2819 potentia
1183 2764 1288 2803 non
1328 2741 1503 2822 possit
1540 2744 1659 2804 esse
1697 2749 2019 2821 principium
2062 2749 2304 2804 merendi
2350 2765 2525 2821 neque

529 2831 858 2902 demerendi,
892 2839 1076 2890 verum
1103 2843 1184 2891 est
1213 2845 1479 2909 quantum
1507 2837 1577 2893 ad
1602 2838 1872 2904 meritum,
1887 2838 2030 2909 quod
2058 2854 2161 2892 non
2191 2844 2376 2910 potest
2404 2853 2525 2894 esse

530 2924 646 2978 sine
668 2925 877 2994 gratia3
911 2939 1013 2979 non
1053 2929 1135 2980 est
1164 2931 1346 2980 autem
1380 2940 1567 2980 verum
1594 2932 1859 2997 quantum
1896 2925 1965 2980 ad
1994 2924 2223 2981 demerit
2230 2941 2349 2992 um3
2384 2924 2525 2981 alio-

529 3013 657 3083 quin
683 3012 772 3068 ille
799 3013 892 3086 qui
922 3029 952 3069 a
978 3013 1240 3086 principio
1263 3019 1469 3085 peccat,
1487 3019 1779 3087 antequam
1809 3010 2057 3087 acquirat
2082 3011 2326 3069 habitum
2346 3007 2531 3074 vitio-'

527 3117 665 3170 sum,
699 3117 803 3157 non
833 3101 1161 3158 demeretur.

584 3190 675 3244 Ad
697 3189 993 3245 secundum
1026 3190 1335 3258 dicendum,
1369 3192 1513 3264 quod
1562 3191 1757 3266 aliquis
1797 3195 1977 3265 potest
2010 3205 2171 3264 agere
2218 3196 2519 3250 secundum

526 3275 932 3332 similitudinem
962 3278 1191 3349 alicujus
1216 3279 1506 3351 dupliciter
1536 3299 1548 3334 :
1580 3296 1687 3336 uno
1722 3281 1883 3337 modo
1920 3282 2219 3337 secundum
2258 3283 2526 3339 similitu·-⁵

526 3363 705 3418 dinem
740 3379 942 3429 veram,
975 3373 1029 3421 et
1066 3367 1145 3421 sic
1191 3382 1316 3423 vere
1360 3368 1473 3438 agit
1512 3368 1821 3440 aliqualiter
1863 3371 1918 3424 in
1965 3363 2168 3424 virtu'te
2208 3369 2381 3438 illius;
2414 3371 2523 3426 alio

524 3450 683 3507 modo
708 3453 1006 3508 secundum
1045 3449 1455 3510 similitudinem
1492 3465 1865 3528 apparentem,
1895 3464 1949 3511 et
1987 3457 2067 3512 sic
2108 3451 2222 3528 a‘git
2262 3459 2313 3512 in
2346 3473 2521 3530 appa-

467 3569 470 3574 ·
523 3541 697 3597 rentia
726 3540 943 3597 virtutis
972 3539 1146 3609 illius;
1173 3551 1226 3598 et
1252 3543 1328 3598 ita
1357 3551 1441 3599 est
1467 3540 1521 3598 iu
1551 3546 1853 3617 proposito;
1885 3545 2024 3601 unde
2051 3546 2103 3600 in
2127 3545 2387 3602 haeretico
2412 3550 2523 3602 cer·

524 3629 699 3685 titudo
725 3630 1049 3687 adhaesionis
1070 3639 1156 3688 >est
1177 3638 1333 3688 actus
1358 3633 1482 3688 fidei
1509 3635 1838 3705 apparentis„
1870 3649 1975 3689 non
1999 3641 2182 3690 autem
2205 3635 2329 3689 fidei
2353 3625 2518 3692 verae.

591 3719 674 3774 Ad
706 3721 925 3776 tertium
949 3720 1257 3789 dicendum,
1288 3722 1432 3794 quod
1460 3721 1601 3777 sicut
1632 3714 1701 3778 ex
1728 3722 1832 3778 fide
1856 3738 1982 3778 vera
2026 3723 2297 3793 dependet
2342 3724 2527 3778 firmi-1

529 3814 614 3860 tas
636 3808 932 3876 spiritualis
971 3809 1207 3878 aedificii,
1242 3811 1318 3866 ita
1347 3811 1515 3866 etiam
1551 3827 1617 3866 ex
1671 3811 1774 3868 fido
1815 3811 1949 3868 salsa
1992 3807 2239 3884 procedit
2288 3811 2521 3870 firmitas

527 3891 1043 3954 diabolici'aedificii.
