2800 4492
564 357 686 421 476
1041 345 1098 421 ε’.
1137 370 1375 421 mona
1414 368 1745 423 mutuum
1786 334 2095 417 opuseum

637 491 946 551 Secundum
964 490 1334 559 concedimus,
1357 486 1488 565 quia
1508 470 1814 563 exemplum
1834 488 1965 545 illud
1988 504 2095 545 non
2113 495 2199 546 est
2219 486 2589 546 conveniens.

639 580 723 637 Ad
763 581 986 639 tertium
1025 580 1335 649 dicendum,
1385 577 1531 651 quod
1571 578 1815 650 potentia
1857 577 2193 635 intellectiva
2230 578 2424 651 Angeli
2472 594 2591 639 non

571 670 896 728 terminatur
917 668 988 725 ad
1015 668 1153 724 duos
1181 676 1337 724 aetus
1360 666 1661 725 secundum
1686 666 1850 735 idem,
1881 666 1979 725 sed
2003 667 2305 725 secundum
2331 667 2590 731 diversas

569 760 799 832 speeies,
831 758 1031 833 quibus
1056 756 1126 814 ad
1156 764 1340 813 actum
1366 758 1672 813 ordinatur.
1760 813 1763 815 ,

639 848 722 905 Ad
765 856 1022 920 quartum
1063 844 1374 911 dicendum,
1421 843 1569 919 quod
1612 844 1755 902 inter
1794 850 1980 903 actum
2024 849 2083 901 et
2126 843 2405 919 objectum
2445 846 2582 905 nihil

570 935 719 993 cadit
749 936 1016 1004 medium3
1042 934 1186 992 sieut
1213 935 1425 1006 species
1451 932 1601 992 cadit
1629 932 1812 991 media
1838 934 1981 999 inter
2011 932 2349 992 intellectum
2376 942 2433 993 et
2462 936 2585 1007 ejus

572 1032 757 1081 actum
785 1038 800 1081 ε
829 1024 972 1082 uude
1003 1039 1108 1081 nou
1135 1030 1220 1080 est
1247 1021 1447 1080 simile.

1232 1253 1692 1317 ARTICULUS
1745 1253 1919 1316 V111.

592 1404 810 1471 Utrum
849 1402 1124 1487 Anqelus
1157 1404 1443 1467 meruerit
1479 1420 1652 1466 suam
1698 1402 2141 1467 beatitudinem
2174 1436 2257 1450 —
2294 1402 2357 1484 (l
2384 1408 2573 1484 part„

751 1498 962 1577 quast.
994 1493 1098 1569 62,
1127 1496 1250 1557 art.
1281 1495 1352 1569 43
1386 1497 1443 1555 et
1469 1492 1531 1565 2,
1560 1492 1703 1555 dist.
1736 1492 1798 1567 5,
1824 1496 2039 1571 qua-st.
2069 1492 2131 1567 2,
2162 1496 2292 1555 art.
2320 1492 2412 1572 3).

648 1644 804 1702 Circa
851 1643 1074 1700 tertium
1115 1642 1196 1699 sie
1255 1640 1587 1713 proceditur.
1638 1642 1691 1696 l.
1736 1640 1965 1696 Videtur
2008 1640 2155 1713 quod
2199 1641 2443 1713 Angelus
2481 1659 2579 1697 non

577 1733 841 1789 meruerit
877 1747 1034 1789 suam
1074 1730 1491 1787 beatitudinem.
1521 1728 1678 1799 Quod
1707 1730 1853 1785 enim
1889 1735 1973 1785 est
2000 1728 2241 1793 beatum,
2283 1731 2578 1802 perfeetum

577 1828 692 1885 est;
722 1820 867 1893 quod
898 1826 1080 1876 autem
1108 1826 1365 1881 meretur,
1396 1825 1482 1873 est
1511 1818 1691 1875 adhue
1715 1817 2112 1891 imperfectum.
2136 1818 2246 1874 Sed
2274 1834 2386 1873 non
2410 1827 2581 1893 potest

577 1907 724 1962 idem
758 1922 879 1961 esse
903 1905 1066 1962 simul
1096 1906 1396 1977 perfectum
1425 1911 1482 1961 et
1508 1896 1907 1978 imperfectum.
1950 1906 2090 1979 Ergo
2116 1921 2225 1961 non
2266 1914 2451 1981 potest
2474 1911 2583 1965 An-

579 1993 734 2067 gelus
761 1995 952 2050 mereri
985 1992 1381 2049 beatitudinem
1412 1994 1542 2049 dum
1572 1992 1734 2049 habet
1759 2008 1903 2050 eam.

651 2087 704 2140 2.
749 2083 1040 2147 Praeterea,
1073 2080 1312 2153 Angelus
1340 2080 1535 2137 beatus
1578 2090 1663 2139 est
1704 2082 2151 2155 comprehensor-3
2196 2082 2381 2139 nullus
2408 2090 2584 2141 autem

580 2177 824 2225 meretur
852 2170 954 2225 nisi
979 2170 1176 2225 viator.
1207 2170 1261 2226 Si
1284 2168 1520 2237 dicatur,
1552 2169 1697 2243 quod
1722 2170 1777 2225 in
1802 2169 1979 2243 primo
2008 2170 2233 2227 instanti
2260 2188 2373 2243 quo
2398 2172 2586 2229 beatus

581 2259 684 2314 fuit
710 2258 966 2329 AngeluS,
998 2258 1392 2314 beatitudinem
1426 2257 1657 2327 meruit;
1686 2265 1897 2315 contra.
1930 2258 2072 2331 Ergo
2095 2259 2253 2315 simul
2282 2260 2389 2316 fuit
2419 2264 2587 2319 viator

533 2405 538 2409 ,
583 2355 640 2402 et
667 2345 1117 2418 comprehensum
1149 2346 1295 2419 quod
1329 2346 1527 2403 falsum
1548 2353 1652 2412 est,
1684 2361 1811 2402 cum
1835 2346 1935 2402 hoc
1959 2348 2032 2402 sit
2051 2346 2222 2403 solius
2242 2348 2470 2405 Christi.

656 2439 710 2491 3.
767 2436 1059 2501 Praeterea,
1105 2432 1409 2500 beatitudo,
1468 2435 1765 2491 secundum
1820 2434 2201 2507 Philosophum
2258 2439 2345 2508 (lo
2388 2438 2585 2506 Ethie„

583 2538 784 2580 comm.
833 2525 940 2594 ⁴0),
987 2523 1044 2579 in
1082 2522 1516 2589 actu-consistit,
1567 2523 1663 2579 sed
1695 2522 1749 2577 in
1778 2528 1903 2579 actu
1945 2524 2216 2595 perfecto;
2242 2531 2301 2580 et
2341 2526 2591 2583 similiter

583 2612 843 2668 meritum
884 2612 939 2667 in
990 2620 1118 2667 actu
1153 2611 1249 2668 sed
1298 2609 1640 2684 imperfecto.
1680 2610 1803 2667 Non
1838 2616 2023 2667 autem
2065 2613 2243 2685 potuit
2286 2629 2410 2670 esse
2448 2615 2589 2687 quod

586 2708 744 2756 aetus
763 2698 953 2771 Angeli
978 2697 1139 2754 simul
1163 2705 1309 2755 esset
1335 2699 1611 2771 perfectus
1630 2694 1689 2755 'et
1717 2699 2086 2772 imperfectus.
2110 2700 2253 2773 Ergo
2282 2718 2392 2760 non
2418 2704 2592 2776 potuit

585 2802 706 2843 esse
733 2787 881 2859 quod
910 2786 1241 2863 simul-esset
1268 2786 1463 2844 beatus
1489 2793 1547 2843 et
1572 2787 1963 2843 beatitudinem
1994 2790 2273 2847 meruerit.

656 2874 761 2931 Sed
802 2879 1012 2937 eontra,
1054 2874 1340 2930 beatitudo
1375 2890 1409 2931 a
1448 2875 1598 2933 nulla
1626 2893 1760 2949 pura
1788 2883 2039 2933 creatura
2069 2876 2303 2934 habetur
2326 2878 2449 2935 siue
2477 2895 2593 2936 me-

585 2961 715 3031 rito,
759 2974 886 3019 cum
920 2959 1121 3017 habeat
1148 2961 1358 3033 praemii
1386 2962 1675 3018 rationem.
1704 2964 1809 3020 Sed
1839 2964 2075 3035 Angelus
2112 2980 2218 3021 non
2262 2966 2443 3039 potuit
2476 2984 2593 3023 eam

587 3050 784 3107 mereri
809 3049 912 3107 nisi
943 3048 996 3105 in
1023 3050 1201 3122 primo
1225 3048 1452 3105 instanti
1476 3065 1585 3121 quo
1610 3050 1805 3109 beatus
1825 3051 1947 3119 suit,
1970 3053 2101 3126 quia
2124 3061 2251 3111 ante
2276 3070 2383 3111 non
2410 3055 2594 3111 habuit

587 3140 844 3211 gratiam,
889 3146 950 3194 ut
997 3138 1224 3212 quidam
1263 3145 1489 3211 ponunt,
1532 3145 1590 3194 et
1630 3140 1711 3195 sie
1748 3138 1948 3197 mereri
1991 3156 2096 3197 nou
2127 3142 2323 3215 potuit.
2354 3144 2503 3216 Ergo
2544 3145 2593 3199 in

587 3228 766 3300 primo
796 3227 1023 3282 instanti
1047 3243 1162 3284 suae
1186 3226 1542 3289 beatitudinis
1562 3242 1684 3284 eam
1713 3230 1929 3285 meruit.

659 3314 981 3386 Respondeo
1025 3315 1336 3384 dicendum,
1381 3316 1532 3389 quod
1576 3316 1645 3373 de
1685 3318 1998 3374 conditione
2034 3318 2227 3391 A'ngeli
2280 3321 2481 3395 triplex
2515 3328 2593 3378 est

591 3400 812 3476 positio,
1912 3468 1916 3473 ,

663 3490 898 3563 Quidam
935 3491 1078 3547 enim
1109 3500 1429 3561 posuerunt,
1474 3492 1619 3565 quod
1662 3494 1901 3567 Angelus
1937 3494 1993 3551 in
2030 3495 2206 3567 primo
2230 3496 2455 3554 instanti
2484 3513 2593 3555 suae

591 3581 886 3638 creationis
918 3579 1022 3636 fuit
1057 3579 1271 3637 beatus.
1315 3580 1422 3637 Sed
1468 3580 1570 3637 hoo
1596 3582 1816 3639 videtur
1852 3584 2271 3654 inconveniens;
2316 3586 2447 3659 quia
2483 3587 2591 3659 pari

592 3670 807 3728 ratione
836 3668 927 3726 alii
958 3684 988 3726 a
1017 3669 1194 3743 primo
1225 3669 1450 3725 instanti
1483 3668 1713 3728 fuissent
1742 3672 1924 3728 miseri
1956 3688 1973 3729 ,z
2004 3673 2148 3745 quod
2178 3675 2347 3731 etiam
2374 3675 2595 3749 quidam

591 3759 801 3827 dieunt,
829 3758 925 3815 sed
950 3759 1246 3815 absurdum
1275 3766 1361 3814 est
1389 3766 1447 3814 et
1474 3760 1916 3817 condemnatum.

663 3848 772 3904 Alii
794 3863 925 3905 vero
957 3849 1168 3913 dicunt,
1191 3841 1346 3922 'quod
1371 3846 1589 3905 fuerunt
1613 3850 1820 3906 conditi
1850 3852 1905 3908 in
1937 3851 2115 3923 gratia
2139 3867 2354 3924 omnes,
2377 3860 2433 3911 et
2451 3852 2507 3909 in
2534 3868 2597 3911 ea

594 3933 820 4008 quidam
857 3940 1239 4009 persever-eant
1279 3935 1679 3995 beatitudinem
1740 3948 2076 4010 meruerunt,
2106 3939 2201 3998 alii
2248 3957 2381 4001 vero
2407 3940 2597 4001 contra
