2800 4492
767 339 877 383 xit.
911 354 986 367 —
1017 340 1442 390 ouonmsnwu
1486 343 1779 394 ausurum
1824 369 1827 374 -
2152 330 2275 392 285

331 454 425 508 46.
456 453 750 521 Praeterea,
779 453 1078 526 Gregorius
1117 455 1252 512 dicit
1280 456 1335 512 in
1365 458 1501 515 Mor.
1531 473 1545 513 t
1575 458 1704 516 Post
1738 459 1852 516 Lice
1892 462 2164 534 amplexus
2203 462 2276 519 ad

258 539 546 597 Rachelem
571 542 728 598 Jacob
749 543 1016 616 pervenit,
1044 544 1172 617 quia
1199 545 1469 618 perfectus
1506 547 1719 622 quisque
1765 555 1889 604 ante
1932 550 2117 608 activae
2139 551 2266 607 vitoe

261 630 335 685 ad
357 630 743 702 fecunditatem
757 627 1036 705 jungitur,
1059 640 1238 706 etpost
1265 637 1681 709 contemplativae
1702 637 1772 692 ad
1794 637 2026 710 requiem
2051 631 2274 710 copula-

264 723 382 776 tur.
409 718 517 774 Sed
540 720 723 775 activa
745 719 863 777 vita
889 719 1154 802 consistit·
1179 722 1233 778 in
1261 723 1611 780 observantia
1642 733 2061 798 praeceptorum,
2092 709 2273 784 status

263 813 452 863 autem
494 807 774 878 religionis
820 809 1056 882 pertinet
1102 809 1172 866 ad
1211 811 1382 868 vitam
1425 812 1929 885 contemplativam.
1976 815 2116 886 Ergo
2164 829 2273 871 non

265 904 394 952 sunt
421 895 594 970 aliqui
619 896 688 953 ad
713 895 1032 970 religionem
1074 898 1366 970 inducendi
1406 909 1701 978 antequam
1744 901 1855 959 sint
1893 903 1949 959 in
1982 904 2272 977 praeceptis

266 985 578 1042 exercitati.

337 1073 426 1128 47.
457 1073 748 1141 Praeterea,
779 1074 929 1132 nulla
953 1077 1242 1148 promissio
1266 1083 1350 1136 est
1379 1077 1629 1154 facienda
1651 1080 1809 1152 cujus
1831 1079 2028 1138 solutio
2057 1097 2163 1138 non
2189 1090 2273 1140 est

268 1159 441 1217 licita.
461 1161 566 1217 Sed
603 1161 1066 1236 solvere-aliquid
1109 1164 1272 1222 alicui
1312 1182 1411 1238 pro
1450 1168 1695 1239 ingressu
1728 1166 2007 1239 religionis
2040 1185 2149 1226 non
2187 1176 2271 1225 est

269 1247 508 1319 licilum;
530 1250 673 1306 unde
697 1243 899 1308 dicitur
926 1259 1183 1325 1,quaest.
1212 1258 1243 1312 2
1271 1255 1412 1328 (cap.
1444 1253 1614 1322 Οιιατη
1635 1255 1747 1328 pie)
1775 1273 1787 1310 ε
1819 1255 2110 1327 Nunquam
2135 1257 2272 1332 leqi-

267 1353 378 1392 mus
406 1338 579 1395 Deam
603 1339 910 1411 discipulos,
931 1342 1012 1397 vel
1043 1358 1224 1398 eorum
1259 1341 1562 1399 ministerio
1585 1358 1855 1398 conversos
1878 1345 2173 1416 quempiam
2201 1345 2273 1401 ad

269 1426 368 1484 Dei
404 1427 604 1484 cultum
642 1428 820 1500 aliquo
857 1431 1098 1485 muneris
1138 1429 1444 1487 interventu
1468 1448 1794 1504 provocasse.
1825 1431 1967 1504 Ergo
1994 1448 2101 1487 non
2145 1441 2273 1492 sunt

268 1515 438 1590 aliqui
468 1516 917 1589 promissionibus
945 1519 1014 1574 ad
1039 1519 1356 1590 religionem
1384 1519 1681 1578 alliciendi.

334 1606 425 1662 ⁴8.
452 1605 742 1674 Praeterea,
772 1606 951 1663 nullus
995 1608 1086 1681 qui
1127 1623 1232 1663 non
1271 1615 1354 1666 est
1396 1610 1729 1666 exercitatus
1759 1610 1813 1666 in
1850 1611 2038 1677 armis,
2070 1625 2273 1667 secun-

267 1691 395 1749 dum
421 1692 569 1764 leges
604 1701 686 1750 est
712 1694 1085 1751 admittendus
1132 1697 1200 1752 ad
1247 1695 1501 1779 militiam
1539 1697 1899 1772 corporalem.
1928 1699 2036 1756 Sed
2080 1699 2271 1770 religio

268 1792 349 1838 est
373 1788 552 1838 status
575 1782 788 1841 militiae
823 1784 1142 1856 spiritualis.
1169 1785 1312 1858 Ergo
1340 1794 1469 1843 sunt
1497 1786 1667 1860 aliqui
1715 1787 2011 1860 recipiendi
2042 1786 2109 1844 ad
2142 1787 2273 1844 reli-

268 1873 504 1945 gionem,
532 1872 634 1928 nisi
659 1873 810 1944 prius
829 1873 1115 1932 exercitati
1140 1874 1196 1931 in
1215 1877 1507 1950 praeceptis
1535 1876 1693 1951 quasi
1719 1876 1774 1932 in
1800 1875 2125 1949 quibusdam
2156 1877 2273 1951 spi-

269 1960 554 2020 ritualibus
583 1961 769 2018 armis·

333 2053 423 2108 ⁴9.
455 2052 748 2131 Praeterea,
780 2052 874 2127 qui
904 2068 1011 2109 non
1046 2059 1229 2126 potest
1257 2069 1316 2110 se
1345 2053 1587 2127 obligare
1617 2055 1685 2130 ad
1717 2045 1913 2124 minue,
1949 2071 2053 2111 non
2093 2061 2271 2129 potest

267 2155 324 2198 se
346 2139 590 2212 obligare
617 2142 684 2197 ad
713 2142 908 2214 majuS,
927 2142 1032 2198 nisi
1057 2143 1131 2198 sit
1145 2144 1535 2201 necessarium.
1558 2143 1662 2202 Sed
1687 2157 1823 2216 puer
1846 2149 1975 2200 ante
1998 2144 2272 2202 decimum

267 2235 522 2303 quartum
559 2245 760 2287 annum
808 2247 913 2288 non
955 2237 1138 2303 potest
1173 2246 1233 2288 se
1274 2232 1519 2304 obligare
1560 2231 1630 2290 ad
1668 2232 2094 2302 matrimonium,
2125 2232 2271 2306 quod
2356 2279 2369 2290 .

149 2359 160 2370 .
267 2319 445 2378 minus
469 2326 573 2374 est.
604 2319 745 2390 Ergo
770 2319 941 2376 multo
971 2320 1147 2375 minus
1171 2318 1240 2376 ad
1270 2319 1607 2393 religionem.

333 2411 421 2466 20.
467 2409 756 2474 Praeterea,
799 2407 998 2480 legitur
1043 2409 1208 2483 Marci
1254 2425 1308 2476 v,
1360 2407 1508 2482 quod
1559 2407 1823 2466 Dominus
1874 2408 2270 2468 daemoniacum

265 2503 518 2554 curatum
543 2511 651 2552 non
675 2497 920 2569 permisit
941 2511 1128 2573 secum
1158 2496 1364 2554 intrare
1385 2495 1589 2566 navim,
1613 2511 1739 2570 quae
1756 2496 2030 2568 significat
2054 2511 2273 2554 crucem

266 2593 319 2642 et
347 2585 688 2658 religionem.
721 2586 820 2641 Per
847 2585 1248 2642 daemoniacum
1271 2590 1458 2642 autem
1485 2594 1738 2642 curatum
1774 2585 2061 2656 signantur
2088 2584 2294 2642 homi-'

265 2690 360 2732 nes
385 2691 417 2731 a
445 2674 690 2748 peccatis
725 2674 994 2730 conversi.
1026 2675 1167 2747 Ergo
1205 2689 1311 2730 non
1349 2678 1477 2730 sunt
1505 2674 1576 2731 ad
1619 2673 1935 2746 religionem
1968 2673 2272 2747 accipiendi

266 2769 584 2839 peccatores
611 2763 801 2820 statim
827 2763 1093 2830 conversi,
1124 2768 1421 2838 antequam
1451 2763 1509 2820 in
1548 2763 1839 2836 praeceptis
1880 2763 2271 2823 exercitentur.

335 2853 393 2909 24
410 2892 424 2907 .
452 2854 723 2908 Praeterea
751 2850 1017 2907 bonorum
1045 2865 1268 2924 operum
1293 2850 1507 2909 fructus
1528 2850 1729 2908 habere
1752 2849 2272 2924 debemuS‚quando

264 2941 332 2998 de
351 2941 592 3014 AEgypto
620 2940 850 3009 eximus,
883 2948 944 2995 ut
969 2939 1103 2996 dicit
1131 2939 1384 3013 quaedam
1417 2939 1611 2997 Glossa
1637 2939 1809 2996 Exod.
1838 2953 1947 2996 xn.
1971 2939 2079 2996 Sed
2123 2940 2274 2995 exire

265 3032 332 3087 de
363 3031 604 3103 AEgypto
631 3036 716 3085 est
744 3028 894 3085 exire
923 3027 992 3084 de
1015 3029 1217 3085 mundo
1252 3028 1568 3100 religionem
1598 3026 1873 3085 intranda.
1902 3027 2046 3100 Ergo
2070 3026 2147 3082 illi
2176 3029 2271 3100 qui

264 3119 456 3178 volunt
483 3118 800 3190 religionem
828 3118 1051 3185 intrare,
1082 3117 1282 3174 debent
1311 3117 1463 3190 prius
1488 3116 1727 3174 fructum
1753 3113 2019 3174 bonorum
2047 3129 2273 3188 operum

265 3208 468 3266 habere
493 3223 591 3281 per
617 3206 1019 3264 observantiam
1049 3213 1469 3280 praeceptorum.

335 3302 426 3356 22.
458 3297 750 3365 Praeterea,
783 3294 1121 3368 Augustinus
1153 3295 1308 3363 dicit,
1341 3295 1396 3351 in
1422 3291 1545 3350 libr.
1575 3293 1645 3349 de
1681 3293 1941 3351 Sermone
1968 3293 2185 3350 Domini
2216 3294 2271 3352 in

267 3394 472 3453 monte,
499 3385 647 3460 quod
691 3384 868 3442 omnis
908 3382 1266 3458 praesumptio
1289 3389 1373 3440 εει
1416 3379 1739 3440 coercenda.
1767 3382 1875 3440 Sed
1900 3397 2097 3456 magna
2121 3400 2275 3458 prae-

267 3475 508 3550 sumptio
531 3475 750 3531 videtur
777 3489 897 3530 esse
925 3473 1070 3547 quod
1101 3471 1301 3546 aliquis
1323 3471 1459 3529 velit
1489 3471 1783 3530 ascendere
1812 3471 1880 3528 ad
1911 3486 2092 3530 arcem
2134 3487 2273 3529 con-

265 3565 534 3630 siliorum,
555 3563 795 3620 nondum
815 3562 1119 3620 observatis
1147 3561 1457 3634 praeceptis.
1475 3559 1617 3634 Ergo
1643 3560 1783 3618 tales
1810 3565 1938 3618 sunt
1961 3559 2269 3628 coercendi,

269 3659 324 3710 et
345 3669 453 3711 non
481 3652 756 3710 alliciendi
784 3651 854 3708 ad
882 3651 1160 3722 religionis
1185 3651 1513 3722 ingressum.

338 3747 429 3802 23.
460 3743 751 3807 Praeterea,
783 3740 1121 3813 Augustinus
1148 3739 1283 3797 dicit
1303 3741 1358 3797 in
1386 3739 1580 3797 eodem
1608 3739 1703 3796 lib.
1730 3739 2115 3822 quod‚.majora
2148 3751 2276 3793 ma·

264 3831 494 3903 juribus,
525 3838 582 3886 et
624 3831 833 3888 minora
873 3828 1172 3886 minoribus
1212 3837 1340 3884 sunt
1380 3826 1704 3884 exhibenda.
1733 3826 1841 3884 Sed
1877 3825 2103 3882 consilia
2144 3832 2272 3886 sunt

274 3922 500 3994 majora.
522 3919 665 3992 Ergo
694 3934 801 3976 non
828 3928 956 3976 sunt
977 3917 1161 3992 pueris
1188 3917 1565 3976 inexercitatis
1583 3913 1915 3987 exhibenda3
1936 3921 1993 3972 et
2015 3915 2091 3972 ita
2119 3915 2273 3989 pueri
