2800 4492
636 395 717 456 68
1092 413 1165 457 -s.
1211 412 1444 455 ‘rnonAE
1486 409 1811 459 AQUINATIS
1855 369 2164 453 opuscum't

634 528 748 595 illa,
779 546 886 586 non
905 530 1010 585 erit
1032 527 1140 587 alia
1165 528 1326 594 ratio,
1359 525 1461 583 nisi
1504 526 1635 599 quia
1664 532 1747 581 est
1772 525 1825 579 in
1856 524 1963 581 alia
1992 525 2222 581 materia
2262 525 2506 597 signata.
2539 527 2647 582 Nec

615 616 909 673 invenitur
962 616 1069 675 alia
1106 616 1268 683 ratic,
1294 630 1465 689 quare
1510 614 1629 670 haec
1676 612 1905 669 materia
1948 613 2021 669 sit
2064 612 2239 669 divisa
2282 613 2353 669 ab
2394 613 2512 681 illa,
2548 615 2646 669 nisi

637 704 862 771 propter
881 701 1280 772 quantitatem:
1323 711 1379 760 et
1393 699 1527 759 ideo
1554 702 1789 759 materia
1812 700 2059 773 subjecta
2084 702 2411 759 dimensioni
2443 703 2646 759 intelli-

637 788 788 858 gitur
805 804 927 845 esse
949 790 1280 863 principium
1314 792 1477 865 hujus
1504 791 1865 848 diversitatis·

702 881 788 939 Ad
816 883 1070 956 quintum
1096 883 1411 949 dicendum5
1440 881 1585 955 quod
1627 880 1767 937 ratio
1810 880 1903 936 illa
1929 880 2177 952 procedit
2219 880 2289 937 de
2340 883 2647 939 accidenti-

613 969 736 1027 ·bus
765 972 1068 1045 completis,
1101 987 1225 1046 quae
1249 978 1556 1044 sequuntur
1576 984 1697 1025 esse
1722 968 1913 1025 formae
1941 969 1995 1023 in
2020 970 2255 1027 materia
2284 986 2297 1025 ε
2322 985 2433 1026 non
2462 980 2647 1029 autem

631 1059 702 1115 de
729 1059 1158 1118 dimensionibus
1187 1059 1574 1128 interminati8‚
1605 1059 1733 1129 quae
1760 1056 2254 1129 praeintelliguntur
2294 1067 2425 1115 ante
2472 1059 2649 1131 ipsam

631 1146 866 1205 formam
894 1148 949 1205 in
975 1140 1470 1206 materia.Sinehls
1498 1146 1644 1203 enim
1670 1161 1781 1203 non
1806 1153 1985 1219 potest
2014 1146 2241 1218 intelligi
2276 1146 2644 1217 individuum,

635 1234 779 1291 sicut
805 1251 909 1292 nec
933 1237 1050 1292 sine
1076 1236 1269 1293 forma.
1598 1274 1606 1281 -

702 1322 790 1377 Ad
821 1330 1046 1379 sextum
1070 1321 1382 1389 dicendum,
1412 1322 1559 1395 quod
1599 1336 1857 1377 numerus
1898 1320 2199 1379 formaliter
2236 1320 2533 1395 loquendo,
2568 1329 2649 1379 est

635 1410 788 1483 prius
809 1426 976 1485 quam
1010 1413 1292 1485 quantitas
1315 1410 1574 1467 continua
1608 1427 1627 1465 2
1652 1411 1749 1467 sed
1790 1410 2150 1467 materialiter
2197 1412 2479 1482 quantitas
2510 1427 2651 1467 con-

633 1497 789 1557 tinua
816 1506 900 1555 est
923 1500 1090 1573 prior,
1123 1516 1250 1557 cum
1291 1514 1553 1556 numerus
1579 1514 1646 1554 ex
1684 1498 1952 1555 divisione
1994 1498 2236 1555 continui
2280 1500 2661 1573 relinquatur„

636 1594 702 1643 ut
721 1589 924 1645 dicitur
953 1606 1012 1646 ιν
1036 1590 1254 1663 Physi.;
1287 1594 1341 1645 et
1367 1588 1667 1645 secundum
1694 1586 1835 1643 hanc
1863 1586 2009 1644 viam
2037 1594 2229 1645 causat
2265 1589 2647 1647 diversitatem

631 1676 932 1733 secundum
963 1692 1251 1733 numerum
1277 1674 1476 1735 divisio
1508 1676 1755 1733 materiae
1782 1678 2082 1733 secundum
2110 1676 2430 1734 divisiones·

701 1764 786 1819 Ad
812 1752 1054 1821 rationes
1080 1765 1134 1821 in
1167 1766 1503 1821 contrarium
1527 1772 1680 1839 patet
1716 1765 1961 1838 qualiter
2000 1773 2127 1822 sunt
2172 1768 2562 1837 concedendae,
2596 1774 2648 1826 et

635 1851 873 1923 qualiter
901 1852 1098 1911 falsum
1122 1854 1475 1913 concludunt.

1330 2072 1789 2153 ART10ULUS‘
1831 2088 1941 2151 111.

724 2236 945 2313 Utrum
968 2241 1088 2308 duo
1117 2257 1370 2325 corpora
1391 2242 1626 2393 possioczzt
1648 2259 1787 2393 essle,
1814 2241 1907 2305 vel
1938 2240 2206 2321 intelliyi
2232 2242 2425 2307 simul
2450 2262 2577 2311 esse

1406 2345 1475 2395 wi
1498 2348 1558 2395 eo
1605 2348 1691 2395 em
1748 2348 1870 2393 000.

704 2487 789 2547 Ad
809 2488 1034 2545 tertium
1049 2476 1137 2543 sic
1163 2474 1500 2559 proceditur.
1533 2485 1587 2538 l.
1618 2482 1845 2539 Videtur
1868 2481 2015 2556 quod
2039 2482 2148 2539 duo
2175 2498 2407 2556 corpora
2428 2489 2651 2559 -possint

635 2578 865 2649 intelligi
891 2576 1053 2633 simul
1080 2590 1198 2631 esse
1228 2576 1283 2630 in
1312 2574 1504 2631 eodem
1542 2572 1681 2629 loco,
1714 2572 1904 2628 Omnis
1927 2571 2071 2627 enim
2100 2574 2403 2645 propositio
2432 2575 2653 2633 videtur

633 2683 754 2722 esse
783 2663 1158 2735 intelligibilis,
1182 2663 1238 2716 in
1263 2664 1421 2732 cnjus
1442 2660 1689 2731 subJecto
1711 2676 1817 2715 non
1840 2658 2137 2715 includitur
2164 2664 2477 2734 oppositum
2498 2684 2654 2737 prae-

633 2736 824 2817 dicati,
840 2750 969 2822 quia
991 2749 1117 2805 talis
1133 2748 1433 2820 propositio
1458 2761 1565 2801 non
1592 2746 1756 2801 habet
1785 2748 2203 2818 repugnantiam
2230 2750 2652 2812 intellectuumz

634 2840 731 2897 sed
754 2840 874 2896 haec
899 2836 1230 2911 propositio:
1257 2836 1378 2892 Duo
1406 2850 1635 2907 corpora
1658 2840 1787 2893 sunt
1816 2835 1872 2889 in
1900 2834 2093 2890 eodem
2123 2835 2263 2905 loce,
2296 2856 2406 2897 non
2430 2849 2515 2899 est
2541 2845 2657 2900 hu-

629 2927 900 3001 jusmodi:
928 2926 1064 2983 alias
1099 2929 1382 2997 nunquam
1412 2926 1594 2996 posset
1623 2922 1740 2979 fieri
1772 2923 2115 2992 miraculose,
2139 2928 2287 2997 quod
2331 2936 2483 3002 patet
2528 2950 2656 2991 esse

633 3016 833 3073 falsum
863 3016 1165 3087 incorpore
1188 3013 1493 3081 Dominum,
1527 3012 1671 3085 quod
1698 3012 1867 3069 exivit
1896 3011 2083 3069 clauso
2114 3014 2358 3086 Virginis
2389 3025 2572 3092 utere,
2598 3030 2657 3079 et

633 3105 860 3161 intravit
885 3104 952 3161 ad
982 3101 1278 3178 discipulos
1297 3091 1482 3175 januis
1510 3101 1733 3158 clausis,
1760 3102 1881 3157 Non
1906 3100 2052 3157 enim
2080 3102 2226 3159 Deus
2255 3108 2659 3177 potest-facere

634 3194 779 3267 quod
822 3193 1112 3250 affirmatio
1153 3198 1209 3248 et
1253 3193 1473 3264 negatio
1516 3192 1626 3247 sint
1668 3190 1828 3246 simul
1870 3191 2020 3258 vera',
2064 3197 2124 3247 ut
2162 3192 2297 3250 dicit
2345 3198 2656 3269 Augustin-

632 3288 824 3339 contra
845 3282 1126 3350 Faustum3
1147 3296 1276 3353 ergo
1300 3286 1479 3354 potest
1502 3279 1699 3353 aliquis
1716 3278 2041 3358 intelligere2
2064 3280 2149 3336 vel
2174 3280 2369 3363 saltem
2393 3285 2452 3341 in
2477 3288 2662 3346 intel-

632 3370 777 3429 lectu
803 3372 1008 3442 fingere
1029 3370 1138 3425 duo
1166 3386 1394 3443 corpora
1420 3369 1582 3426 simul
1612 3384 1731 3425 esse
1759 3370 1816 3423 in
1840 3368 2029 3424 eodem
2064 3369 2199 3425 1000.

703 3464 758 3518 2.
789 3459 946 3525 Item,
973 3472 1006 3515 a
1030 3458 1350 3530 'corporibus
1377 3457 1695 3529 glorificatis
1726 3472 1831 3513 non
1856 3465 2169 3514 removetur
2206 3465 2403 3519 natura
2426 3480 2661 3540 corpo..

632 3546 869 3615 reitatis,
895 3546 992 3603 sed
1021 3545 1194 3601 solum
1225 3544 1581 3618 corpulentiae
1610 3562 1622 3599 ε
1656 3545 1751 3601 sed
1780 3553 2091 3604 removetur
2122 3547 2191 3603 ab
2231 3549 2311 3604 eis
2352 3552 2463 3609 ista
2505 3572 2663 3614 con-

632 3636 790 3705 ditio,
819 3634 966 3707 quod
993 3642 1220 3707 possunt
1247 3649 1368 3689 esse
1391 3650 1516 3690 cum
1542 3634 1665 3691 aliis
1686 3635 1744 3689 in
1768 3634 1960 3691 eodem
1984 3634 2103 3691 loco
2133 3652 2229 3709 per
2256 3638 2439 3697 dotem
2462 3646 2665 3702 subti-

631 3726 827 3793 litatis,
843 3737 904 3781 ut
925 3739 957 3780 a
981 3722 1166 3780 multis
1185 3723 1416 3793 dicitur3
1436 3740 1565 3795 ergo
1593 3724 1711 3781 haec
1734 3724 1975 3780 conditio
1996 3740 2099 3781 non
2120 3728 2369 3799 sequitur
2387 3738 2664 3793 naturam

633 3814 1036 3888 corporeitatiS,
1069 3812 1163 3869 sed
1189 3811 1561 3884 corpulentiae,
1583 3814 1697 3871 sive
1722 3814 1993 3884 grossitiei
2025 3816 2340 3887 cujusdam
2373 3835 2505 3892 ergo
2538 3842 2663 3882 non

635 3911 721 3973 cst
751 3902 1084 3977 impossibile
1113 3901 1341 3973 intelligi
1371 3903 1477 3958 duo
1503 3917 1734 3975 corpora
1758 3901 1920 3958 simul
1950 3919 2067 3958 esse
2097 3904 2153 3958 in
2177 3906 2369 3963 eodem
2398 3908 2543 3968 loco.

706 3994 761 4047 8.
791 3992 946 4061 Item,
979 3992 1268 4064 Augustin.
1302 3991 1438 4048 dicit
1460 4006 1623 4064 super
1654 3990 1856 4048 Genesi.
1887 3991 1956 4048 ad
1987 3992 2225 4051 litteram
2252 3998 2399 4069 quod
2454 4000 2545 4058 lux
2600 4006 2668 4063 in
