2800 4492
680 333 770 382 ιι.
794 349 876 366 --
899 333 972 380 ιιι
1017 333 1290 384 sonuum
1329 333 1409 382 ιιιι
1448 333 1777 383 smmi-nn
2152 322 2247 386 13-

217 457 350 526 pote
371 467 502 527 quae
527 450 994 529 diyiduntomnia
1034 465 1237 524 genera
1281 450 1445 521 entiS,
1478 451 1625 510 nulla
1664 454 1911 526 potentin
1949 461 2129 529 potest
2175 455 2233 513 in

221 541 554 617 actum,.qui
586 549 672 599 est
699 547 856 603 extra
893 555 1068 614 genus
1101 549 1280 609 suum,
1313 539 1457 599 sicut
1496 555 1689 598 sensus
1728 557 1835 599 non
1876 548 2063 617 potest
2096 560 2244 617 cog--v

221 647 449 688 noscere
498 631 867 692 substantiam
923 629 1323 704 intelligibilem
1360 645 1375 686 :
1416 629 1513 687 sed
1564 631 1709 686 Deus
1752 637 1837 687 est
1873 637 2029 690 extra
2070 647 2231 689 omne

223 737 412 794 genus,
451 735 588 794 ergo
636 735 748 777 non
791 719 996 794 poterit
1033 719 1218 792 aliquo
1260 717 1543 776 intellectu
1588 720 1865 792 cognosci,
1914 721 2011 794 qui
2056 721 2130 778 sit
2174 721 2232 776 in

219 813 422 885 genere
447 809 656 883 aliquo,
681 807 780 866 sed
804 813 988 866 noster
1008 807 1320 866 intellectus
1333 813 1429 880 ,est
1445 806 1775 880 hujusmodi,
1804 825 1955 882 ergo,
1976 814 2088 870 etc.

287 901 344 955 5.
367 899 534 969 Item,
561 903 774 954 remoto
805 896 999 970 primo,
1029 910 1253 953 necesse
1279 902 1365 953 est
1387 896 1572 953 omnia
1608 897 1999 971 consequentia
2047 914 2249 954 remo-·

213 988 335 1046 veri
365 1004 382 1044 t
410 987 510 1044 sed
536 986 772 1059 primum
800 983 1138 1057 intelligibile
1163 991 1248 1042 est
1268 984 1554 1059 quidditas
1579 986 1681 1054 rei,
1716 986 1861 1042 unde
1904 987 2051 1059 quod
2093 988 2245 1060 quid,

217 1084 322 1149 est,
345 1077 557 1134 dicitur
576 1091 698 1132 esse
719 1075 1002 1148 proprium
1025 1073 1302 1147 objectum
1325 1073 1638 1132 intellectus
1664 1075 1723 1131 iu
1744 1074 1815 1132 ιἰι
1844 1074 1913 1132 de
1932 1075 2148 1143 Anima,
2174 1083 2243 1134 ει.

217 1164 349 1241 q'uid
380 1171 490 1236 cst,
522 1172 608 1222 cst
641 1164 886 1222 ‘medium
919 1152 1333 1220 demonstra'ndi
1373 1179 1445 1222 eu
1487 1167 1593 1232 est,
1620 1170 1678 1222 ct
1718 1179 1909 1222 omnes
1960 1164 2101 1222 alius
2143 1164 2249 1220 rei?

218 1253 702 1322 conditiones,Sed
723 1253 794 1310 de
805 1254 920 1310 Deo
943 1267 1050 1310 non
1070 1266 1358 1327 possumus
1376 1253 1519 1310 scire
1540 1253 1673 1327 quid
1698 1259 1803 1321 est,
1826 1260 1888 1309 ut
1913 1253 2047 1310 dicit
2062 1255 2223 1312 nam.

219 1344 360 1416 Ergo
382 1343 518 1400 nihil
545 1357 832 1416 possumus
863 1341 938 1398 de
975 1343 1090 1398 Deo
1111 1356 1464 1414 cognoscere.
1494 1342 1601 1399 Sed
1638 1349 1852 1410 contra,
1884 1343 2114 1400 Roman.
2150 1359 2171 1400 1
2204 1357 2219 1399 ε

222 1431 529 1492 Invisibilia
553 1429 658 1488 Dei
678 1430 1208 1491 acrenturoemundi
1227 1447 1333 1504 per
1367 1447 1431 1486 ea
1458 1447 1573 1504 quoe
1607 1429 1759 1503 facta
1799 1429 1937 1495 sunt,
1962 1431 2250 1490 intellecta-

223 1520 650 1594 compiciuntur,
673 1519 994 1594 sempiterna
1005 1535 1206 1593 quoque
1233 1518 1547 1591 &accirem
1574 1523 1624 1575 et
1650 1517 1927 1576 divinitus.

263 1613 448 1677 Ιιειιι,
477 1611 738 1666 Jer.1x·
768 1629 794 1662 α
826 1610 887 1667 ln
909 1608 1013 1665 hoc
1049 1608 1318 1680 glorietur
1343 1607 1443 1681 qui
1470 1607 1755 1680 gloriatur,
1788 1605 1929 1666 scire
1972 1617 2029 1666 et
2070 1623 2230 1668 nosse

221 1715 323 1757 me.
358 1717 388 1752 ιι
407 1699 522 1756 Sed
547 1697 653 1754 hoc
671 1703 840 1756 esset
834 1697 1020 1786 inan-is
1030 1697 1240 1771 gloria,
1269 1697 1374 1756 nisi
1384 1706 1531 1756 eum
1566 1695 1897 1772 cognoscere
1925 1689 2249 1772 possemne,1

225 1803 346 1863 ergo
369 1789 552 1844 Deum
571 1779 882 1860 possumne.
1199 1827 1204 1832 ·
1253 1821 1256 1826 -

257 1879 447 1944 Item,
481 1875 618 1932 nihil
664 1875 929 1946 diligitur,
970 1874 1096 1932 nisi
1111 1875 1420 1948 cognitum,
1458 1882 1521 1932 ιιι
1562 1882 1715 1947 patet
1758 1891 1857 1950 per
1902 1837 2135 1950 August.
2170 1877 2228 1933 in

223 1965 357 2025 lide
390 1959 606 2026 Trinit..
623 1965 730 2022 Sed
761 1965 934 2022 Deum
981 1963 1211 2037 diligere
1247 1965 1525 2038 jubemur,
1556 1981 1693 2038 ergo
1728 1979 1854 2024 eum
1896 1981 2229 2039 cognoscere

225 2069 532 2129 possumne,
559 2068 686 2110 cum
711 2067 816 2110 non
837 2054 1190 2127 praecipiatur
1213 2053 1570 2127 impossibile.

286 2143 616 2217 Respondeo
653 2141 964 2210 dicendum,
992 2142 1138 2242 quod
1171 2141 1467 2216 dupliciter
1495 2143 1681 2218 aliqua
1720 2159 1810 2200 res
1854 2143 2226 2216 cognoscitur.
2239 2189 2249 2198 .

225 2233 337 2289 Uno
365 2232 534 2289 modo
557 2247 654 2304 per
681 2231 914 2290 formam
939 2231 1238 2316 propriam,
1266 2233 1410 2289 sicut
1452 2231 1649 2289 oculus
1681 2232 1819 2290 vidit
1859 2232 2096 2306 lapidem
2134 2247 2230 2312 per

228 2321 467 2394 speciem
485 2319 704 2393 lapidis.
726 2321 988 2394 Alio,per
1012 2311 1243 2378 formam
1267 2321 1505 2378 alterius
1516 2320 1750 2378 similem
1774 2321 1899 2389 sibi,
1928 2321 2072 2379 sicut
2095 2335 2251 2399 cog-g

228 2411 464 2470 noscitur
493 2425 662 2466 causa
688 2425 816 2482 per
827 2407 1242 2466 similitudinem
1279 2411 1547 2477 effectus,
1568 2418 1625 2466 ut
1656 2410 1817 2467 homo
1863 2427 1959 2482 per
2001 2411 2251 2468 sormam·

231 2512 340 2556 suae
359 2498 636 2571 imaginis.
669 2499 788 2557 Per
795 2497 1028 2555 formam
1049 2503 1237 2556 nutem
1255 2513 1413 2554 suem
1443 2497 1650 2572 aliquid
1678 2497 1968 2570 dupliciter
1994 2513 2230 2569 cognos-

231 2588 384 2644 citur.
409 2581 534 2645 Uno
557 2587 740 2654 modo,
765 2601 864 2660 per
888 2587 1119 2644 formam
1145 2599 1270 2660 quae
1311 2592 1396 2642 est
1437 2586 1556 2658 ipsa
1583 2601 1709 2642 res:
1736 2586 1884 2644 sicut
1923 2587 2067 2644 Deus
2096 2601 2232 2658 cog-

233 2678 397 2734 noscit
435 2691 655 2748 semper
677 2675 978 2733 essentiam
1010 2691 1191 2743 suam,
1219 2681 1276 2732 et
1319 2675 1559 2756 Angelus
1597 2675 1857 2757 seipsum.
1883 2674 2007 2732 Alio
2042 2674 2226 2742 modo,
2260 2748 2267 2755 ἡ

233 2781 322 2838 per
357 2765 621 2821 formam
617 2763 758 2839 qu'ae
795 2773 880 2822 est
927 2765 1076 2822 aliud
1115 2764 1192 2820 ab
1229 2765 1347 2838 ipso
1387 2765 1506 2820 sive
1550 2751 1830 2821 abstracta
1864 2763 1939 2820 sit
1977 2763 2047 2820 ab
2087 2763 2225 2842 ipso,

233 2847 444 2926 quendo,
467 2853 683 2910 scilicet
707 2854 880 2910 forma
905 2859 990 2910 est
1015 2853 1446 2921 immaterialior,
1480 2869 1646 2925 quam
1668 2853 1741 2938 sit
1771 2852 2035 2925 impresse
2066 2847 2235 2910 intel-⁸

234 2942 414 3015 ligenti
436 2943 508 2999 ab
535 2958 620 3010 eo,
654 2948 860 3017 utpote
885 2942 1104 3016 quando
1135 2957 1221 2998 res
1249 2947 1332 2998 est
1374 2941 1692 3014 simplicior,
1723 2957 1888 3014 quam
1918 2939 2249 2998 similitudo·

233 3047 356 3104 per
374 3047 541 3105 quam
579 3031 952 3103 cognoscitur,
997 3030 1141 3086 sicut
1187 3031 1411 3088 Avicen.
1455 3029 1611 3099 dicit,
1642 3029 1821 3104 qued
1844 3031 2249 3108 intelligentius·

233 3121 608 3192 cognoscimus
629 3119 1164 3194 per-impressionem
1193 3135 1381 3176 earum
1401 3119 1463 3174 -in
1494 3119 1671 3176 nobie.
1702 3119 1844 3189 Quia
1868 3117 2037 3190 igitur
2064 3118 2253 3174 intel--

235 3208 402 3266 lectus
429 3217 621 3266 noster
642 3209 944 3265 secundum
971 3213 1175 3266 statum
1198 3208 1306 3266 viae
1338 3206 1502 3265 babet
1541 3207 1977 3286 determinatam·
2007 3207 2254 3265 habitu--

235 3297 413 3354 dinem
441 3296 512 3354 ad
541 3297 766 3366 formas,
796 3314 922 3371 quae
947 3313 978 3354 a
1001 3313 1166 3354 sensu
1194 3296 1605 3364 abstrahuntur,
1630 3313 1755 3353 cum
1784 3305 2131 3370 comparetur
2162 3297 2233 3355 ad

233 3386 613 3460 phantasmata
644 3393 704 3442 ut
729 3386 882 3444 visus
911 3386 979 3443 ad
1013 3385 1248 3455 colores,
1277 3387 1569 3444 ut-dicitur
1604 3385 1661 3442 in
1686 3385 1869 3444 tertio
1907 3387 1975 3443 de
2002 3388 2253 3466 Anima„

234 3489 336 3532 nen
363 3475 748 3548 potest·ipsum
769 3463 946 3532 Deum
973 3485 1302 3546 cognoscere
1329 3475 1384 3531 in
1413 3475 1518 3531 hoc
1544 3477 1713 3546 stetu,
1733 3491 1831 3548 per
1857 3475 2085 3532 sormam
2110 3492 2256 3549 quae‘

234 3573 312 3621 est
339 3565 579 3622 essentia
605 3581 726 3631 sua,
752 3564 850 3621 sed
879 3565 959 3620 sic
976 3564 1332 3636 ‘cognoscitur
1359 3565 1417 3620 in
1442 3565 1619 3637 patria
1650 3579 1681 3620 a
1708 3562 1903 3620 beatis.
1922 3559 2257 3622 Similitudo

233 3653 398 3710 etiam
419 3669 800 3734 quaecumque
809 3653 1079 3732 impressa
1095 3651 1312 3726 abipso
1340 3653 1395 3708 in
1422 3652 1756 3730 intellectum
1784 3653 2101 3718 humanum,
2123 3668 2231 3708 non

236 3741 438 3798 sufficit·
453 3743 524 3797 ud
541 3742 656 3798 hec
679 3749 742 3798 ut
768 3741 950 3798 faciat
957 3743 1082 3813 ejus
1099 3741 1395 3797 essentiam
1424 3742 1700 3814 cognosci,
1711 3757 1852 3798 cum
1878 3757 1930 3796 m
1960 3739 2234 3795 infinitum

237 3830 464 3886 excedat
483 3819 789 3904 quamlibet
818 3817 1068 3888 formam
1075 3815 1338 3897 creatu-m,
1347 3831 1583 3891 ratione
1602 3831 1783 3902 cnjus,
1799 3827 2100 3900 intellectui
2126 3843 2255 3908 non,

235 3924 563 3993 potestesse
589 3920 738 3980 Deus
764 3936 863 3994 per
890 3919 1096 3978 formas
1126 3925 1342 3978 creatas
1371 3918 1611 4014 pervius,
1629 3925 1703 3975 ιιι
1731 3921 1921 3988 Augu.
1939 3916 2093 3976 dicit.
2119 3917 2259 3975 Nec*
