2800 4492
834 349 948 392 xn.
978 335 1060 376 —-'
1086 347 1515 400 ononunn'ruu
1562 349 1835 395 'mmmm
2220 333 2336 394 247

328 451 532 521 futurae
555 479 571 532 ;
598 463 740 520 sicut
765 478 890 520 cum
917 463 1080 520 homo
1103 465 1337 538 jejunat,
1364 481 1463 538 per
1502 465 1606 523 hoc
1627 465 1908 539 praebetur
1936 465 1988 522 ei
2033 464 2337 522 remedium

328 553 520 611 contra
544 551 760 610 futuras
787 554 1260 626 concupiscentias
1287 556 1490 611 carnis.

399 643 535 698 Item
568 650 767 716 quarto
808 642 1266 700 considerandum
1307 650 1410 712 est,
1440 645 1586 717 quod
1630 643 1886 700 sacerdos
1932 649 2114 715 potest
2146 643 2337 716 poeni-

331 731 466 787 tenti
496 731 929 788 satisfactionem
971 732 1255 804 injungere
1283 732 1370 789 vel
1399 749 1465 788 ex
1504 733 1725 806 proprio
1768 732 2016 801 arbitrio,
2044 731 2131 790 vel
2170 733 2337 789 etiam

329 836 398 877 ex
425 819 651 877 consilio
681 819 880 876 alieno.

398 908 497 964 Est
524 923 654 979 ergo
683 909 993 977 dicendum,
1017 909 1165 982 quod
1193 908 1336 966 sicut
1366 915 1548 982 potest
1574 910 1830 966 sacerdos
1856 910 2140 982 injungere
2168 909 2333 966 satis-

330 997 622 1054 factionem
639 998 924 1069 poenitenti
946 1014 1013 1053 ex
1033 997 1262 1054 arbitrio
1283 998 1483 1066 alieno,
1510 999 1587 1058 ita
1610 1007 1667 1055 et
1691 1015 1757 1055 ex
1779 998 2006 1056 arbitrio
2026 998 2199 1071 ipsius
2219 1013 2337 1070 poe-

331 1086 555 1142 nitentis
572 1087 744 1155 ;sicut
762 1086 1005 1142 sidicat:
1033 1085 1226 1142 Facias
1248 1085 1371 1154 hoc,
1395 1086 1441 1142 si
1471 1094 1627 1159 potes
1647 1103 1661 1153 3
1680 1094 1736 1144 et
1760 1087 1806 1143 si
1831 1102 1939 1142 non
1962 1092 2139 1160 poteS‚
2165 1085 2337 1144 facias

330 1174 466 1242 hoc;
496 1181 549 1230 et
578 1174 756 1230 simile
791 1175 1010 1231 videtur
1033 1189 1160 1230 cum
1188 1175 1627 1245 sacerdos'dieit‚
1660 1174 1915 1247 quidquid
1961 1175 2084 1231 boni
2120 1174 2336 1246 feceris,

327 1263 400 1318 eit
427 1262 526 1319 tibi
548 1263 610 1318 in
630 1262 988 1319 remissionem
1012 1270 1366 1335 peccatorum.
1386 1263 1615 1320 Videtur
1643 1271 1828 1321 autem
1852 1265 1989 1320 satis
2008 1263 2339 1322 conveniens

330 1351 477 1425 quod
504 1351 760 1408 sacerdos
795 1367 901 1408 non
930 1360 1119 1407 oneret
1146 1353 1503 1424 poenitentem
1540 1352 1693 1424 gravi
1730 1353 1970 1425 pondere
1996 1351 2337 1409 satisfactio-

330 1443 448 1509 nis3
481 1441 610 1512 quia
659 1440 799 1496 sicut
846 1455 1048 1513 parvus
1081 1441 1222 1511 ignis
1259 1456 1290 1496 a
1335 1440 1523 1496 multis
1550 1439 1712 1512 lignis
1753 1442 2111 1514 superpositis
2139 1441 2207 1496 de
2249 1439 2339 1497 fa·

331 1529 425 1585 cili
449 1529 802 1600 extinguitur,
835 1529 915 1585 ita
944 1534 1128 1601 posset
1168 1528 1487 1600 contingere
1514 1530 1661 1602 quod
1703 1545 1905 1600 parvus
1932 1530 2163 1586 affectus
2201 1544 2339 1585 con-

332 1617 574 1675 tritionis
602 1618 654 1672 in
699 1617 996 1689 paenitente
1035 1632 1210 1689 nuper
1239 1618 1529 1685 excitatuS,
1562 1625 1786 1690 propter
1809 1634 1979 1689 grave
2000 1632 2139 1673 onus
2166 1618 2338 1673 satis-

330 1706 584 1763 factionis
645 1707 1072 1777 extingueretur,
1126 1713 1417 1778 peccatore
1482 1705 1726 1762 totaliter
1781 1707 2127 1778 desperante.
2182 1707 2339 1763 Unde

333 1794 527 1850 melius
555 1805 638 1850 est
680 1795 828 1867 quod
879 1794 1134 1852 sacerdos
1183 1795 1470 1867 poenitenti
1518 1795 1722 1852 indicet
1764 1803 1971 1868 quanta
2013 1794 2337 1866 poenit-entia

295 1928 303 1935 .
333 1891 477 1939 esset
506 1883 608 1938 sibi
653 1899 752 1955 pro
795 1882 1036 1955 peccatis
1075 1883 1442 1954 injungenda;
1474 1889 1529 1938 et
1567 1883 1815 1954 injungat
1852 1883 1954 1937 sibi
1985 1882 2338 1938 nihilominus

333 1970 539 2044 aliquid
578 1972 723 2043 quod
773 1972 1040 2043 poenitens
1085 1970 1441 2027 tolerabiliter
1484 1971 1645 2038 ferat,
1689 1987 1758 2027 ex
1806 1973 1965 2042 cujus
2018 1971 2338 2043 impletione

333 2061 593 2116 assuefiat
623 2067 683 2116 ut
727 2061 934 2131 majora
976 2060 1218 2134 impleat,
1247 2076 1372 2134 quae
1403 2061 1573 2117 etiam
1616 2061 1873 2118 sacerdos
1909 2061 2010 2116 sibi
2055 2061 2338 2132 injungere

333 2164 444 2206 non
470 2154 827 2218 attentasset;
849 2155 905 2204 et
925 2147 1046 2206 haec
1069 2165 1193 2221 quae
1219 2157 1420 2221 praeter
1435 2150 1826 2221 injunctionem
1846 2164 2160 2222 expressam
2182 2149 2333 2214 facit,

334 2238 610 2310 accipiunt
639 2239 902 2309 majorem
937 2238 1048 2293 vim
1074 2238 1404 2308 expiationis
1434 2237 1613 2309 culpae
1638 2239 1931 2309 praeteritae
1954 2253 2023 2294 ex
2050 2237 2142 2293 illa
2168 2253 2338 2308 gene-

334 2326 437 2382 rali
465 2327 799 2398 injunctione
821 2341 932 2399 qua
955 2325 1212 2382 sacerdos
1239 2326 1374 2382 dicit
1403 2343 1417 2380 :
1448 2312 1730 2396 Quidquid
1748 2325 1867 2380 boni
1906 2325 2115 2396 feceris,
2138 2327 2213 2381 sit
2240 2325 2339 2380 tibi

333 2415 394 2470 in
433 2415 794 2472 remissionem
837 2422 1188 2485 peccatorum.
1232 2415 1389 2470 Unde
1429 2413 1779 2470 laudabiliter
1820 2406 2107 2469 consuevit
2150 2413 2253 2467 hoc
2306 2429 2337 2468 a

335 2504 520 2558 multis
545 2503 924 2561 sacerdotibus
949 2503 1078 2568 dici,
1113 2502 1240 2558 licet
1271 2517 1376 2556 non
1404 2501 1642 2556 habeant
1666 2503 1929 2572 majorem
1959 2501 2069 2556 vim
2094 2500 2163 2555 ad
2193 2514 2339 2570 prae·

334 2591 568 2648 bendum
608 2593 909 2649 remedium
952 2596 1145 2647 contra
1187 2591 1401 2663 culpam
1435 2589 1708 2659 suturam3
1742 2595 1796 2644 et
1822 2593 2088 2661 quantum
2134 2587 2204 2644 ad
2236 2587 2339 2642 hoc

335 2681 462 2736 talis
490 2681 794 2737 satisfactio
817 2686 903 2738 est
926 2679 1360 2747 sacramentam,
1387 2679 1447 2734 in
1474 2684 1741 2752 quantum
1764 2678 1969 2736 virtute
1996 2675 2235 2736 cla-vium
2255 2681 2340 2732 est

335 2768 514 2841 culpae
539 2770 848 2826 commissae
873 2769 1170 2842 expiativa.

403 2859 471 2914 Et
490 2875 586 2931 per
612 2859 716 2915 hoc
745 2864 896 2931 patet
924 2857 1204 2931 responsio
1229 2857 1297 2915 ad
1327 2857 1567 2930 objecta.

967 3037 1423 3098 ARTICULUS
1464 3034 1699 3097 XXIX.

347 3163 567 3230 Utrum
594 3165 648 3229 ei
674 3166 785 3246 qui
825 3166 1026 3228 omisit
1062 3142 1551 3232 diceredivinum
1588 3165 1865 3244 officium,
1896 3163 1981 3226 sit
2014 3161 2343 3244 injunqen-

414 3255 654 3425 ‹⁶352ch
681 3256 900 3318 iterato
941 3254 1126 3317 dicat.
1161 3287 1240 3301 —
1273 3253 1445 3334 (Art.
1495 3256 1631 3339 121,
1678 3272 1841 3334 corp.
1883 3253 1966 3316 ad
1988 3255 2020 3314 1
2066 3254 2137 3316 de
2160 3258 2336 3332 temp.

404 3479 488 3536 Ad
513 3478 811 3536 secundum
837 3478 918 3534 sic
946 3475 1278 3549 proceditur.
1303 3476 1541 3532 ‚Videtur
1566 3478 1710 3550 quod
1742 3477 1791 3534 ei
1822 3476 1916 3549 qui
1946 3475 2130 3532 omisit
2158 3474 2343 3530 dicere

337 3567 580 3624 divinum
612 3567 871 3635 officium,
900 3566 971 3622 sit
1014 3565 1404 3637 injungendum
1441 3567 1584 3640 quod
1628 3567 1827 3622 iterato
1854 3565 2023 3620 dicat.
2053 3562 2157 3631 Qui
2194 3561 2341 3616 enirn

340 3661 554 3711 tenetur
579 3657 649 3712 ad
681 3656 903 3728 aliquod
933 3654 1180 3711 debitum
1205 3654 1443 3727 speciale
1473 3654 1825 3727 implendum,
1856 3668 1964 3708 non
1993 3655 2173 3724 potest
2203 3649 2343 3704 libe-

340 3742 452 3799 rari
481 3744 583 3799 nisi
609 3744 853 3801 debitum
893 3745 1092 3801 solvat.
1119 3744 1176 3800 Si
1206 3759 1336 3816 ergo
1375 3743 1579 3816 aliquis
1620 3742 1911 3798 tenebatur
1950 3739 2019 3797 ad
2052 3738 2154 3795 hoc
2180 3737 2343 3793 debi-

342 3839 477 3896 tum,
503 3838 563 3887 ut
591 3831 795 3888 scilicet
820 3833 1067 3890 divinum
1087 3831 1324 3889 officium
1349 3832 1557 3890 diceret
1580 3847 1596 3900 ;
1622 3829 1840 3888 videtur
1864 3826 2013 3899 quod
2036 3840 2141 3883 non
2168 3825 2345 3897 possit

340 3918 569 3988 absolvi,
600 3919 703 3975 nisi
723 3919 826 3977 hoc
847 3921 1091 3978 debitum
1113 3920 1310 3980 solvat.
