2800 4492
830 333 944 382 xu.
975 353 1056 366 --
1085 333 1513 388 ouonmnn'ruu
1556 331 1801 379 rmiumu
2140 349 2145 354 ·
2207 317 2320 406 157

383 455 586 512 Dicunt
626 459 814 512 autem
846 451 1092 526 quidam,
1134 451 1239 510 hoc
1279 467 1400 509 esse
1440 451 1751 528 grossitiem
1793 449 1879 508 vel
1924 451 2321 528 corpulentiam

313 545 628 620 quamdam,
661 559 786 617 quae
815 541 1034 599 tolletur
1063 557 1158 613 per
1182 542 1368 598 dotem
1391 539 1601 613 gloriae,
1630 555 1795 612 quam
1830 539 2113 604 nominant
2140 541 2319 598 subti-

313 635 545 690 litatem.
575 632 682 690 Sed
711 631 813 688 hoc
840 647 950 690 non
974 636 1058 687 est
1081 629 1457 702 intelligibile;
1480 645 1587 688 non
1616 628 1761 689 enim
1788 629 2060 686 invenitur
2086 630 2217 704 quid
2249 631 2322 689 sit

313 721 622 796 hujusmodi
651 719 991 793 corpulentia
1017 719 1104 776 vel
1129 719 1412 790 grossities
1441 733 1454 772 :
1487 733 1595 774 non
1624 718 1769 774 enim
1807 725 1891 774 est
1928 717 2111 790 aliqua
2136 718 2323 791 quali-

315 817 432 870 tas:
459 813 590 885 quia
621 809 766 866 nulla
796 808 1034 882 qualitas
1071 807 1188 864 dari
1218 815 1419 882 potest,
1450 823 1561 881 qua
1602 806 1823 880 quidem
1866 811 2078 864 remota
2120 822 2323 880 corpus

313 903 486 976 possit
512 916 632 957 esse
653 915 778 955 cum
802 898 908 954 alio
946 911 1174 970 corpore
1200 897 1255 953 in
1281 895 1473 952 eodem
1520 895 1669 965 loco;
1700 894 1953 952 similiter
2000 911 2099 952 nec
2140 901 2323 968 potest

315 1007 434 1048 esse
460 989 635 1045 forma
657 1003 759 1044 nec
783 985 1034 1054 materia,
1063 1001 1188 1060 quae
1224 991 1350 1042 sunt
1378 990 1567 1058 partes
1594 985 1881 1054 essentiae3
1914 985 2043 1058 quia
2079 990 2209 1041 tunc
2234 986 2323 1041 in-

314 1088 468 1152 tegra
496 1077 732 1135 essentia
761 1075 1004 1150 corporis
1049 1073 1271 1132 humani
1312 1089 1421 1130 non
1451 1079 1758 1132 remaneret
1787 1089 1911 1131 cum
1945 1074 2147 1146 gloria;
2175 1073 2352 1148 quod'

312 1177 398 1226 est
426 1167 766 1232 haereticum.

382 1259 446 1314 Et
473 1259 596 1314 ideo
626 1256 917 1313 dicendum
940 1259 1044 1322 est,
1077 1253 1224 1328 quod
1251 1251 1356 1310 hoc
1383 1252 1678 1326 prohibens
1700 1252 1835 1310 nihil
1869 1261 1954 1311 est
1977 1253 2125 1312 aliud
2155 1272 2319 1330 quam

311 1347 700 1412 dimensiones,
729 1343 928 1418 quibus
955 1342 1170 1400 substat
1195 1343 1429 1400 materia
1454 1343 1783 1416 corporalis;
1815 1359 2037 1401 necesse
2063 1351 2149 1400 est
2177 1346 2321 1402 enim

312 1445 374 1494 ut
405 1437 458 1492 id
485 1433 630 1509 quod
653 1442 736 1490 est
764 1449 861 1508 per
889 1448 968 1500 se,
997 1432 1071 1488 sit
1100 1432 1156 1486 in
1198 1445 1526 1504 unoquoque
1548 1446 1767 1502 genere.
1800 1431 2093 1488 Distinctio
2136 1440 2321 1489 autem

310 1525 610 1584 secundum
633 1523 800 1580 situm
829 1522 1004 1594 primo
1028 1527 1084 1578 et
1110 1536 1205 1592 per
1243 1535 1302 1576 se
1345 1520 1602 1576 convenit
1641 1520 1941 1592 quantitati
1978 1520 2317 1592 dimensivae‚

312 1631 440 1689 quae
462 1613 716 1671 definitur
742 1627 864 1670 esse
906 1609 1189 1683 quantitas
1231 1609 1558 1681 positionem
1596 1606 1837 1678 habens;
1868 1609 2013 1666 unde
2050 1617 2105 1667 et
2135 1619 2321 1684 partes

311 1707 372 1762 in
406 1704 654 1776 subjecto
681 1719 747 1758 ex
788 1701 892 1758 hoc
936 1701 1057 1772 ipso
1098 1698 1505 1755 distinctionem
1544 1697 1747 1755 habent
1786 1691 2102 1756 secundum'
2130 1701 2317 1771 situm,

311 1794 460 1869 quod
482 1799 609 1849 sunt
631 1790 894 1863 subjectae
920 1787 1276 1857 dimensioni3
1305 1795 1360 1844 et
1384 1788 1530 1842 sicut
1558 1794 1641 1844 est
1670 1787 1951 1844 distinctio
1980 1788 2319 1846 diversarum

312 1883 550 1957 partium
575 1880 734 1938 unius
769 1879 1016 1951 corporis
1039 1877 1338 1934 secundum
1379 1877 1628 1934 diversas
1666 1883 1850 1948 partes
1885 1878 2045 1934 unius
2090 1879 2191 1935 loci
2222 1896 2319 1952 per

310 1973 680 2030 dimensiones
704 1969 784 2026 ita
810 1957 1033 2042 propter
1061 1966 1431 2023 dimensiones
1453 1966 1671 2022 diversa
1708 1981 1937 2038 corpora
1966 1967 2314 2040 distinguun-

311 2072 404 2120 tur
431 2059 730 2118 secundum
757 2057 976 2113 diversa
1004 2055 1144 2112 loca.
1167 2055 1288 2112 Duo
1317 2055 1465 2110 enim
1492 2069 1723 2128 corpora
1750 2054 1882 2112 facit
1910 2056 2141 2114 actualis
2169 2057 2317 2113 divi-

310 2151 396 2208 sio
422 2148 670 2206 materiae
697 2143 1029 2220 corporalis;
1054 2143 1191 2200 duas
1212 2149 1396 2198 autem
1430 2147 1614 2213 partes
1648 2140 1809 2197 unius
1841 2142 2087 2214 corporis
2123 2141 2320 2199 divisi-

269 2299 280 2312 ,
310 2240 498 2296 bilitas
523 2232 1029 2311 potentiali33unde
1055 2239 1110 2288 et
1136 2229 1495 2306 Philosophus
1509 2227 1643 2284 dicit
1672 2229 1727 2284 in
1753 2244 1812 2286 tv
1840 2227 2057 2304 Physic.
2084 2229 2315 2304 (Topic.,

311 2346 436 2403 cap.
453 2327 674 2396 mxxvi),
690 2323 836 2398 quod
861 2323 1005 2380 sicut
1033 2319 1376 2376 subintrante
1399 2317 1539 2376 cubo
1563 2317 1739 2389 ligneo
1770 2333 1971 2390 aquam
1994 2318 2081 2376 vel
2110 2335 2312 2386 aerem,

311 2423 529 2491 oportet
557 2417 703 2489 quod
746 2410 908 2469 cedat
937 2417 1152 2466 tantum
1177 2408 1245 2464 de
1274 2423 1421 2480 aqua
1448 2405 1535 2462 vel
1560 2421 1715 2474 aere3
1744 2405 1823 2462 ita
1850 2415 2127 2479 oporteret
2164 2414 2315 2481 quod

311 2509 573 2566 cederent
598 2501 964 2561 dimensiones
989 2504 1279 2572 separatae,
1312 2496 1359 2552 si
1383 2510 1619 2550 vacuum
1642 2501 1955 2568 poneretur.

383 2599 517 2654 Cum
561 2608 688 2665 ergo
731 2590 904 2664 gloria
943 2604 1049 2644 non
1091 2585 1248 2642 tollat
1286 2583 1654 2640 dimensiones
1692 2583 1956 2657 corporis,
1988 2584 2113 2642 dico
2170 2586 2316 2659 quod

289 2667 510 2758 ⁸corpus
537 2682 834 2756 gloriosum
859 2694 964 2734 non
999 2681 1180 2752 potest
1211 2673 1535 2731 naturaliter
1563 2688 1683 2730 esse
1710 2688 1837 2730 cum
1864 2673 1971 2730 alio
1996 2689 2223 2749 corpore
2261 2677 2317 2734 in

314 2777 506 2833 eodem
529 2773 648 2830 loco
678 2776 899 2845 propter
925 2768 1165 2840 aliquam
1185 2765 1579 2838 proprietatem
1604 2761 1857 2820 inditam.

303 2897 330 2923 φ
383 2865 468 2920 Ad
499 2862 732 2936 primum
759 2872 890 2930 ergo
917 2854 1228 2921 dicendum,
1257 2852 1425 2926 quod,
1456 2852 1600 2908 sicut
1625 2851 1833 2909 dictum
1858 2859 1961 2921 est,
1988 2869 2187 2928 corpus
2209 2854 2319 2911 hu-

314 2969 538 3011 manum
560 2953 616 3009 in
653 2955 802 3006 statu
843 2945 937 3002 illo
983 2943 1301 3017 prohibetur
1329 2957 1451 2998 esse
1483 2957 1610 2996 cum
1638 2940 1745 2999 alio
1781 2957 2009 3014 corpore
2045 2943 2101 3000 in
2125 2945 2317 3002 eodem

313 3042 457 3112 loco,
483 3058 590 3098 non
618 3043 838 3112 propter
877 3032 1274 3106 corpulentiam
1310 3036 1407 3087 aut
1450 3030 1760 3102 grossitiem
1798 3047 1925 3103 quae
1948 3048 2045 3104 per
2088 3032 2317 3104 gloriam

313 3132 541 3189 tollatur
567 3125 1030 3202 (spiritualitatem
1072 3121 1218 3178 enim
1245 3119 1541 3192 Apostolus
1581 3119 1805 3192 opponit
1842 3119 2189 3190 animalitati,
2224 3139 2317 3180 se·-

313 3219 554 3279 cundum
582 3231 750 3290 quam
773 3227 972 3286 corpus
995 3216 1079 3268 est
1105 3209 1364 3266 alimonia
1400 3208 1669 3278 indigem,
1702 3214 1763 3264 ut
1794 3209 2130 3280 Augustinus
2156 3210 2311 3279 dicit,

315 3325 424 3366 non
469 3316 654 3366 autem
699 3301 924 3377 opponit
965 3299 1240 3373 grossitiei
1285 3296 1372 3354 vel
1428 3296 1832 3370 corpulentiae);
1878 3301 1975 3356 sed
2022 3299 2317 3373 impeditur

316 3405 538 3472 propter
563 3395 948 3452 dimensiones.
977 3389 1140 3455 Ratio
1163 3401 1294 3445 vero
1317 3401 1444 3459 quae
1472 3386 1525 3441 in
1549 3391 1885 3445 contrarium
1906 3387 2182 3458 obiicitur,
2214 3407 2319 3464 po-

319 3489 465 3544 nitur
502 3487 646 3548 inter
685 3480 1013 3556 sophisticas
1056 3476 1298 3534 rationes
1335 3491 1368 3532 a
1411 3473 1817 3545 Philosophum
1852 3491 1911 3534 tv
1941 3477 2314 3550 physicorum.

319 3578 526 3634 Puncto
548 3573 696 3632 enim
728 3577 786 3632 et
822 3569 980 3626 lineae
1004 3575 1060 3624 et
1101 3565 1409 3639 superficiei
1452 3580 1558 3621 non
1586 3564 1814 3622 debetur
1855 3565 2024 3633 locus,
2052 3567 2150 3622 sed
2190 3583 2319 3626 cor-

321 3665 464 3737 pori;
497 3661 642 3718 unde
669 3675 776 3717 non
804 3657 1072 3730 sequitur,
1101 3655 1146 3710 si
1176 3652 1396 3710 termini
1425 3667 1717 3724 corporum
1740 3668 1798 3708 se
1822 3654 2161 3724 tangentium
2191 3661 2318 3712 sunt

317 3753 495 3821 simul,
523 3749 670 3825 quod
693 3753 913 3823 propter
932 3745 1036 3803 hoc
1061 3743 1218 3817 plura
1240 3757 1472 3815 corpora
1496 3741 1705 3814 possint
1729 3757 1849 3798 esse
1881 3741 1937 3797 in
1960 3742 2155 3800 eodem
2171 3743 2315 3802 loce.

385 3842 470 3900 Ad
498 3839 800 3900 secundum
838 3833 1150 3900 dicendum,
1178 3829 1344 3906 quod,
1371 3831 1514 3887 sicut
1555 3829 1759 3886 ibidem
1786 3830 2191 3892 commentator
2215 3848 2318 3890 ex·-

321 3931 525 4010 primu,
551 3925 881 3988 subintratio
908 3923 1003 3984 illa
1029 3922 1092 3982 tit
1111 3936 1207 3998 per
1234 3913 1810 3992 condensationem,et
1834 3917 2093 3980 dicuntur
2114 3920 2319 3984 habero

1766 4129 1803 4158 Ο
