<?xml version="1.0" encoding="UTF-8"?>
<!DOCTYPE html PUBLIC "-//W3C//DTD XHTML 1.0 Transitional//EN"
    "http://www.w3.org/TR/xhtml1/DTD/xhtml1-transitional.dtd">
<html xmlns="http://www.w3.org/1999/xhtml" xml:lang="en" lang="en">
 <head>
  <title>
</title>
<meta http-equiv="Content-Type" content="text/html;charset=utf-8" />
  <meta name='ocr-system' content='tesseract 3.04.00' />
  <meta name='ocr-capabilities' content='ocr_page ocr_carea ocr_par ocr_line ocrx_word'/>
</head>
<body>
  <div class='ocr_page' id='page_1' title='image "./sthomaquinatisd00thomgoog_0043.png"; bbox 0 0 2800 4492; ppageno 0'>
   <div class='ocr_carea' id='block_1_1' title="bbox 724 277 2275 340">
    <p class='ocr_par' dir='ltr' id='par_1_1' title="bbox 724 277 2275 340">
     <span class='ocr_line' id='line_1_1' title="bbox 724 277 2275 340; baseline 0.003 -4"><span class='ocrx_word' id='word_1_1' title='bbox 724 289 817 337; x_wconf 68' lang='grc' dir='ltr'><strong>ιι.</strong></span> <span class='ocrx_word' id='word_1_2' title='bbox 847 299 926 320; x_wconf 88' lang='grc'><strong>-·-</strong></span> <span class='ocrx_word' id='word_1_3' title='bbox 953 283 1021 336; x_wconf 77' lang='lat' dir='ltr'><strong>m</strong></span> <span class='ocrx_word' id='word_1_4' title='bbox 1068 283 1336 336; x_wconf 72' lang='lat' dir='ltr'><strong>son&#39;mm</strong></span> <span class='ocrx_word' id='word_1_5' title='bbox 1375 283 1455 336; x_wconf 69' lang='lat' dir='ltr'><strong>mr</strong></span> <span class='ocrx_word' id='word_1_6' title='bbox 1496 285 1855 340; x_wconf 54' lang='lat' dir='ltr'><strong>&#39;rammam-</strong></span> <span class='ocrx_word' id='word_1_7' title='bbox 2195 277 2275 340; x_wconf 83' lang='lat'><strong>29</strong></span> 
     </span>
    </p>
   </div>
   <div class='ocr_carea' id='block_1_2' title="bbox 246 405 2309 3940">
    <p class='ocr_par' dir='ltr' id='par_1_2' title="bbox 246 405 2309 1546">
     <span class='ocr_line' id='line_1_2' title="bbox 246 405 2275 484; baseline 0 -19"><span class='ocrx_word' id='word_1_8' title='bbox 246 413 320 465; x_wconf 86' lang='lat' dir='ltr'><strong>ut</strong></span> <span class='ocrx_word' id='word_1_9' title='bbox 350 408 478 482; x_wconf 88' lang='lat' dir='ltr'><strong>ipsa</strong></span> <span class='ocrx_word' id='word_1_10' title='bbox 515 405 702 466; x_wconf 83' lang='lat' dir='ltr'><strong>divina</strong></span> <span class='ocrx_word' id='word_1_11' title='bbox 728 407 1029 465; x_wconf 88' lang='lat' dir='ltr'><strong>secundum</strong></span> <span class='ocrx_word' id='word_1_12' title='bbox 1057 407 1234 481; x_wconf 89' lang='lat' dir='ltr'><strong>seipsa</strong></span> <span class='ocrx_word' id='word_1_13' title='bbox 1265 408 1587 480; x_wconf 85' lang='lat' dir='ltr'><strong>capiantur,</strong></span> <span class='ocrx_word' id='word_1_14' title='bbox 1611 424 1737 482; x_wconf 84' lang='lat' dir='ltr'><strong>quae</strong></span> <span class='ocrx_word' id='word_1_15' title='bbox 1774 409 1996 484; x_wconf 85' lang='lat' dir='ltr'><strong>quidem</strong></span> <span class='ocrx_word' id='word_1_16' title='bbox 2034 409 2275 484; x_wconf 84' lang='lat' dir='ltr'><strong>perfecte</strong></span> 
     </span>
     <span class='ocr_line' id='line_1_3' title="bbox 246 495 2275 580; baseline 0.001 -27"><span class='ocrx_word' id='word_1_17' title='bbox 246 497 459 554; x_wconf 86' lang='lat' dir='ltr'><strong>nobis</strong></span> <span class='ocrx_word' id='word_1_18' title='bbox 445 513 504 553; x_wconf 86' lang='lat' dir='ltr'><strong>m</strong></span> <span class='ocrx_word' id='word_1_19' title='bbox 525 500 682 552; x_wconf 83' lang='lat' dir='ltr'><strong>statu</strong></span> <span class='ocrx_word' id='word_1_20' title='bbox 707 495 815 552; x_wconf 82' lang='lat' dir='ltr'><strong>viae</strong></span> <span class='ocrx_word' id='word_1_21' title='bbox 843 503 927 552; x_wconf 88' lang='lat' dir='ltr'><strong>est</strong></span> <span class='ocrx_word' id='word_1_22' title='bbox 951 495 1332 580; x_wconf 84' lang='lat' dir='ltr'><strong>impossibilis‚-</strong></span> <span class='ocrx_word' id='word_1_23' title='bbox 1338 496 1435 552; x_wconf 87' lang='lat' dir='ltr'><strong>sed</strong></span> <span class='ocrx_word' id='word_1_24' title='bbox 1461 496 1525 576; x_wconf 71' lang='lat' dir='ltr'><strong>iit</strong></span> <span class='ocrx_word' id='word_1_25' title='bbox 1548 497 1739 554; x_wconf 89' lang='lat' dir='ltr'><strong>nobis</strong></span> <span class='ocrx_word' id='word_1_26' title='bbox 1724 512 1783 553; x_wconf 87' lang='lat' dir='ltr'><strong>m</strong></span> <span class='ocrx_word' id='word_1_27' title='bbox 1809 503 1959 555; x_wconf 86' lang='lat' dir='ltr'><strong>statu</strong></span> <span class='ocrx_word' id='word_1_28' title='bbox 1987 498 2093 555; x_wconf 81' lang='lat' dir='ltr'><strong>viae</strong></span> <span class='ocrx_word' id='word_1_29' title='bbox 2118 511 2275 573; x_wconf 76' lang='lat' dir='ltr'><strong>quae-</strong></span> 
     </span>
     <span class='ocr_line' id='line_1_4' title="bbox 249 569 2273 660; baseline 0 -18"><span class='ocrx_word' id='word_1_30' title='bbox 249 587 390 642; x_wconf 84' lang='lat' dir='ltr'><strong>dam</strong></span> <span class='ocrx_word' id='word_1_31' title='bbox 421 585 570 642; x_wconf 89' lang='lat' dir='ltr'><strong>illius</strong></span> <span class='ocrx_word' id='word_1_32' title='bbox 607 583 937 657; x_wconf 73' lang='lat' dir='ltr'><strong>cognitionis</strong></span> <span class='ocrx_word' id='word_1_33' title='bbox 960 585 1310 658; x_wconf 86' lang='lat' dir='ltr'><strong>participatio</strong></span> <span class='ocrx_word' id='word_1_34' title='bbox 1338 593 1396 641; x_wconf 89' lang='lat' dir='ltr'><strong>et</strong></span> <span class='ocrx_word' id='word_1_35' title='bbox 1437 569 1760 643; x_wconf 78' lang='lat' dir='ltr'><strong>assimilatio</strong></span> <span class='ocrx_word' id='word_1_36' title='bbox 1802 587 1871 644; x_wconf 88' lang='lat' dir='ltr'><strong>ad</strong></span> <span class='ocrx_word' id='word_1_37' title='bbox 1908 588 2273 660; x_wconf 86' lang='lat' dir='ltr'><strong>cognitionem</strong></span> 
     </span>
     <span class='ocr_line' id='line_1_5' title="bbox 251 673 2272 750; baseline 0 -19"><span class='ocrx_word' id='word_1_38' title='bbox 251 674 528 741; x_wconf 81' lang='lat' dir='ltr'><strong>divinam,</strong></span> <span class='ocrx_word' id='word_1_39' title='bbox 561 675 616 729; x_wconf 89' lang='lat' dir='ltr'><strong>in</strong></span> <span class='ocrx_word' id='word_1_40' title='bbox 659 683 952 746; x_wconf 83' lang='lat' dir='ltr'><strong>quantum,</strong></span> <span class='ocrx_word' id='word_1_41' title='bbox 973 690 1069 745; x_wconf 85' lang='lat' dir='ltr'><strong>per</strong></span> <span class='ocrx_word' id='word_1_42' title='bbox 1115 674 1280 730; x_wconf 84' lang='lat' dir='ltr'><strong>fidem</strong></span> <span class='ocrx_word' id='word_1_43' title='bbox 1317 673 1477 730; x_wconf 85' lang='lat' dir='ltr'><strong>nobis</strong></span> <span class='ocrx_word' id='word_1_44' title='bbox 1515 674 1769 748; x_wconf 80' lang='lat' dir='ltr'><strong>infusam,</strong></span> <span class='ocrx_word' id='word_1_45' title='bbox 1800 675 2129 733; x_wconf 68' lang='lat' dir='ltr'><strong>inhaeremus</strong></span> <span class='ocrx_word' id='word_1_46' title='bbox 2170 677 2272 750; x_wconf 82' lang='lat' dir='ltr'><strong>ipsi</strong></span> 
     </span>
     <span class='ocr_line' id='line_1_6' title="bbox 249 763 2275 840; baseline 0.002 -22"><span class='ocrx_word' id='word_1_47' title='bbox 249 763 458 837; x_wconf 84' lang='lat' dir='ltr'><strong>primae</strong></span> <span class='ocrx_word' id='word_1_48' title='bbox 479 763 702 820; x_wconf 87' lang='lat' dir='ltr'><strong>veritati</strong></span> <span class='ocrx_word' id='word_1_49' title='bbox 731 768 954 836; x_wconf 88' lang='lat' dir='ltr'><strong>propter</strong></span> <span class='ocrx_word' id='word_1_50' title='bbox 985 763 1241 835; x_wconf 78' lang='lat' dir='ltr'><strong>seipsam.</strong></span> <span class='ocrx_word' id='word_1_51' title='bbox 1269 763 1336 819; x_wconf 89' lang='lat' dir='ltr'><strong>Et</strong></span> <span class='ocrx_word' id='word_1_52' title='bbox 1364 764 1508 820; x_wconf 88' lang='lat' dir='ltr'><strong>sicut</strong></span> <span class='ocrx_word' id='word_1_53' title='bbox 1534 765 1680 820; x_wconf 85' lang='lat' dir='ltr'><strong>Deus</strong></span> <span class='ocrx_word' id='word_1_54' title='bbox 1718 781 1787 820; x_wconf 86' lang='lat' dir='ltr'><strong>ex</strong></span> <span class='ocrx_word' id='word_1_55' title='bbox 1829 764 1931 822; x_wconf 90' lang='lat' dir='ltr'><strong>hoc</strong></span> <span class='ocrx_word' id='word_1_56' title='bbox 1968 766 2087 840; x_wconf 87' lang='lat' dir='ltr'><strong>ipso</strong></span> <span class='ocrx_word' id='word_1_57' title='bbox 2129 765 2275 839; x_wconf 91' lang='lat' dir='ltr'><strong>quod</strong></span> 
     </span>
     <span class='ocr_line' id='line_1_7' title="bbox 249 851 2275 925; baseline 0 -16"><span class='ocrx_word' id='word_1_58' title='bbox 249 852 548 925; x_wconf 80' lang='lat' dir='ltr'><strong>cognoscit</strong></span> <span class='ocrx_word' id='word_1_59' title='bbox 576 868 654 920; x_wconf 85' lang='lat' dir='ltr'><strong>se,</strong></span> <span class='ocrx_word' id='word_1_60' title='bbox 678 852 959 924; x_wconf 78' lang='lat' dir='ltr'><strong>cognoscit</strong></span> <span class='ocrx_word' id='word_1_61' title='bbox 985 851 1092 908; x_wconf 83' lang='lat' dir='ltr'><strong>alia</strong></span> <span class='ocrx_word' id='word_1_62' title='bbox 1119 851 1282 908; x_wconf 87' lang='lat' dir='ltr'><strong>modo</strong></span> <span class='ocrx_word' id='word_1_63' title='bbox 1310 867 1431 919; x_wconf 90' lang='lat' dir='ltr'><strong>suo,</strong></span> <span class='ocrx_word' id='word_1_64' title='bbox 1461 851 1516 908; x_wconf 89' lang='lat' dir='ltr'><strong>id</strong></span> <span class='ocrx_word' id='word_1_65' title='bbox 1544 859 1649 921; x_wconf 88' lang='lat' dir='ltr'><strong>est,</strong></span> <span class='ocrx_word' id='word_1_66' title='bbox 1677 853 1910 925; x_wconf 84' lang='lat' dir='ltr'><strong>simplici</strong></span> <span class='ocrx_word' id='word_1_67' title='bbox 1940 853 2138 910; x_wconf 87' lang='lat' dir='ltr'><strong>intuitu</strong></span> <span class='ocrx_word' id='word_1_68' title='bbox 2169 871 2275 910; x_wconf 89' lang='lat' dir='ltr'><strong>non</strong></span> 
     </span>
     <span class='ocr_line' id='line_1_8' title="bbox 250 939 2276 1015; baseline 0.001 -18"><span class='ocrx_word' id='word_1_69' title='bbox 250 941 629 998; x_wconf 81' lang='lat' dir='ltr'><strong>discurrendo</strong></span> <span class='ocrx_word' id='word_1_70' title='bbox 658 956 673 995; x_wconf 71' lang='grc' dir='ltr'><strong>ε</strong></span> <span class='ocrx_word' id='word_1_71' title='bbox 707 942 782 997; x_wconf 85' lang='lat' dir='ltr'><strong>ita</strong></span> <span class='ocrx_word' id='word_1_72' title='bbox 807 956 906 996; x_wconf 88' lang='lat' dir='ltr'><strong>nos</strong></span> <span class='ocrx_word' id='word_1_73' title='bbox 933 953 1000 996; x_wconf 83' lang='lat' dir='ltr'><strong>ex</strong></span> <span class='ocrx_word' id='word_1_74' title='bbox 1028 939 1113 996; x_wconf 85' lang='lat' dir='ltr'><strong>his</strong></span> <span class='ocrx_word' id='word_1_75' title='bbox 1137 957 1264 1013; x_wconf 78' lang='lat' dir='ltr'><strong>quae</strong></span> <span class='ocrx_word' id='word_1_76' title='bbox 1293 941 1400 997; x_wconf 85' lang='lat' dir='ltr'><strong>fide</strong></span> <span class='ocrx_word' id='word_1_77' title='bbox 1423 943 1672 1014; x_wconf 82' lang='lat' dir='ltr'><strong>capimus</strong></span> <span class='ocrx_word' id='word_1_78' title='bbox 1699 941 1889 1015; x_wconf 76' lang='lat' dir='ltr'><strong>primoe</strong></span> <span class='ocrx_word' id='word_1_79' title='bbox 1926 943 2164 1000; x_wconf 87' lang='lat' dir='ltr'><strong>veritati·</strong></span> <span class='ocrx_word' id='word_1_80' title='bbox 2187 945 2276 1000; x_wconf 90' lang='lat' dir='ltr'><strong>in·-</strong></span> 
     </span>
     <span class='ocr_line' id='line_1_9' title="bbox 248 1029 2275 1103; baseline 0 -17"><span class='ocrx_word' id='word_1_81' title='bbox 248 1030 546 1097; x_wconf 72' lang='lat' dir='ltr'><strong>haerend03</strong></span> <span class='ocrx_word' id='word_1_82' title='bbox 574 1029 824 1086; x_wconf 85' lang='lat' dir='ltr'><strong>venimus</strong></span> <span class='ocrx_word' id='word_1_83' title='bbox 845 1029 898 1084; x_wconf 92' lang='lat' dir='ltr'><strong>in</strong></span> <span class='ocrx_word' id='word_1_84' title='bbox 921 1029 1290 1103; x_wconf 82' lang='lat' dir='ltr'><strong>cognitionem</strong></span> <span class='ocrx_word' id='word_1_85' title='bbox 1318 1030 1549 1085; x_wconf 87' lang='lat' dir='ltr'><strong>aliorum</strong></span> <span class='ocrx_word' id='word_1_86' title='bbox 1570 1033 1869 1087; x_wconf 89' lang='lat' dir='ltr'><strong>secundum</strong></span> <span class='ocrx_word' id='word_1_87' title='bbox 1894 1030 2116 1087; x_wconf 89' lang='lat' dir='ltr'><strong>modum</strong></span> <span class='ocrx_word' id='word_1_88' title='bbox 2142 1045 2275 1088; x_wconf 88' lang='lat' dir='ltr'><strong>nos·-</strong></span> 
     </span>
     <span class='ocr_line' id='line_1_10' title="bbox 252 1116 2277 1190; baseline 0 -14"><span class='ocrx_word' id='word_1_89' title='bbox 252 1129 427 1187; x_wconf 88' lang='lat' dir='ltr'><strong>trum,</strong></span> <span class='ocrx_word' id='word_1_90' title='bbox 475 1118 692 1176; x_wconf 87' lang='lat' dir='ltr'><strong>scilicet</strong></span> <span class='ocrx_word' id='word_1_91' title='bbox 739 1116 1096 1174; x_wconf 83' lang='lat' dir='ltr'><strong>discurrendo</strong></span> <span class='ocrx_word' id='word_1_92' title='bbox 1143 1118 1212 1173; x_wconf 89' lang='lat' dir='ltr'><strong>de</strong></span> <span class='ocrx_word' id='word_1_93' title='bbox 1255 1117 1539 1190; x_wconf 82' lang='lat' dir='ltr'><strong>principiis</strong></span> <span class='ocrx_word' id='word_1_94' title='bbox 1580 1119 1649 1174; x_wconf 88' lang='lat' dir='ltr'><strong>ad</strong></span> <span class='ocrx_word' id='word_1_95' title='bbox 1695 1119 2093 1176; x_wconf 81' lang='lat' dir='ltr'><strong>conclusiones.</strong></span> <span class='ocrx_word' id='word_1_96' title='bbox 2122 1122 2277 1178; x_wconf 85' lang='lat' dir='ltr'><strong>Unde</strong></span> 
     </span>
     <span class='ocr_line' id='line_1_11' title="bbox 251 1207 2305 1282; baseline 0 -17"><span class='ocrx_word' id='word_1_97' title='bbox 251 1210 438 1282; x_wconf 84' lang='lat' dir='ltr'><strong>primo</strong></span> <span class='ocrx_word' id='word_1_98' title='bbox 466 1209 740 1281; x_wconf 80' lang='lat' dir='ltr'><strong>ipsa&#39;quae</strong></span> <span class='ocrx_word' id='word_1_99' title='bbox 765 1207 870 1265; x_wconf 84' lang='lat' dir='ltr'><strong>fide</strong></span> <span class='ocrx_word' id='word_1_100' title='bbox 897 1213 1160 1274; x_wconf 80' lang='lat' dir='ltr'><strong>tenemuS,</strong></span> <span class='ocrx_word' id='word_1_101' title='bbox 1189 1214 1316 1262; x_wconf 86' lang='lat' dir='ltr'><strong>sunt</strong></span> <span class='ocrx_word' id='word_1_102' title='bbox 1344 1207 1502 1263; x_wconf 88' lang='lat' dir='ltr'><strong>nobis</strong></span> <span class='ocrx_word' id='word_1_103' title='bbox 1526 1209 1693 1280; x_wconf 87' lang='lat' dir='ltr'><strong>quasi</strong></span> <span class='ocrx_word' id='word_1_104' title='bbox 1706 1209 1881 1280; x_wconf 87' lang='lat' dir='ltr'><strong>prima</strong></span> <span class='ocrx_word' id='word_1_105' title='bbox 1915 1209 2180 1281; x_wconf 88' lang='lat' dir='ltr'><strong>principia</strong></span> <span class='ocrx_word' id='word_1_106' title='bbox 2220 1210 2305 1266; x_wconf 89' lang='lat' dir='ltr'><strong>in-</strong></span> 
     </span>
     <span class='ocr_line' id='line_1_12' title="bbox 250 1295 2309 1371; baseline 0 -17"><span class='ocrx_word' id='word_1_107' title='bbox 250 1298 362 1354; x_wconf 86' lang='lat' dir='ltr'><strong>hac</strong></span> <span class='ocrx_word' id='word_1_108' title='bbox 385 1297 642 1365; x_wconf 85' lang='lat' dir='ltr'><strong>scientia,</strong></span> <span class='ocrx_word' id='word_1_109' title='bbox 671 1303 726 1352; x_wconf 90' lang='lat' dir='ltr'><strong>et</strong></span> <span class='ocrx_word' id='word_1_110' title='bbox 760 1295 868 1352; x_wconf 89' lang='lat' dir='ltr'><strong>alia</strong></span> <span class='ocrx_word' id='word_1_111' title='bbox 904 1301 1043 1351; x_wconf 90' lang='lat' dir='ltr'><strong>sunt</strong></span> <span class='ocrx_word' id='word_1_112' title='bbox 1057 1295 1214 1368; x_wconf 87' lang='lat' dir='ltr'><strong>quasi</strong></span> <span class='ocrx_word' id='word_1_113' title='bbox 1255 1295 1661 1352; x_wconf 66' lang='lat' dir='ltr'><strong>conclusiones·</strong></span> <span class='ocrx_word' id='word_1_114' title='bbox 1680 1297 1759 1352; x_wconf 86' lang='lat' dir='ltr'><strong>Ex</strong></span> <span class='ocrx_word' id='word_1_115' title='bbox 1778 1313 1888 1370; x_wconf 87' lang='lat' dir='ltr'><strong>quo</strong></span> <span class='ocrx_word' id='word_1_116' title='bbox 1928 1306 2081 1371; x_wconf 83' lang='lat' dir='ltr'><strong>patet</strong></span> <span class='ocrx_word' id='word_1_117' title='bbox 2128 1299 2274 1370; x_wconf 82' lang='lat' dir='ltr'><strong>quod</strong></span> <span class='ocrx_word' id='word_1_118' title='bbox 2304 1329 2309 1334; x_wconf 93' lang='lat'><em>·</em></span> 
     </span>
     <span class='ocr_line' id='line_1_13' title="bbox 250 1383 2272 1496; baseline 0 -54"><span class='ocrx_word' id='word_1_119' title='bbox 250 1386 376 1444; x_wconf 83' lang='lat' dir='ltr'><strong>haec</strong></span> <span class='ocrx_word' id='word_1_120' title='bbox 402 1387 643 1443; x_wconf 86' lang='lat' dir='ltr'><strong>scientia</strong></span> <span class='ocrx_word' id='word_1_121' title='bbox 679 1390 764 1440; x_wconf 86' lang='lat' dir='ltr'><strong>est</strong></span> <span class='ocrx_word' id='word_1_122' title='bbox 791 1384 974 1441; x_wconf 86' lang='lat' dir='ltr'><strong>altior</strong></span> <span class='ocrx_word' id='word_1_123' title='bbox 996 1383 1090 1441; x_wconf 90' lang='lat' dir='ltr'><strong>illa</strong></span> <span class='ocrx_word' id='word_1_124' title='bbox 1132 1383 1339 1451; x_wconf 84' lang='lat' dir='ltr'><strong>divina,</strong></span> <span class='ocrx_word' id='word_1_125' title='bbox 1363 1399 1529 1456; x_wconf 88' lang='lat' dir='ltr'><strong>quam</strong></span> <span class='ocrx_word' id='word_1_126' title='bbox 1568 1385 1874 1458; x_wconf 86' lang='lat' dir='ltr'><strong>Philosophi</strong></span> <span class='ocrx_word' id='word_1_127' title='bbox 1914 1386 2272 1496; x_wconf 82' lang='lat' dir='ltr'><strong>tradiderunt,</strong></span> 
     </span>
     <span class='ocr_line' id='line_1_14' title="bbox 251 1471 2119 1546; baseline -0.006 -11"><span class='ocrx_word' id='word_1_128' title='bbox 251 1493 383 1535; x_wconf 80' lang='lat' dir='ltr'><strong>cum</strong></span> <span class='ocrx_word' id='word_1_129' title='bbox 404 1492 473 1532; x_wconf 86' lang='lat' dir='ltr'><strong>ex</strong></span> <span class='ocrx_word' id='word_1_130' title='bbox 498 1473 788 1532; x_wconf 79' lang='lat' dir='ltr'><strong>altioribus</strong></span> <span class='ocrx_word' id='word_1_131' title='bbox 811 1473 1095 1546; x_wconf 75' lang='lat' dir='ltr'><strong>principiis</strong></span> <span class='ocrx_word' id='word_1_132' title='bbox 1123 1471 1404 1545; x_wconf 81' lang='lat' dir='ltr'><strong>procedat.</strong></span> <span class='ocrx_word' id='word_1_133' title='bbox 1520 1529 1525 1534; x_wconf 74' lang='grc'><strong>,</strong></span> <span class='ocrx_word' id='word_1_134' title='bbox 1637 1489 1641 1496; x_wconf 94' lang='grc'>·</span> <span class='ocrx_word' id='word_1_135' title='bbox 2113 1517 2119 1524; x_wconf 91' lang='grc'><strong>.</strong></span> 
     </span>
    </p>

    <p class='ocr_par' dir='ltr' id='par_1_3' title="bbox 249 1559 2305 2610">
     <span class='ocr_line' id='line_1_15' title="bbox 325 1559 2272 1637; baseline -0.001 -15"><span class='ocrx_word' id='word_1_136' title='bbox 325 1565 410 1622; x_wconf 80' lang='lat' dir='ltr'><strong>Ad</strong></span> <span class='ocrx_word' id='word_1_137' title='bbox 435 1565 677 1637; x_wconf 84' lang='lat' dir='ltr'><strong>primum</strong></span> <span class='ocrx_word' id='word_1_138' title='bbox 701 1577 832 1635; x_wconf 87' lang='lat' dir='ltr'><strong>ergo</strong></span> <span class='ocrx_word' id='word_1_139' title='bbox 855 1562 1166 1628; x_wconf 85' lang='lat' dir='ltr'><strong>dicendum,</strong></span> <span class='ocrx_word' id='word_1_140' title='bbox 1181 1559 1328 1634; x_wconf 90' lang='lat' dir='ltr'><strong>quod</strong></span> <span class='ocrx_word' id='word_1_141' title='bbox 1353 1561 1624 1634; x_wconf 80' lang='lat' dir='ltr'><strong>sapientia</strong></span> <span class='ocrx_word' id='word_1_142' title='bbox 1652 1576 1762 1618; x_wconf 88' lang='lat' dir='ltr'><strong>non</strong></span> <span class='ocrx_word' id='word_1_143' title='bbox 1791 1560 2055 1620; x_wconf 88' lang='lat' dir='ltr'><strong>dividitur</strong></span> <span class='ocrx_word' id='word_1_144' title='bbox 2083 1571 2272 1622; x_wconf 88' lang='lat' dir='ltr'><strong>contra</strong></span> 
     </span>
     <span class='ocr_line' id='line_1_16' title="bbox 251 1650 2305 1724; baseline -0.001 -12"><span class='ocrx_word' id='word_1_145' title='bbox 251 1655 574 1721; x_wconf 81' lang='lat' dir='ltr'><strong>scientiam,</strong></span> <span class='ocrx_word' id='word_1_146' title='bbox 607 1653 752 1708; x_wconf 87' lang='lat' dir='ltr'><strong>sicut</strong></span> <span class='ocrx_word' id='word_1_147' title='bbox 791 1651 1099 1723; x_wconf 84' lang='lat' dir='ltr'><strong>oppositum</strong></span> <span class='ocrx_word' id='word_1_148' title='bbox 1127 1656 1320 1706; x_wconf 82' lang='lat' dir='ltr'><strong>contra</strong></span> <span class='ocrx_word' id='word_1_149' title='bbox 1347 1650 1679 1722; x_wconf 85' lang='lat' dir='ltr'><strong>oppositum,</strong></span> <span class='ocrx_word' id='word_1_150' title='bbox 1705 1651 1801 1707; x_wconf 84' lang='lat' dir='ltr'><strong>sed</strong></span> <span class='ocrx_word' id='word_1_151' title='bbox 1839 1651 1969 1724; x_wconf 86' lang='lat' dir='ltr'><strong>quia</strong></span> <span class='ocrx_word' id='word_1_152' title='bbox 2011 1666 2073 1708; x_wconf 86' lang='lat' dir='ltr'><strong>se</strong></span> <span class='ocrx_word' id='word_1_153' title='bbox 2109 1653 2305 1710; x_wconf 81' lang='lat' dir='ltr'><strong>habet·</strong></span> 
     </span>
     <span class='ocr_line' id='line_1_17' title="bbox 250 1737 2272 1810; baseline -0 -10"><span class='ocrx_word' id='word_1_154' title='bbox 250 1760 325 1800; x_wconf 86' lang='lat' dir='ltr'><strong>ex</strong></span> <span class='ocrx_word' id='word_1_155' title='bbox 348 1741 640 1799; x_wconf 80' lang='lat' dir='ltr'><strong>additione</strong></span> <span class='ocrx_word' id='word_1_156' title='bbox 662 1741 733 1796; x_wconf 86' lang='lat' dir='ltr'><strong>ad</strong></span> <span class='ocrx_word' id='word_1_157' title='bbox 759 1739 1069 1796; x_wconf 78' lang='lat' dir='ltr'><strong>scientiam.</strong></span> <span class='ocrx_word' id='word_1_158' title='bbox 1095 1738 1166 1794; x_wconf 88' lang='lat' dir='ltr'><strong>Et</strong></span> <span class='ocrx_word' id='word_1_159' title='bbox 1195 1738 1346 1802; x_wconf 56' lang='lat' dir='ltr'><strong>enim,</strong></span> <span class='ocrx_word' id='word_1_160' title='bbox 1367 1737 1659 1810; x_wconf 87' lang='lat' dir='ltr'><strong>sapientia,</strong></span> <span class='ocrx_word' id='word_1_161' title='bbox 1688 1744 1749 1794; x_wconf 86' lang='lat' dir='ltr'><strong>ut</strong></span> <span class='ocrx_word' id='word_1_162' title='bbox 1772 1739 1909 1796; x_wconf 87' lang='lat' dir='ltr'><strong>dicit</strong></span> <span class='ocrx_word' id='word_1_163' title='bbox 1948 1740 2191 1805; x_wconf 58' lang='lat' dir='ltr'><strong>Philoso„</strong></span> <span class='ocrx_word' id='word_1_164' title='bbox 2212 1758 2272 1799; x_wconf 75' lang='lat' dir='ltr'><strong>vr</strong></span> 
     </span>
     <span class='ocr_line' id='line_1_18' title="bbox 249 1827 2273 1902; baseline -0 -14"><span class='ocrx_word' id='word_1_165' title='bbox 249 1833 602 1899; x_wconf 88' lang='lat' dir='ltr'><strong>Ethicorum,</strong></span> <span class='ocrx_word' id='word_1_166' title='bbox 629 1833 798 1902; x_wconf 83' lang='lat' dir='ltr'><strong>caput</strong></span> <span class='ocrx_word' id='word_1_167' title='bbox 843 1828 1086 1884; x_wconf 88' lang='lat' dir='ltr'><strong>omnium</strong></span> <span class='ocrx_word' id='word_1_168' title='bbox 1128 1827 1501 1894; x_wconf 81' lang='lat' dir='ltr'><strong>scientiarum,</strong></span> <span class='ocrx_word' id='word_1_169' title='bbox 1524 1827 1778 1899; x_wconf 79' lang='lat' dir='ltr'><strong>regularis</strong></span> <span class='ocrx_word' id='word_1_170' title='bbox 1822 1843 2011 1886; x_wconf 87' lang='lat' dir='ltr'><strong>omnes</strong></span> <span class='ocrx_word' id='word_1_171' title='bbox 2048 1830 2184 1886; x_wconf 89' lang='lat' dir='ltr'><strong>alias</strong></span> <span class='ocrx_word' id='word_1_172' title='bbox 2217 1833 2273 1887; x_wconf 86' lang='lat' dir='ltr'><strong>iu</strong></span> 
     </span>
     <span class='ocr_line' id='line_1_19' title="bbox 251 1915 2271 1995; baseline -0 -18"><span class='ocrx_word' id='word_1_173' title='bbox 251 1925 533 1995; x_wconf 86' lang='lat' dir='ltr'><strong>quantum</strong></span> <span class='ocrx_word' id='word_1_174' title='bbox 573 1919 643 1976; x_wconf 89' lang='lat' dir='ltr'><strong>de</strong></span> <span class='ocrx_word' id='word_1_175' title='bbox 686 1917 1000 1978; x_wconf 84' lang='lat' dir='ltr'><strong>altissimis</strong></span> <span class='ocrx_word' id='word_1_176' title='bbox 1014 1915 1297 1988; x_wconf 86' lang='lat' dir='ltr'><strong>principiis</strong></span> <span class='ocrx_word' id='word_1_177' title='bbox 1343 1922 1475 1974; x_wconf 86' lang='lat' dir='ltr'><strong>est:</strong></span> <span class='ocrx_word' id='word_1_178' title='bbox 1508 1923 1731 1988; x_wconf 86' lang='lat' dir='ltr'><strong>propter</strong></span> <span class='ocrx_word' id='word_1_179' title='bbox 1771 1917 1917 1990; x_wconf 87' lang='lat' dir='ltr'><strong>quod</strong></span> <span class='ocrx_word' id='word_1_180' title='bbox 1960 1918 2125 1974; x_wconf 83' lang='lat' dir='ltr'><strong>etiam</strong></span> <span class='ocrx_word' id='word_1_181' title='bbox 2167 1919 2271 1976; x_wconf 87' lang='lat' dir='ltr'><strong>dea</strong></span> 
     </span>
     <span class='ocr_line' id='line_1_20' title="bbox 249 2004 2272 2082; baseline -0.002 -14"><span class='ocrx_word' id='word_1_182' title='bbox 249 2011 641 2082; x_wconf 83' lang='lat' dir='ltr'><strong>scientiarum</strong></span> <span class='ocrx_word' id='word_1_183' title='bbox 661 2006 864 2064; x_wconf 83' lang='lat' dir='ltr'><strong>dicitur</strong></span> <span class='ocrx_word' id='word_1_184' title='bbox 901 2020 922 2062; x_wconf 83' lang='grc' dir='ltr'><strong><em>ι</em></strong></span> <span class='ocrx_word' id='word_1_185' title='bbox 955 2005 1239 2078; x_wconf 76' lang='lat' dir='ltr'><strong>Metaphy.</strong></span> <span class='ocrx_word' id='word_1_186' title='bbox 1289 2013 1345 2062; x_wconf 88' lang='lat' dir='ltr'><strong>et</strong></span> <span class='ocrx_word' id='word_1_187' title='bbox 1392 2004 1565 2070; x_wconf 85' lang='lat' dir='ltr'><strong>multo</strong></span> <span class='ocrx_word' id='word_1_188' title='bbox 1608 2007 1799 2077; x_wconf 82' lang='lat' dir='ltr'><strong>magis</strong></span> <span class='ocrx_word' id='word_1_189' title='bbox 1820 2005 1939 2064; x_wconf 83' lang='lat' dir='ltr'><strong>haeo</strong></span> <span class='ocrx_word' id='word_1_190' title='bbox 1989 2022 2113 2079; x_wconf 83' lang='lat' dir='ltr'><strong>quae</strong></span> <span class='ocrx_word' id='word_1_191' title='bbox 2166 2023 2272 2064; x_wconf 91' lang='lat' dir='ltr'><strong>non</strong></span> 
     </span>
     <span class='ocr_line' id='line_1_21' title="bbox 251 2093 2273 2167; baseline -0.001 -12"><span class='ocrx_word' id='word_1_192' title='bbox 251 2099 436 2156; x_wconf 86' lang='lat' dir='ltr'><strong>solum</strong></span> <span class='ocrx_word' id='word_1_193' title='bbox 473 2098 575 2154; x_wconf 88' lang='lat' dir='ltr'><strong>de</strong></span> <span class='ocrx_word' id='word_1_194' title='bbox 587 2095 890 2163; x_wconf 78' lang='lat' dir='ltr'><strong>altissimiS,</strong></span> <span class='ocrx_word' id='word_1_195' title='bbox 930 2093 1028 2158; x_wconf 82' lang='lat' dir='ltr'><strong>sed</strong></span> <span class='ocrx_word' id='word_1_196' title='bbox 1073 2110 1138 2150; x_wconf 87' lang='lat' dir='ltr'><strong>ex</strong></span> <span class='ocrx_word' id='word_1_197' title='bbox 1175 2093 1463 2156; x_wconf 85' lang='lat' dir='ltr'><strong>altissimis</strong></span> <span class='ocrx_word' id='word_1_198' title='bbox 1498 2101 1603 2150; x_wconf 80' lang='lat' dir='ltr'><strong>est.</strong></span> <span class='ocrx_word' id='word_1_199' title='bbox 1638 2094 1911 2167; x_wconf 88' lang='lat' dir='ltr'><strong>Sapientis</strong></span> <span class='ocrx_word' id='word_1_200' title='bbox 1957 2103 2141 2151; x_wconf 84' lang='lat' dir='ltr'><strong>autem</strong></span> <span class='ocrx_word' id='word_1_201' title='bbox 2188 2102 2273 2158; x_wconf 81' lang='lat' dir='ltr'><strong>est</strong></span> 
     </span>
     <span class='ocr_line' id='line_1_22' title="bbox 253 2181 2273 2256; baseline -0.002 -11"><span class='ocrx_word' id='word_1_202' title='bbox 253 2188 540 2256; x_wconf 83' lang='lat' dir='ltr'><strong>ordinare,</strong></span> <span class='ocrx_word' id='word_1_203' title='bbox 571 2191 630 2241; x_wconf 87' lang='lat' dir='ltr'><strong>et</strong></span> <span class='ocrx_word' id='word_1_204' title='bbox 655 2184 788 2241; x_wconf 87' lang='lat' dir='ltr'><strong>ideo</strong></span> <span class='ocrx_word' id='word_1_205' title='bbox 802 2185 918 2241; x_wconf 86' lang='lat' dir='ltr'><strong>ista</strong></span> <span class='ocrx_word' id='word_1_206' title='bbox 937 2183 1188 2246; x_wconf 84' lang='lat' dir='ltr'><strong>scientia</strong></span> <span class='ocrx_word' id='word_1_207' title='bbox 1185 2182 1479 2249; x_wconf 84' lang='lat' dir='ltr'><strong>altissima,</strong></span> <span class='ocrx_word' id='word_1_208' title='bbox 1512 2197 1636 2256; x_wconf 82' lang='lat' dir='ltr'><strong>quae</strong></span> <span class='ocrx_word' id='word_1_209' title='bbox 1660 2197 1846 2240; x_wconf 87' lang='lat' dir='ltr'><strong>omnes</strong></span> <span class='ocrx_word' id='word_1_210' title='bbox 1883 2181 2019 2243; x_wconf 83' lang='lat' dir='ltr'><strong>alias</strong></span> <span class='ocrx_word' id='word_1_211' title='bbox 2056 2185 2273 2241; x_wconf 84' lang='lat' dir='ltr'><strong>ordinat</strong></span> 
     </span>
     <span class='ocr_line' id='line_1_23' title="bbox 254 2270 2293 2347; baseline -0.005 -15"><span class='ocrx_word' id='word_1_212' title='bbox 254 2288 312 2334; x_wconf 84' lang='lat' dir='ltr'><strong>et</strong></span> <span class='ocrx_word' id='word_1_213' title='bbox 337 2274 576 2347; x_wconf 69' lang='lat' dir='ltr'><strong>regum,</strong></span> <span class='ocrx_word' id='word_1_214' title='bbox 607 2272 876 2346; x_wconf 85' lang='lat' dir='ltr'><strong>sapientia</strong></span> <span class='ocrx_word' id='word_1_215' title='bbox 896 2270 1117 2338; x_wconf 81' lang='lat' dir='ltr'><strong>dicitur,</strong></span> <span class='ocrx_word' id='word_1_216' title='bbox 1145 2272 1288 2328; x_wconf 86' lang='lat' dir='ltr'><strong>sicut</strong></span> <span class='ocrx_word' id='word_1_217' title='bbox 1313 2272 1366 2328; x_wconf 89' lang='lat' dir='ltr'><strong>in</strong></span> <span class='ocrx_word' id='word_1_218' title='bbox 1393 2270 1605 2327; x_wconf 87' lang='lat' dir='ltr'><strong>artibus</strong></span> <span class='ocrx_word' id='word_1_219' title='bbox 1634 2271 1967 2328; x_wconf 83' lang='lat' dir='ltr'><strong>mechanicis</strong></span> <span class='ocrx_word' id='word_1_220' title='bbox 1996 2273 2293 2345; x_wconf 82' lang='lat' dir='ltr'><strong>sapientes.</strong></span> 
     </span>
     <span class='ocr_line' id='line_1_24' title="bbox 253 2359 2273 2434; baseline -0.001 -12"><span class='ocrx_word' id='word_1_221' title='bbox 253 2365 498 2422; x_wconf 83' lang='lat' dir='ltr'><strong>dicimus</strong></span> <span class='ocrx_word' id='word_1_222' title='bbox 540 2363 664 2419; x_wconf 89' lang='lat' dir='ltr'><strong>illos</strong></span> <span class='ocrx_word' id='word_1_223' title='bbox 700 2361 795 2434; x_wconf 89' lang='lat' dir='ltr'><strong>qui</strong></span> <span class='ocrx_word' id='word_1_224' title='bbox 843 2359 978 2417; x_wconf 87' lang='lat' dir='ltr'><strong>alios</strong></span> <span class='ocrx_word' id='word_1_225' title='bbox 1019 2359 1286 2432; x_wconf 72' lang='lat' dir='ltr'><strong>regulam,</strong></span> <span class='ocrx_word' id='word_1_226' title='bbox 1333 2365 1394 2414; x_wconf 86' lang='lat' dir='ltr'><strong>ut</strong></span> <span class='ocrx_word' id='word_1_227' title='bbox 1432 2359 1763 2424; x_wconf 75' lang='lat' dir='ltr'><strong>architectos</strong></span> <span class='ocrx_word' id='word_1_228' title='bbox 1806 2377 1818 2413; x_wconf 92' lang='lat'>:</span> <span class='ocrx_word' id='word_1_229' title='bbox 1855 2359 2101 2417; x_wconf 85' lang='lat' dir='ltr'><strong>scientiae</strong></span> <span class='ocrx_word' id='word_1_230' title='bbox 2142 2377 2273 2419; x_wconf 85' lang='lat' dir='ltr'><strong>vero</strong></span> 
     </span>
     <span class='ocr_line' id='line_1_25' title="bbox 258 2437 2273 2520; baseline -0.002 -9"><span class='ocrx_word' id='word_1_231' title='bbox 258 2469 458 2512; x_wconf 88' lang='lat' dir='ltr'><strong>nomen</strong></span> <span class='ocrx_word' id='word_1_232' title='bbox 478 2437 614 2510; x_wconf 78' lang='lat' dir='ltr'><strong>‘aliis&#39;</strong></span> <span class='ocrx_word' id='word_1_233' title='bbox 628 2449 978 2506; x_wconf 79' lang='lat' dir='ltr'><strong>inferioribus</strong></span> <span class='ocrx_word' id='word_1_234' title='bbox 997 2448 1343 2520; x_wconf 86' lang='lat' dir='ltr'><strong>relinquitur,</strong></span> <span class='ocrx_word' id='word_1_235' title='bbox 1372 2452 1429 2502; x_wconf 91' lang='lat' dir='ltr'><strong>et</strong></span> <span class='ocrx_word' id='word_1_236' title='bbox 1456 2447 1757 2503; x_wconf 88' lang='lat' dir='ltr'><strong>secundum</strong></span> <span class='ocrx_word' id='word_1_237' title='bbox 1779 2446 1883 2503; x_wconf 92' lang='lat' dir='ltr'><strong>hoc</strong></span> <span class='ocrx_word' id='word_1_238' title='bbox 1917 2449 2150 2508; x_wconf 87' lang='lat' dir='ltr'><strong>scientia</strong></span> <span class='ocrx_word' id='word_1_239' title='bbox 2182 2451 2273 2507; x_wconf 88' lang='lat' dir='ltr'><strong>di-</strong></span> 
     </span>
     <span class='ocr_line' id='line_1_26' title="bbox 260 2533 2160 2610; baseline -0.004 -10"><span class='ocrx_word' id='word_1_240' title='bbox 260 2544 468 2601; x_wconf 84' lang='lat' dir='ltr'><strong>viditur</strong></span> <span class='ocrx_word' id='word_1_241' title='bbox 490 2547 686 2596; x_wconf 88' lang='lat' dir='ltr'><strong>contra</strong></span> <span class='ocrx_word' id='word_1_242' title='bbox 710 2537 1036 2610; x_wconf 87' lang='lat' dir='ltr'><strong>sapientiam</strong></span> <span class='ocrx_word' id='word_1_243' title='bbox 1064 2537 1207 2592; x_wconf 86' lang='lat' dir='ltr'><strong>sicut</strong></span> <span class='ocrx_word' id='word_1_244' title='bbox 1238 2533 1518 2608; x_wconf 88' lang='lat' dir='ltr'><strong>proprium</strong></span> <span class='ocrx_word' id='word_1_245' title='bbox 1547 2541 1737 2591; x_wconf 84' lang='lat' dir='ltr'><strong>contra</strong></span> <span class='ocrx_word' id='word_1_246' title='bbox 1766 2535 2160 2592; x_wconf 77' lang='lat' dir='ltr'><strong>definitionem.</strong></span> 
     </span>
    </p>

    <p class='ocr_par' dir='ltr' id='par_1_4' title="bbox 259 2622 2294 3412">
     <span class='ocr_line' id='line_1_27' title="bbox 327 2622 2279 2698; baseline -0.001 -10"><span class='ocrx_word' id='word_1_247' title='bbox 327 2631 416 2688; x_wconf 81' lang='lat' dir='ltr'><strong>Ad</strong></span> <span class='ocrx_word' id='word_1_248' title='bbox 443 2628 746 2686; x_wconf 81' lang='lat' dir='ltr'><strong>secundum</strong></span> <span class='ocrx_word' id='word_1_249' title='bbox 773 2624 1081 2692; x_wconf 85' lang='lat' dir='ltr'><strong>dicendum,</strong></span> <span class='ocrx_word' id='word_1_250' title='bbox 1114 2622 1283 2696; x_wconf 83' lang='lat' dir='ltr'><strong>quod,</strong></span> <span class='ocrx_word' id='word_1_251' title='bbox 1307 2623 1451 2678; x_wconf 87' lang='lat' dir='ltr'><strong>sicut</strong></span> <span class='ocrx_word' id='word_1_252' title='bbox 1488 2638 1653 2694; x_wconf 85' lang='lat' dir='ltr'><strong>supra</strong></span> <span class='ocrx_word' id='word_1_253' title='bbox 1688 2622 1897 2680; x_wconf 86' lang='lat' dir='ltr'><strong>dictum</strong></span> <span class='ocrx_word' id='word_1_254' title='bbox 1920 2631 2022 2692; x_wconf 89' lang='lat' dir='ltr'><strong>est,</strong></span> <span class='ocrx_word' id='word_1_255' title='bbox 2050 2627 2279 2698; x_wconf 81' lang='lat' dir='ltr'><strong>quando</strong></span> 
     </span>
     <span class='ocr_line' id='line_1_28' title="bbox 259 2712 2271 2789; baseline -0.003 -11"><span class='ocrx_word' id='word_1_256' title='bbox 259 2735 446 2778; x_wconf 81' lang='lat' dir='ltr'><strong>causae</strong></span> <span class='ocrx_word' id='word_1_257' title='bbox 481 2725 888 2789; x_wconf 86' lang='lat' dir='ltr'><strong>cognoscuntur</strong></span> <span class='ocrx_word' id='word_1_258' title='bbox 921 2730 1018 2787; x_wconf 89' lang='lat' dir='ltr'><strong>per</strong></span> <span class='ocrx_word' id='word_1_259' title='bbox 1057 2728 1187 2770; x_wconf 88' lang='lat' dir='ltr'><strong>suos</strong></span> <span class='ocrx_word' id='word_1_260' title='bbox 1227 2712 1738 2778; x_wconf 75' lang='lat' dir='ltr'><strong>effectus‚,eflectus</strong></span> <span class='ocrx_word' id='word_1_261' title='bbox 1779 2713 2020 2785; x_wconf 87' lang='lat' dir='ltr'><strong>cognitio</strong></span> <span class='ocrx_word' id='word_1_262' title='bbox 2055 2717 2271 2789; x_wconf 72' lang='lat' dir='ltr'><strong>supplet</strong></span> 
     </span>
     <span class='ocr_line' id='line_1_29' title="bbox 259 2800 2294 2877; baseline -0.002 -11"><span class='ocrx_word' id='word_1_263' title='bbox 259 2809 442 2866; x_wconf 88' lang='lat' dir='ltr'><strong>locum</strong></span> <span class='ocrx_word' id='word_1_264' title='bbox 469 2804 801 2877; x_wconf 82' lang='lat' dir='ltr'><strong>cognitionis</strong></span> <span class='ocrx_word' id='word_1_265' title='bbox 822 2801 1149 2876; x_wconf 88' lang='lat' dir='ltr'><strong>quidditatis</strong></span> <span class='ocrx_word' id='word_1_266' title='bbox 1170 2815 1372 2868; x_wconf 74' lang='lat' dir='ltr'><strong>causae,</strong></span> <span class='ocrx_word' id='word_1_267' title='bbox 1402 2815 1528 2871; x_wconf 79' lang='lat' dir='ltr'><strong>quae</strong></span> <span class='ocrx_word' id='word_1_268' title='bbox 1551 2801 1847 2872; x_wconf 81' lang='lat' dir='ltr'><strong>requiritur</strong></span> <span class='ocrx_word' id='word_1_269' title='bbox 1872 2801 1927 2857; x_wconf 90' lang='lat' dir='ltr'><strong>in</strong></span> <span class='ocrx_word' id='word_1_270' title='bbox 1955 2800 2064 2858; x_wconf 86' lang='lat' dir='ltr'><strong>illis</strong></span> <span class='ocrx_word' id='word_1_271' title='bbox 2088 2805 2294 2862; x_wconf 84' lang='lat' dir='ltr'><strong>scien-·</strong></span> 
     </span>
     <span class='ocr_line' id='line_1_30' title="bbox 259 2887 2269 2969; baseline -0.002 -14"><span class='ocrx_word' id='word_1_272' title='bbox 259 2899 356 2955; x_wconf 89' lang='lat' dir='ltr'><strong>tiis</strong></span> <span class='ocrx_word' id='word_1_273' title='bbox 386 2911 516 2969; x_wconf 85' lang='lat' dir='ltr'><strong>quae</strong></span> <span class='ocrx_word' id='word_1_274' title='bbox 538 2901 668 2950; x_wconf 89' lang='lat' dir='ltr'><strong>sunt</strong></span> <span class='ocrx_word' id='word_1_275' title='bbox 691 2893 760 2948; x_wconf 89' lang='lat' dir='ltr'><strong>de</strong></span> <span class='ocrx_word' id='word_1_276' title='bbox 789 2892 950 2948; x_wconf 88' lang='lat' dir='ltr'><strong>rebus</strong></span> <span class='ocrx_word' id='word_1_277' title='bbox 975 2905 1101 2964; x_wconf 82' lang='lat' dir='ltr'><strong>quae</strong></span> <span class='ocrx_word' id='word_1_278' title='bbox 1121 2905 1216 2961; x_wconf 89' lang='lat' dir='ltr'><strong>per</strong></span> <span class='ocrx_word' id='word_1_279' title='bbox 1239 2905 1298 2944; x_wconf 89' lang='lat' dir='ltr'><strong>se</strong></span> <span class='ocrx_word' id='word_1_280' title='bbox 1325 2887 1475 2960; x_wconf 86' lang='lat' dir='ltr'><strong>ipsas</strong></span> <span class='ocrx_word' id='word_1_281' title='bbox 1501 2890 1756 2959; x_wconf 83' lang='lat' dir='ltr'><strong>cognosci</strong></span> <span class='ocrx_word' id='word_1_282' title='bbox 1785 2905 1889 2946; x_wconf 92' lang='lat' dir='ltr'><strong>non</strong></span> <span class='ocrx_word' id='word_1_283' title='bbox 1916 2899 2186 2963; x_wconf 75' lang='lat' dir='ltr'><strong>possunt-z</strong></span> <span class='ocrx_word' id='word_1_284' title='bbox 2216 2902 2269 2950; x_wconf 86' lang='lat' dir='ltr'><strong>et</strong></span> 
     </span>
     <span class='ocr_line' id='line_1_31' title="bbox 259 2975 2267 3056; baseline -0.002 -14"><span class='ocrx_word' id='word_1_285' title='bbox 259 2988 343 3044; x_wconf 87' lang='lat' dir='ltr'><strong>sic</strong></span> <span class='ocrx_word' id='word_1_286' title='bbox 371 2987 483 3041; x_wconf 80' lang='lat' dir='ltr'><strong>non</strong></span> <span class='ocrx_word' id='word_1_287' title='bbox 509 2986 730 3056; x_wconf 86' lang='lat' dir='ltr'><strong>oportet</strong></span> <span class='ocrx_word' id='word_1_288' title='bbox 757 2979 904 3053; x_wconf 88' lang='lat' dir='ltr'><strong>quod</strong></span> <span class='ocrx_word' id='word_1_289' title='bbox 931 2979 1001 3036; x_wconf 86' lang='lat' dir='ltr'><strong>ad</strong></span> <span class='ocrx_word' id='word_1_290' title='bbox 1029 2978 1133 3034; x_wconf 90' lang='lat' dir='ltr'><strong>hoc</strong></span> <span class='ocrx_word' id='word_1_291' title='bbox 1161 2978 1318 3051; x_wconf 88' lang='lat' dir='ltr'><strong>quod·</strong></span> <span class='ocrx_word' id='word_1_292' title='bbox 1335 2976 1404 3032; x_wconf 82' lang='lat' dir='ltr'><strong>de</strong></span> <span class='ocrx_word' id='word_1_293' title='bbox 1432 2975 1632 3032; x_wconf 86' lang='lat' dir='ltr'><strong>divinis</strong></span> <span class='ocrx_word' id='word_1_294' title='bbox 1656 2977 1941 3036; x_wconf 84' lang='lat' dir='ltr'><strong>scientiam</strong></span> <span class='ocrx_word' id='word_1_295' title='bbox 1988 2980 2267 3051; x_wconf 77' lang='lat' dir='ltr'><strong>habemuS,</strong></span> 
     </span>
     <span class='ocr_line' id='line_1_32' title="bbox 261 3065 2269 3150; baseline -0.002 -19"><span class='ocrx_word' id='word_1_296' title='bbox 261 3075 595 3150; x_wconf 80' lang='lat' dir='ltr'><strong>praescia&#39;tur</strong></span> <span class='ocrx_word' id='word_1_297' title='bbox 619 3071 688 3126; x_wconf 84' lang='lat' dir='ltr'><strong>de</strong></span> <span class='ocrx_word' id='word_1_298' title='bbox 715 3070 830 3126; x_wconf 89' lang='lat' dir='ltr'><strong>Deo</strong></span> <span class='ocrx_word' id='word_1_299' title='bbox 857 3067 990 3141; x_wconf 89' lang='lat' dir='ltr'><strong>quid</strong></span> <span class='ocrx_word' id='word_1_300' title='bbox 1021 3074 1127 3124; x_wconf 87' lang='lat' dir='ltr'><strong>est.</strong></span> <span class='ocrx_word' id='word_1_301' title='bbox 1159 3065 1254 3122; x_wconf 82' lang='lat' dir='ltr'><strong>Vel</strong></span> <span class='ocrx_word' id='word_1_302' title='bbox 1304 3071 1485 3136; x_wconf 85' lang='lat' dir='ltr'><strong>potest</strong></span> <span class='ocrx_word' id='word_1_303' title='bbox 1514 3065 1621 3122; x_wconf 87' lang='lat' dir='ltr'><strong>dici</strong></span> <span class='ocrx_word' id='word_1_304' title='bbox 1652 3066 1797 3138; x_wconf 90' lang='lat' dir='ltr'><strong>quod</strong></span> <span class='ocrx_word' id='word_1_305' title='bbox 1825 3066 1933 3123; x_wconf 87' lang='lat' dir='ltr'><strong>ho&#39;</strong></span> <span class='ocrx_word' id='word_1_306' title='bbox 1919 3084 2096 3141; x_wconf 80' lang='lat' dir='ltr'><strong>ipsum</strong></span> <span class='ocrx_word' id='word_1_307' title='bbox 2125 3072 2269 3142; x_wconf 90' lang='lat' dir='ltr'><strong>quod</strong></span> 
     </span>
     <span class='ocr_line' id='line_1_33' title="bbox 261 3142 2271 3232; baseline -0.002 -13"><span class='ocrx_word' id='word_1_308' title='bbox 261 3165 472 3220; x_wconf 82' lang='lat' dir='ltr'><strong>seimus</strong></span> <span class='ocrx_word' id='word_1_309' title='bbox 494 3160 566 3215; x_wconf 86' lang='lat' dir='ltr'><strong>de</strong></span> <span class='ocrx_word' id='word_1_310' title='bbox 587 3159 703 3215; x_wconf 87' lang='lat' dir='ltr'><strong>Deo</strong></span> <span class='ocrx_word' id='word_1_311' title='bbox 726 3157 858 3231; x_wconf 90' lang='lat' dir='ltr'><strong>quid</strong></span> <span class='ocrx_word' id='word_1_312' title='bbox 887 3171 995 3212; x_wconf 90' lang='lat' dir='ltr'><strong>non</strong></span> <span class='ocrx_word' id='word_1_313' title='bbox 1023 3161 1126 3222; x_wconf 90' lang='lat' dir='ltr'><strong>est,</strong></span> <span class='ocrx_word' id='word_1_314' title='bbox 1153 3151 1411 3226; x_wconf 86' lang='lat' dir='ltr'><strong>supplet</strong></span> <span class='ocrx_word' id='word_1_315' title='bbox 1395 3169 1453 3209; x_wconf 88' lang='lat' dir='ltr'><strong>m</strong></span> <span class='ocrx_word' id='word_1_316' title='bbox 1482 3142 1667 3210; x_wconf 78' lang='lat' dir='ltr'><strong>divina</strong></span> <span class='ocrx_word' id='word_1_317' title='bbox 1690 3155 1917 3212; x_wconf 85' lang='lat' dir='ltr'><strong>scientia</strong></span> <span class='ocrx_word' id='word_1_318' title='bbox 1942 3156 2117 3212; x_wconf 90' lang='lat' dir='ltr'><strong>locum</strong></span> <span class='ocrx_word' id='word_1_319' title='bbox 2138 3175 2271 3232; x_wconf 84' lang='lat' dir='ltr'><strong>cog-</strong></span> 
     </span>
     <span class='ocr_line' id='line_1_34' title="bbox 263 3231 2271 3321; baseline -0.001 -13"><span class='ocrx_word' id='word_1_320' title='bbox 263 3250 502 3321; x_wconf 82' lang='lat' dir='ltr'><strong>nitionis</strong></span> <span class='ocrx_word' id='word_1_321' title='bbox 511 3247 646 3321; x_wconf 88' lang='lat' dir='ltr'><strong>quid</strong></span> <span class='ocrx_word' id='word_1_322' title='bbox 671 3254 798 3303; x_wconf 87' lang='lat' dir='ltr'><strong>est:</strong></span> <span class='ocrx_word' id='word_1_323' title='bbox 826 3245 974 3316; x_wconf 88' lang='lat' dir='ltr'><strong>quia</strong></span> <span class='ocrx_word' id='word_1_324' title='bbox 980 3243 1122 3300; x_wconf 86' lang='lat' dir='ltr'><strong>sicut</strong></span> <span class='ocrx_word' id='word_1_325' title='bbox 1147 3257 1243 3314; x_wconf 87' lang='lat' dir='ltr'><strong>per</strong></span> <span class='ocrx_word' id='word_1_326' title='bbox 1269 3241 1401 3314; x_wconf 80' lang='lat' dir='ltr'><strong>quid</strong></span> <span class='ocrx_word' id='word_1_327' title='bbox 1426 3231 1511 3298; x_wconf 81' lang='lat' dir='ltr'><strong>est</strong></span> <span class='ocrx_word' id='word_1_328' title='bbox 1536 3241 1890 3314; x_wconf 83' lang='lat' dir='ltr'><strong>distinguitur</strong></span> <span class='ocrx_word' id='word_1_329' title='bbox 1913 3259 2003 3302; x_wconf 86' lang='lat' dir='ltr'><strong>res</strong></span> <span class='ocrx_word' id='word_1_330' title='bbox 2030 3246 2101 3308; x_wconf 88' lang='lat' dir='ltr'><strong>ab</strong></span> <span class='ocrx_word' id='word_1_331' title='bbox 2128 3247 2271 3318; x_wconf 74' lang='lat' dir='ltr'><strong>aliie,</strong></span> 
     </span>
     <span class='ocr_line' id='line_1_35' title="bbox 261 3331 1409 3412; baseline -0.009 -16"><span class='ocrx_word' id='word_1_332' title='bbox 261 3341 344 3397; x_wconf 87' lang='lat' dir='ltr'><strong>ita</strong></span> <span class='ocrx_word' id='word_1_333' title='bbox 373 3354 472 3412; x_wconf 84' lang='lat' dir='ltr'><strong>per</strong></span> <span class='ocrx_word' id='word_1_334' title='bbox 495 3336 602 3393; x_wconf 86' lang='lat' dir='ltr'><strong>hoc</strong></span> <span class='ocrx_word' id='word_1_335' title='bbox 628 3335 776 3409; x_wconf 88' lang='lat' dir='ltr'><strong>quod</strong></span> <span class='ocrx_word' id='word_1_336' title='bbox 805 3335 977 3391; x_wconf 87' lang='lat' dir='ltr'><strong>scitur</strong></span> <span class='ocrx_word' id='word_1_337' title='bbox 999 3331 1144 3405; x_wconf 88' lang='lat' dir='ltr'><strong>quid</strong></span> <span class='ocrx_word' id='word_1_338' title='bbox 1154 3346 1262 3386; x_wconf 86' lang='lat' dir='ltr'><strong>non</strong></span> <span class='ocrx_word' id='word_1_339' title='bbox 1284 3338 1409 3386; x_wconf 85' lang='lat' dir='ltr'><strong>est-.-</strong></span> 
     </span>
    </p>

    <p class='ocr_par' dir='ltr' id='par_1_5' title="bbox 259 3419 2299 3940">
     <span class='ocr_line' id='line_1_36' title="bbox 309 3419 2299 3491; baseline -0.001 -7"><span class='ocrx_word' id='word_1_340' title='bbox 309 3427 422 3484; x_wconf 59' lang='grc' dir='ltr'><strong>Ἀεὶ</strong></span> <span class='ocrx_word' id='word_1_341' title='bbox 466 3425 694 3482; x_wconf 81' lang='lat' dir='ltr'><strong>tertium</strong></span> <span class='ocrx_word' id='word_1_342' title='bbox 735 3421 1046 3487; x_wconf 86' lang='lat' dir='ltr'><strong>dicendum,</strong></span> <span class='ocrx_word' id='word_1_343' title='bbox 1097 3419 1240 3491; x_wconf 85' lang='lat' dir='ltr'><strong>quod</strong></span> <span class='ocrx_word' id='word_1_344' title='bbox 1290 3426 1477 3491; x_wconf 86' lang='lat' dir='ltr'><strong>partes</strong></span> <span class='ocrx_word' id='word_1_345' title='bbox 1518 3419 1749 3491; x_wconf 79' lang='lat' dir='ltr'><strong>subjecti</strong></span> <span class='ocrx_word' id='word_1_346' title='bbox 1786 3421 2135 3484; x_wconf 84' lang='lat' dir='ltr'><strong>inscientia</strong></span> <span class='ocrx_word' id='word_1_347' title='bbox 2170 3441 2299 3482; x_wconf 51' lang='lat' dir='ltr'><strong>non*</strong></span> 
     </span>
     <span class='ocr_line' id='line_1_37' title="bbox 259 3507 2277 3586; baseline -0.001 -13"><span class='ocrx_word' id='word_1_348' title='bbox 259 3516 447 3585; x_wconf 77' lang='lat' dir='ltr'><strong>solum</strong></span> <span class='ocrx_word' id='word_1_349' title='bbox 489 3519 622 3570; x_wconf 87' lang='lat' dir='ltr'><strong>sunt·</strong></span> <span class='ocrx_word' id='word_1_350' title='bbox 660 3509 1030 3582; x_wconf 67' lang='lat' dir='ltr'><strong>intelligendas</strong></span> <span class='ocrx_word' id='word_1_351' title='bbox 1064 3514 1268 3582; x_wconf 37' lang='lat' dir='ltr'><strong>partes.</strong></span> <span class='ocrx_word' id='word_1_352' title='bbox 1293 3507 1631 3580; x_wconf 72' lang='lat' dir='ltr'><strong>subjectivae,</strong></span> <span class='ocrx_word' id='word_1_353' title='bbox 1676 3509 1760 3565; x_wconf 87' lang='lat' dir='ltr'><strong>vel</strong></span> <span class='ocrx_word' id='word_1_354' title='bbox 1825 3510 2138 3586; x_wconf 83' lang='lat' dir='ltr'><strong>integrales,</strong></span> <span class='ocrx_word' id='word_1_355' title='bbox 2180 3515 2277 3570; x_wconf 89' lang='lat' dir='ltr'><strong>sed</strong></span> 
     </span>
     <span class='ocr_line' id='line_1_38' title="bbox 266 3595 2293 3680; baseline -0 -21"><span class='ocrx_word' id='word_1_356' title='bbox 266 3611 456 3680; x_wconf 82' lang='lat' dir='ltr'><strong>partes</strong></span> <span class='ocrx_word' id='word_1_357' title='bbox 495 3600 733 3674; x_wconf 82' lang='lat' dir='ltr'><strong>subjecti</strong></span> <span class='ocrx_word' id='word_1_358' title='bbox 774 3606 902 3655; x_wconf 87' lang='lat' dir='ltr'><strong>sunt</strong></span> <span class='ocrx_word' id='word_1_359' title='bbox 936 3597 1117 3653; x_wconf 88' lang='lat' dir='ltr'><strong>omnia</strong></span> <span class='ocrx_word' id='word_1_360' title='bbox 1165 3595 1254 3652; x_wconf 90' lang='lat' dir='ltr'><strong>illa</strong></span> <span class='ocrx_word' id='word_1_361' title='bbox 1302 3611 1533 3670; x_wconf 85' lang='lat' dir='ltr'><strong>quorum</strong></span> <span class='ocrx_word' id='word_1_362' title='bbox 1576 3598 1820 3670; x_wconf 79' lang='lat' dir='ltr'><strong>cognitio</strong></span> <span class='ocrx_word' id='word_1_363' title='bbox 1862 3601 2161 3675; x_wconf 85' lang='lat' dir='ltr'><strong>requiritur</strong></span> <span class='ocrx_word' id='word_1_364' title='bbox 2206 3602 2293 3658; x_wconf 87' lang='lat' dir='ltr'><strong>ad·</strong></span> 
     </span>
     <span class='ocr_line' id='line_1_39' title="bbox 267 3684 2280 3764; baseline -0.001 -16"><span class='ocrx_word' id='word_1_365' title='bbox 267 3690 640 3764; x_wconf 87' lang='lat' dir='ltr'><strong>cognitionem</strong></span> <span class='ocrx_word' id='word_1_366' title='bbox 684 3686 938 3760; x_wconf 88' lang='lat' dir='ltr'><strong>subjecti,</strong></span> <span class='ocrx_word' id='word_1_367' title='bbox 969 3701 1094 3742; x_wconf 91' lang='lat' dir='ltr'><strong>cum</strong></span> <span class='ocrx_word' id='word_1_368' title='bbox 1137 3684 1318 3743; x_wconf 82' lang='lat' dir='ltr'><strong>omnia</strong></span> <span class='ocrx_word' id='word_1_369' title='bbox 1360 3684 1669 3758; x_wconf 86' lang='lat' dir='ltr'><strong>hujusmodi</strong></span> <span class='ocrx_word' id='word_1_370' title='bbox 1724 3703 1832 3744; x_wconf 84' lang='lat' dir='ltr'><strong>non</strong></span> <span class='ocrx_word' id='word_1_371' title='bbox 1876 3696 2181 3746; x_wconf 87' lang='lat' dir='ltr'><strong>tractentur</strong></span> <span class='ocrx_word' id='word_1_372' title='bbox 2221 3691 2280 3746; x_wconf 89' lang='lat' dir='ltr'><strong>in</strong></span> 
     </span>
     <span class='ocr_line' id='line_1_40' title="bbox 268 3773 2279 3849; baseline -0.001 -11"><span class='ocrx_word' id='word_1_373' title='bbox 268 3778 631 3846; x_wconf 86' lang='lat' dir='ltr'><strong>conscientia,</strong></span> <span class='ocrx_word' id='word_1_374' title='bbox 665 3775 770 3832; x_wconf 84' lang='lat' dir='ltr'><strong>nisi</strong></span> <span class='ocrx_word' id='word_1_375' title='bbox 801 3776 856 3832; x_wconf 89' lang='lat' dir='ltr'><strong>in</strong></span> <span class='ocrx_word' id='word_1_376' title='bbox 882 3781 1153 3847; x_wconf 85' lang='lat' dir='ltr'><strong>quantum</strong></span> <span class='ocrx_word' id='word_1_377' title='bbox 1173 3773 1372 3830; x_wconf 86' lang='lat' dir='ltr'><strong>habent</strong></span> <span class='ocrx_word' id='word_1_378' title='bbox 1398 3774 1467 3830; x_wconf 90' lang='lat' dir='ltr'><strong>ad</strong></span> <span class='ocrx_word' id='word_1_379' title='bbox 1496 3775 1807 3848; x_wconf 73' lang='lat' dir='ltr'><strong>subjectum</strong></span> <span class='ocrx_word' id='word_1_380' title='bbox 1826 3775 2067 3834; x_wconf 74' lang='lat' dir='ltr'><strong>ordinari</strong></span> <span class='ocrx_word' id='word_1_381' title='bbox 2100 3791 2114 3829; x_wconf 71' lang='grc' dir='ltr'><strong>ε</strong></span> <span class='ocrx_word' id='word_1_382' title='bbox 2146 3791 2279 3849; x_wconf 89' lang='lat' dir='ltr'><strong>pas-</strong></span> 
     </span>
     <span class='ocr_line' id='line_1_41' title="bbox 265 3859 2281 3940; baseline -0.002 -10"><span class='ocrx_word' id='word_1_383' title='bbox 265 3871 456 3930; x_wconf 79' lang='lat' dir='ltr'><strong>siones</strong></span> <span class='ocrx_word' id='word_1_384' title='bbox 481 3867 656 3926; x_wconf 85' lang='lat' dir='ltr'><strong>etiam</strong></span> <span class='ocrx_word' id='word_1_385' title='bbox 678 3859 934 3924; x_wconf 83' lang='lat' dir='ltr'><strong>dicuntur</strong></span> <span class='ocrx_word' id='word_1_386' title='bbox 962 3877 1324 3939; x_wconf 78' lang='lat' dir='ltr'><strong>quaecumque</strong></span> <span class='ocrx_word' id='word_1_387' title='bbox 1345 3862 1416 3922; x_wconf 84' lang='lat' dir='ltr'><strong>de</strong></span> <span class='ocrx_word' id='word_1_388' title='bbox 1442 3861 1627 3937; x_wconf 85' lang='lat' dir='ltr'><strong>aliquo</strong></span> <span class='ocrx_word' id='word_1_389' title='bbox 1651 3863 1871 3938; x_wconf 84' lang='lat' dir='ltr'><strong>probari</strong></span> <span class='ocrx_word' id='word_1_390' title='bbox 1898 3869 2145 3940; x_wconf 82' lang='lat' dir='ltr'><strong>possunt,</strong></span> <span class='ocrx_word' id='word_1_391' title='bbox 2163 3867 2281 3926; x_wconf 79' lang='lat' dir='ltr'><strong>sive</strong></span> 
     </span>
    </p>
   </div>
  </div>
 </body>
</html>
