2800 4492
805 303 932 358 'x11.
966 325 1047 344 --
1073 311 1500 362 Quonmmsruu
1550 301 1821 356 mamma
2180 283 2325 356 ³223

314 422 643 482 Dicit-enim
683 424 1076 498 chysostomus
1117 427 1170 483 in
1214 443 1313 484 suo
1345 420 1573 500 Dialogo
1605 445 1618 482 z
1650 426 1707 484 Si
1738 427 1895 485 talem
1934 427 2070 484 mihi
2097 428 2327 502 aliquem

309 513 547 569 adducas
591 516 922 581 monachum,
967 517 1159 588 qualia,
1199 523 1260 572 ut
1297 517 1581 572 secundum
1622 517 2082 590 exayyera-tionem
2128 517 2325 585 dicam,

315 601 472 658 Elias
495 602 649 674 fuit:
680 620 786 658 non
825 611 1002 660 tame-n
1043 593 1126 662 illi
1155 605 1542 678 comparandus
1587 611 1661 661 est
1691 605 1785 678 qni
1834 606 2071 662 traditus
2092 608 2326 679 papalia,

315 699 370 748 et
403 691 698 747 multotum.
733 699 948 764 peccata
991 693 1144 766 ferre
1191 695 1506 766 compulsus,
1551 693 1831 750 immobilis
1876 695 2238 767 perseveravit
2278 703 2329 753 et

307 779 496 852 fortis.
528 781 594 835 Et
625 797 816 852 parum
851 788 973 854 post
1007 783 1142 838 dicit
1177 801 1189 837 ι
1221 782 1429 854 Siquis
1470 782 1602 839 mihi
1635 789 1957 855 proponeret
1998 783 2317 856 optationem

314 868 406 924 nbi
431 869 638 925 mallem
661 871 890 940 plaeere,
912 870 972 926 in
994 871 1156 943 officio
1185 871 1522 936 sacerdotali,
1552 887 1623 926 an
1648 871 1706 926 in
1733 871 2023 928 solitudine
2044 873 2323 929 monacho-

315 973 459 1024 rnm,
486 957 600 1014 sine
628 959 1019 1031 comparatione
1050 960 1294 1033 eliqerem
1321 960 1459 1018 illud
1496 960 1632 1033 qaod
1659 959 1820 1034 prius
1855 959 1975 1015 dix-i
1998 977 2127 1017 :neo
2156 977 2324 1016 cessa«

313 1045 434 1103 bam
459 1045 703 1113 landam,
733 1055 783 1105 et
825 1048 996 1104 beatos
1018 1049 1386 1122 pronuntians
1424 1065 1507 1106 eos
1539 1049 1630 1121 qni
1666 1049 1890 1120 officium
1930 1049 2175 1105 Ecclesia!
2203 1049 2325 1106 bene

315 1133 700 1190 administrare
722 1137 1015 1208 potuissent
1045 1155 1064 1194 .·
1086 1144 1137 1194 et
1163 1137 1302 1210 quod
1343 1137 1625 1193 laudabam
1662 1143 1811 1193 tanto
1834 1137 2011 1192 studio
2035 1146 2086 1194 et
2116 1138 2321 1194 beatum

313 1224 758 1296 pronuntiabam,
789 1242 895 1280 non
922 1227 1103 1298 atique
1131 1225 1452 1299 defn9erem,
1482 1225 1530 1281 si
1557 1226 1804 1280 idoneum
1826 1235 1905 1280 me
1929 1225 1998 1280 ad
2024 1226 2327 1298 hujusmodi

311 1313 750 1384 qnbernationem
794 1314 1046 1370 viderem.
1091 1315 1159 1370 Et
1199 1317 1252 1370 in
1305 1315 1559 1386 sequenti
1593 1329 1715 1387 cap.
1758 1315 2103 1386 postmodum
2139 1315 2275 1370 dicit
2308 1332 2319 1370 z

321 1402 479 1467 Bene,
506 1401 746 1475 inquam,
775 1403 1122 1469 admonuisti,
1149 1404 1463 1460 dulcissime.
1503 1401 1739 1460 Istorum
1777 1403 1933 1470 enim,
1962 1404 2173 1459 scilicet
2214 1401 2325 1460 sae·'

315 1490 602 1556 culmum,
635 1509 728 1548 nee
768 1492 1048 1548 recordari
1088 1499 1314 1564 oportet,
1351 1508 1469 1550 cum
1513 1492 1575 1547 de
1620 1491 1915 1549 sacerdotio
1970 1493 2036 1564 fit
2081 1492 2324 1564 quaestio.

323 1579 520 1636 Verum
547 1580 595 1636 si
623 1581 740 1653 quis
763 1581 826 1638 in
853 1582 1246 1638 conversatione
1269 1583 1559 1638 multorum
1580 1581 1806 1654 positus,
1824 1588 1997 1653 potest
2024 1581 2323 1653 impertur-

315 1665 498 1732 batum
525 1667 674 1724 illum
701 1669 934 1726 nitore-m
972 1670 1146 1742 plenae
1179 1669 1505 1736 sanctitati-a,
1532 1674 1580 1724 et
1620 1668 1957 1724 continentiae
1994 1667 2321 1740 splendorem

315 1762 367 1812 et
393 1756 508 1812 alia
532 1758 912 1820 monachorum
939 1758 1074 1813 bona
1101 1758 1423 1830 incorrupta
1450 1763 1500 1813 et
1534 1757 1842 1813 inconcussa
1879 1773 2115 1822 serva-re,
2139 1755 2323 1812 omni-
2410 1831 2418 1836 ‘

315 1843 410 1898 bus
433 1851 505 1900 est
524 1846 912 1918 praeferendus.
947 1847 1026 1903 Ex
1059 1847 1258 1921 quibus
1283 1847 1537 1903 omnibus
1574 1847 1792 1904 videtur
1833 1847 1980 1920 quod
2015 1845 2319 1919 presbyteri

314 1933 656 2006 parochiales
675 1935 1144 2002 et=archidiaconi,
1167 1936 1374 1992 sibene
1403 1935 1458 1993 in
1486 1935 1791 1992 ministerio
1821 1935 2081 1991 Ecclesiae
2110 1934 2316 2001 vivant,
2399 1987 2405 1993 .

313 2023 428 2081 sint
455 2024 720 2091 omnibus,
751 2025 915 2080 etiam
947 2025 1234 2096 religiosis„
1268 2025 1615 2097 praeferendi.

387 2117 440 2170 2.
480 2113 768 2180 Praeterea,
803 2113 1222 2186 Chrysostomus
1251 2114 1308 2168 in
1337 2113 1529 2169 eodem
1558 2113 1653 2168 lib.
1698 2113 1831 2168 dicit
1874 2131 1885 2167 :
1918 2112 1975 2167 Si
2004 2111 2119 2184 quis
2142 2111 2322 2167 admi·

277 2200 548 2258 nistrato
589 2202 882 2260 sacerdotio
917 2201 1062 2258 illias
1102 2202 1386 2275 propositi,
1428 2201 1639 2258 scilicet
1692 2201 2047 2268 monachaliS,
2106 2201 2324 2257 sudores

313 2289 575 2362 conferat,
624 2297 833 2348 tantum
881 2307 963 2346 eos
1009 2289 1210 2348 distare
1255 2291 1504 2364 reperiet,
1550 2297 1807 2362 quantum
1853 2289 1999 2346 inter
2042 2291 2319 2361 privatam

314 2379 480 2437 distat
507 2386 558 2434 et
583 2395 776 2451 repom.
803 2379 910 2436 Sed
947 2379 1119 2435 multo
1153 2380 1332 2450 majus
1356 2386 1441 2434 est
1469 2378 1607 2434 bene
1632 2395 1885 2434 exercere
1917 2377 2060 2450 regis
2082 2377 2321 2433 officium

253 2540 256 2542 Ὗ
314 2484 482 2542 quam
519 2469 908 2541 cujuscumque
937 2483 1186 2541 personae
1205 2467 1461 2539 privatae.
1488 2467 1629 2538 Ergo
1660 2466 1831 2522 multo
1860 2467 2037 2537 majus
2064 2473 2147 2521 est
2177 2464 2321 2538 quod

252 2554 258 2558 ’
313 2556 572 2614 sacerdos
595 2550 920 2630 parochialis
945 2555 1030 2612 vel
1061 2555 1477 2654 archidiaconus
1514 2555 1651 2612 hene
1676 2572 1733 2612 se
1762 2554 2004 2612 habeat
1990 2571 2046 2610 ιιι
2076 2569 2175 2642 suo
2198 2553 2323 2610 offi-

313 2647 402 2710 ein
430 2661 596 2718 quam
623 2646 949 2718 religiosus
936 2663 992 2701 m
1020 2660 1139 2702 suo.

387 2738 440 2791 3.
471 2736 761 2805 Praeterea,
803 2735 1054 2808 Episcopi
1092 2743 1218 2792 sunt
1249 2736 1304 2791 in
1333 2739 1483 2793 statu
1508 2733 1820 2809 perfectiori
1850 2749 2016 2807 quam
2047 2731 2321 2805 religiosi,

315 2823 559 2899 alioquin
595 2838 700 2881 non
745 2824 932 2880 liceret
975 2824 1042 2880 de
1085 2823 1344 2898 religione
1387 2825 1458 2882 ad
1486 2809 1876 2898 Epi-scopatum
1916 2823 2169 2879 transire.
2212 2823 2320 2880 Sed

313 2911 621 2987 presbyteri
673 2913 1010 2984 parochiales
1058 2921 1112 2970 et
1153 2913 1523 2971 archidiaconi
1564 2912 1852 2969 similiores
1881 2919 2008 2966 sunt
2053 2911 2323 2984 episcopis

315 3017 482 3073 quam
511 3000 808 3072 religiosi.
842 3001 990 3073 quia,
1022 3002 1167 3059 sicut
1202 3003 1492 3077 episcopus
1521 3001 1687 3058 habet
1715 3015 1904 3057 curam
1932 2999 2239 3055 animarum
2266 3000 2323 3056 in

315 3104 414 3145 suo
453 3089 790 3163 episcopatu,
824 3089 900 3145 ita
929 3090 1232 3164 presbyteri
1280 3091 1336 3146 in
1373 3107 1473 3147 sua
1511 3089 1787 3174 parochia,
1820 3093 1875 3142 et
1909 3087 2325 3144 archidiaconus

315 3178 372 3234 in
395 3193 494 3234 suo
523 3177 987 3238 archidiaconatu.
1020 3179 1092 3234 Ει
1094 3194 1162 3250 go
1191 3178 1561 3236 archidiaconi
1589 3184 1645 3235 et
1664 3163 1881 3254 plebani
1910 3183 2037 3274 sunt
2064 3178 2239 3249 magis
2266 3177 2322 3234 in

315 3273 464 3326 statu
489 3262 835 3340 perfectionis
862 3282 1027 3339 quam
1052 3267 1311 3338 religiosi.

385 3358 440 3414 4.
475 3357 766 3425 Praeteiea‚
799 3356 998 3413 honum
1032 3356 1308 3429 publicum
1345 3355 1744 3429 praeferendum
1781 3364 1867 3414 est
1901 3355 2043 3412 hono
2082 3355 2316 3430 privato,-

314 3453 372 3504 et
399 3446 518 3503 vita
553 3446 737 3504 activa
763 3453 847 3502 est
877 3446 1053 3518 magis
1079 3446 1358 3503 fructuosa
1389 3462 1556 3519 quam
1582 3445 2043 3520 contemplativa3
2078 3446 2324 3501 nullum·

315 3551 422 3608 que
449 3535 778 3605 sacrificium
803 3522 887 3592 est.
916 3536 1030 3591 Deo
1062 3528 1342 3608 acceptius
1378 3547 1543 3610 quem
1567 3536 1717 3592 zelus
1740 3537 2065 3592 animarum.
2092 3535 2197 3592 Sed
2227 3549 2322 3590 ar·-

316 3625 622 3681 chidiaconi
661 3632 717 3682 et
759 3623 970 3696 plebani
1030 3624 1316 3681 intendunt
1345 3624 1573 3682 utilitati
1618 3626 1891 3681 communi
1933 3621 2319 3689 multitudiniS‚

315 3713 431 3769 zelo
463 3713 659 3770 salutis
700 3714 1005 3770 animarum
1033 3715 1090 3770 in
1132 3715 1314 3772 activa
1342 3715 1458 3771 vita
1499 3698 1911 3770 fructificantes.
1942 3713 2084 3784 Ergo
2120 3710 2324 3784 praefe-

316 3803 488 3858 rendi
503 3808 633 3858 sunt
666 3803 952 3874 religiosis,
994 3803 1086 3892 qui
1117 3803 1281 3900 saluti
1318 3804 1554 3882 propriae
1564 3794 1846 3864 student
1822 3818 1887 3863 ιιι
1920 3801 2035 3867 vita
2070 3807 2323 3866 contem*

311 3891 521 3982 platin·
551 3892 664 3964 1290
689 3892 1008 3967 servientes
