2800 4492
560 343 680 408 100
1037 360 1090 408 ιι.
1134 359 1366 406 moiun
1407 357 1733 411 Aoum-ns
1775 357 2101 406 croscum:

626 477 970 551 Respondeo.
1000 475 1086 534 Ad
1121 475 1455 534 evidentiam
1480 474 1643 547 hujus
1677 474 1999 549 quoestionis
2026 474 2168 530 scire
2195 477 2418 548 oportet
2444 487 2571 546 quae

557 565 789 622 scientia
815 565 1012 622 debeat
1048 564 1156 621 dici
1201 564 1433 621 scientia
1460 562 1666 620 divina.
1711 562 2003 620 Sciendum
2029 563 2195 634 igitur
2222 562 2372 636 quod
2414 578 2569 636 quae·

557 669 792 728 cumque
836 654 1066 712 scientia
1110 652 1421 711 considerat
1472 651 1693 726 aliquod
1752 667 1925 724 genus
1968 651 2295 724 subjectum,
2348 659 2567 726 oportet

556 741 705 816 quod
745 742 1052 800 consideret
1088 741 1356 814 principia
1384 739 1531 798 illiue
1562 740 1797 813 generi3‚
1824 756 1951 799 cum
1977 740 2209 817 scientia
2244 755 2354 798 non
2397 742 2569 814 perfi-

555 830 736 888 ciatur
762 831 864 888 nisi
888 847 987 905 per
1010 830 1374 902 cognitionem
1412 829 1801 904 principiorum
1827 829 2146 902 primorum,
2189 837 2250 886 ut
2285 836 2441 902 patet
2470 845 2568 902 per

557 919 696 978 Phil.
721 919 778 976 in
796 919 1062 992 principio
1090 917 1445 993 Physicorum
1477 935 1491 973 z
1524 917 1621 974 sed
1641 917 2033 991 principiorum
2055 926 2185 975 sunt
2208 917 2315 974 duo
2338 934 2565 990 genera.

556 1007 821 1078 Quaedam
847 1008 993 1065 enim
1021 1013 1150 1065 sunt
1176 1022 1300 1081 quae
1323 1014 1451 1063 eunt
1490 1005 1546 1062 in
1582 1006 1822 1078 seipsis:
1862 1006 2121 1079 quaedam
2157 1010 2373 1064 naturae
2409 1023 2567 1064 com-

556 1097 740 1171 pletae‚
779 1103 838 1154 et
873 1104 1001 1154 sunt
1033 1093 1382 1152 nihilominus
1410 1094 1682 1168 principia¹
1713 1093 1971 1162 aliorum‚
1997 1094 2143 1152 sicut
2178 1110 2410 1168 corpora
2446 1111 2568 1154 coe-

555 1185 716 1243 lestia
759 1190 889 1242 sunt
920 1183 1173 1257 quaedam
1217 1182 1482 1256 principia
1518 1197 1809 1256 corporum
1854 1183 2088 1240 aliorum
2128 1183 2469 1252 inferiorum,
2510 1194 2567 1242 et

555 1287 786 1346 corpora
831 1271 1101 1344 simplicia
1135 1275 1425 1346 corporum
1454 1273 1782 1343 mixtorum,
1829 1277 1886 1329 et
1924 1271 2048 1329 ideo
2088 1272 2197 1329 ista
2235 1289 2346 1330 non
2388 1275 2567 1332 solum

555 1359 970 1419 considerantur
998 1361 1053 1417 in
1081 1361 1325 1418 scientiis
1355 1368 1415 1417 ut
1454 1359 1724 1434 principia
1751 1363 1901 1426 sunt,
1932 1359 2033 1416 sed
2058 1359 2226 1417 etiam
2254 1366 2317 1416 ut
2344 1369 2473 1418 sunt
2510 1364 2567 1420 in

555 1440 867 1524 seipsis'res
905 1448 1161 1522 quaedam
1191 1465 1206 1504 ε
1251 1456 1308 1507 et
1344 1455 1569 1521 propter
1604 1447 1708 1504 hoc
1735 1447 1805 1504 de
1830 1447 1911 1504 eis
1939 1453 2047 1505 non
2080 1447 2257 1505 solum
2295 1456 2568 1509 tractatur

553 1539 612 1596 in
653 1537 885 1596 scientia
928 1553 1054 1612 quae
1097 1535 1410 1594 considerat
1455 1537 1574 1610 ipsa
1616 1535 1962 1610 principiam,
2013 1536 2110 1592 sed
2150 1536 2353 1593 habent
2396 1537 2567 1596 etiam

553 1627 842 1684 scientiam
876 1642 976 1699 per
1015 1641 1076 1682 se
1115 1632 1448 1696 separatam,
1490 1625 1633 1682 sicut
1673 1624 1742 1680 de
1781 1624 2100 1696 corporibus
2137 1624 2457 1682 coelestibus
2482 1635 2567 1686 est

555 1715 811 1787 quaedam
832 1729 959 1787 pars
981 1712 1228 1770 scientim
1247 1712 1513 1769 naturalis
1532 1721 1731 1784 praeter
1755 1711 1923 1779 illam,
1954 1713 2008 1769 in
2033 1728 2145 1786 qua
2166 1713 2566 1773 determinatur

553 1803 626 1858 de
665 1800 982 1877 corporibus
1030 1799 1236 1858 mixtis·
1282 1799 1547 1870 Quaedam
1574 1808 1761 1859 autem
1802 1806 1930 1857 sunt
1975 1801 2260 1875 principia,
2294 1819 2423 1876 quae
2459 1821 2568 1863 non

555 1895 684 1948 sunt
712 1897 926 1948 naturae
953 1887 1238 1962 completae
1267 1888 1322 1945 in
1363 1889 1577 1962 seipsis»,
1608 1889 1705 1946 sed
1733 1887 1911 1946 solum
1944 1894 2074 1948 suut
2097 1890 2370 1965 principia
2398 1902 2569 1950 natu-

556 1994 761 2046 rarum,
788 1978 932 2035 sicut
955 1978 1140 2036 unitas
1161 1976 1394 2045 numeri,
1428 1983 1486 2033 et
1510 1982 1746 2050 punctus
1772 1975 1951 2047 lineae,
1979 1982 2035 2034 et
2062 1976 2269 2044 formae,
2298 1986 2356 2036 et
2384 1988 2569 2040 mate-

555 2067 640 2126 ria
675 2066 922 2140 corporis
967 2065 1198 2140 physici,
1241 2065 1385 2122 unde
1433 2064 1745 2137 hujusmodi
1790 2064 2059 2144 principia
2102 2081 2211 2122 non
2256 2073 2570 2128 tractantur

555 2155 662 2213 nisi
689 2156 748 2214 in
770 2155 1002 2212 scientia
1034 2169 1160 2228 quae
1188 2154 1303 2226 agit
1326 2153 1397 2210 de
1425 2152 1788 2227 principiatiS.
1828 2153 1979 2210 Sicut
2002 2159 2187 2213 autem
2212 2155 2569 2230 uniuscujus-

557 2259 666 2319 que
697 2243 912 2316 generis
951 2241 1302 2300 determinati
1343 2247 1473 2300 sunt
1500 2241 1753 2312 quaedam
1794 2242 2105 2299 communia
2136 2239 2416 2317 'principia
2443 2264 2569 2319 qnae

553 2348 616 2392 ee
643 2331 943 2390 extendunt
971 2329 1042 2388 ad
1070 2329 1252 2388 omnia
1273 2329 1543 2404 principia
1570 2327 1717 2385 illius
1742 2330 1978 2400 generiS,
2011 2330 2091 2388 ita
2116 2336 2176 2388 et
2202 2334 2389 2390 omnia
2416 2337 2570 2394 entia

553 2419 853 2480 secundum
890 2419 1038 2494 quojd
1081 2418 1290 2476 incute
1317 2417 1743 2485 communicant,
1774 2417 1976 2476 habent
2008 2419 2263 2494 quaedam
2297 2421 2568 2497 principia

555 2523 684 2585 quae
709 2504 1130 2582 sunt'principia
1155 2505 1398 2565 omnium
1432 2506 1640 2564 entium
1672 2522 1687 2560 ι
1722 2521 1847 2581 quae
1870 2505 2092 2578 quidem
2125 2508 2397 2582 principia
2435 2528 2569 2584 pos-

553 2604 683 2655 sunt
709 2598 819 2655 dici
847 2595 1474 2667 communia5dupliciter
1496 2593 1794 2652 secundum
1814 2593 1970 2651 Avic.
1996 2595 2053 2650 in
2080 2611 2181 2654 sua
2202 2597 2564 2658 sufficientia.

553 2687 675 2745 Uno
708 2685 889 2753 modo,
933 2700 1033 2757 per
1057 2681 1524 2757 praedicationem,
1565 2682 1711 2739 sicut
1736 2697 1863 2738 cum
1890 2681 2033 2752 dico,
2080 2684 2227 2758 quod
2267 2684 2445 2745 forma
2480 2696 2567 2746 est

555 2773 862 2832 communis
903 2772 973 2830 ad
999 2782 1188 2828 omnes
1235 2769 1459 2838 formae,
1503 2769 1634 2842 quia
1661 2769 1730 2827 de
1763 2769 2006 2843 qualibet
2046 2771 2398 2844 praedicatur.
2444 2777 2569 2834 Alio

557 2861 740 2928 modo,
789 2875 888 2934 per
912 2859 1313 2926 causalitatem,
1343 2859 1490 2916 sicut
1515 2858 1749 2916 dicimus
1774 2859 1946 2916 solem
1984 2877 2153 2918 unum
2180 2878 2411 2922 numero
2444 2882 2569 2926 esse

553 2949 883 3026 principium
923 2948 995 3009 ad
1039 2948 1222 3007 omnia
1257 2946 1611 3020 generabilia.
1658 2947 1915 3006 Omnium
1961 2955 2145 3008 autem
2186 2952 2395 3012 entium
2436 2964 2569 3014 sunt

555 3040 866 3098 communia
891 3037 1155 3112 principia
1179 3051 1288 3094 non
1322 3035 1501 3094 solum
1526 3036 1827 3094 secundum
1854 3037 2091 3110 primum
2130 3040 2375 3114 modum,
2416 3045 2568 3114 quod

555 3128 794 3204 appeliat
823 3126 956 3185 Phil.
987 3127 1043 3184 in
1073 3142 1117 3183 11
1142 3126 1294 3194 Met„
1326 3125 1511 3182 omnia
1538 3124 1915 3183 entiahabere
1944 3126 2137 3184 eadem
2172 3128 2445 3202 principia
2472 3143 2571 3189 se·-

557 3218 798 3278 cundum
825 3215 1131 3287 analogiam
1157 3231 1172 3272 z
1205 3214 1302 3271 sed
1321 3215 1496 3276 etiam
1514 3213 1811 3271 secundum
1831 3215 2072 3284 modum,
2097 3223 2159 3272 ut
2180 3216 2291 3274 sint
2310 3221 2569 3291 quaedam

555 3315 648 3364 ree
683 3305 893 3364 effidem
934 3314 1160 3360 numero
1201 3303 1510 3364 existentes·
1538 3301 1782 3359 omnium
1825 3317 2009 3360 rerum
2056 3303 2342 3379 principia,
2404 3318 2571 3382 prout

555 3393 768 3453 scilicet
791 3391 1058 3467 principia
1084 3391 1457 3454 accidentium
1474 3389 1810 3448 reducuntur
1836 3389 1893 3446 in
1930 3390 2287 3464 substantiae,
2320 3401 2376 3451 et
2414 3399 2573 3471 prin-

555 3483 703 3560 cipia
723 3481 1154 3541 substantiarum
1181 3479 1617 3554 corruptibilium
1642 3479 1699 3536 in
1728 3479 2065 3538 substantias
2084 3481 2567 3559 incorruptibileS,

557 3580 616 3633 et
639 3574 724 3633 sic
764 3571 1003 3646 quodam
1030 3570 1204 3643 gra'du
1238 3577 1295 3628 et
1322 3568 1513 3627 ordine
1541 3567 1597 3624 in
1625 3567 1878 3641 quaedam
1905 3567 2175 3642 principia
2202 3574 2387 3632 omnia
2412 3577 2573 3635 entia

554 3664 914 3723 reducuntur.
953 3658 1025 3718 Et
1051 3660 1183 3734 quia
1223 3658 1354 3716 illud
1390 3656 1539 3731 quod
1566 3662 1651 3713 est
1677 3656 2005 3731 principium
2034 3659 2248 3715 essendi
2289 3663 2569 3733 omnibu3‚

555 3756 773 3827 oportet
795 3765 915 3808 esse
936 3747 1174 3806 maxime
1197 3761 1312 3810 ens,
1335 3753 1395 3802 ut
1420 3744 1620 3802 dicitur
1645 3760 1689 3802 11
1708 3745 1893 3812 Mela„
1922 3743 2047 3802 ideo
2069 3746 2273 3804 homini
2293 3750 2575 3826 principia

556 3847 773 3914 oportet
791 3854 913 3897 esse
933 3833 1378 3910 completiesima‚
1410 3840 1468 3891 et
1488 3839 1713 3908 propter
1730 3833 1833 3892 hoc
1857 3840 2073 3909 oportet
2092 3850 2157 3892 ea
2178 3849 2302 3892 esse
2327 3841 2576 3899 maxime

555 3935 706 4001 actu,
736 3932 801 3989 ut
835 3925 991 3999 nihil,
1029 3923 1118 3987 vel
1157 3922 1444 3984 minimum
1469 3921 1708 3985 habeant
1734 3922 1805 3984 de
1832 3923 2096 3998 potentie,
2130 3923 2268 3998 quia
2294 3932 2459 3986 ectus
2482 3937 2583 3990 est

2610 315 2629 348 Ι
