2800 4492
710 324 820 369 111.
854 342 933 357 -
962 326 1387 379 euenum-‚Tun
1431 334 1758 387 sucnunum
2118 334 2233 395 177

235 436 505 494 furaretur
532 454 697 495 unam
726 454 903 509 ovem,
934 443 1188 504 redderet
1217 454 1452 521 quatuor
1486 469 1498 507 :
1531 462 1585 509 et
1621 453 1931 527 hujusmodi
1962 473 2238 538 praecepta

237 542 336 581 non
356 535 483 583 sunt
516 528 688 585 indita
728 530 927 587 rationi
957 534 1221 605 naturali;
1252 554 1357 593 non
1399 539 1546 597 enim
1582 544 1724 601 ratio
1763 550 2030 607 naturalis
2065 552 2235 612 habet

234 616 372 687 quod
401 616 491 673 ille
519 618 612 690 qui
638 617 853 676 furatur
880 635 1058 689 ovem,
1093 625 1269 695 magis
1293 627 1487 684 reddat
1523 636 1760 703 quatuor
1793 652 1958 709 quam
1995 646 2106 697 tres
2150 646 2233 701 vel

235 720 387 761 unam
415 722 429 759 τ
461 708 557 763 sed
592 712 772 763 tamen
800 724 900 780 per
928 709 1235 782 hujusmodi
1277 730 1552 789 praecepta
1596 720 1991 782 determinatur
2029 732 2234 790 morale

234 800 575 867 praeceptum.
590 796 765 853 Habet
782 798 927 854 enim
944 800 1085 856 ratio
1108 804 1373 860 naturalis
1388 807 1534 877 quod
1557 808 1646 864 ille
1667 812 1760 883 qui
1781 812 2014 889 furatur,
2033 818 2231 879 debeat

234 882 433 955 puniri;
463 884 559 939 sed
587 885 731 957 quod
765 884 859 941 tali
896 902 1055 958 poena
1081 892 1360 962 puniatur,
1384 893 1488 950 hoc
1531 896 1925 960 determinatur
1955 922 2050 977 per
2085 926 2230 981 proe-

234 980 436 1043 ceptum
453 972 738 1045 judiciale.
766 976 1045 1047 Praecepta
1070 985 1257 1035 autem
1280 985 1684 1045 caeremonialia
1708 993 1911 1049 veteris
1940 993 2076 1067 legis
2099 1006 2227 1055 sunt

233 1076 345 1131 quae
366 1062 639 1133 pertinent
667 1063 736 1119 ad
766 1063 1169 1122 observantiam
1194 1068 1361 1125 divini
1402 1070 1605 1142 cultus,
1637 1086 1694 1133 et
1727 1086 1853 1135 sunt
1878 1082 2130 1143 ordinata
2155 1089 2224 1144 ad

232 1149 557 1221 figurandum
588 1150 809 1225 aliquod
839 1152 1101 1223 futurum,
1130 1156 1274 1213 sicut
1303 1159 1604 1219 immolatio
1630 1166 1756 1237 agni
1783 1169 2055 1242 paschalis
2081 1176 2225 1248 figu-

232 1238 375 1295 rabat
400 1240 729 1297 occisionem
758 1241 979 1299 Christi.

290 1328 380 1385 Est
401 1345 528 1401 ergo
556 1329 1031 1399 considerandum,
1067 1339 1247 1390 utrum
1275 1344 1610 1410 praeceptum
1639 1342 1706 1399 de
1749 1345 1978 1406 decimis
2007 1356 2220 1423 persol-

230 1418 403 1474 vendis
428 1420 499 1476 sit
528 1418 755 1487 morale,
785 1419 869 1477 vel
896 1420 1179 1493 judiciale,
1202 1424 1287 1479 vel
1322 1432 1722 1489 caeremoniale.
1752 1435 1808 1491 Si
1838 1438 1980 1495 enim
2011 1444 2217 1503 morale

228 1514 319 1573 est,
346 1508 411 1563 ad
432 1507 535 1565 hoc
564 1523 755 1565 omnes
777 1515 1045 1575 tenentur,
1071 1518 1127 1565 et
1155 1513 1303 1569 omni
1334 1523 1603 1589 tempore,
1627 1521 1774 1579 nulla
1803 1523 2056 1585 obstante
2083 1547 2218 1589 con-

227 1596 379 1652 traria
414 1597 827 1653 consuetudine.
854 1598 959 1655 Sed
1002 1598 1105 1655 hoc
1149 1617 1253 1657 non
1301 1602 1554 1675 videtnr3
1597 1610 1726 1681 quia
1765 1614 1904 1669 ratio
1951 1621 2214 1679 naturalis

227 1700 319 1740 non
346 1686 514 1743 dictat
553 1686 729 1757 magis
773 1686 919 1759 quod
965 1686 1126 1744 homo
1170 1682 1437 1747 ministris
1477 1695 1578 1751 Dei
1606 1697 1700 1753 det
1729 1700 1996 1760 decimam
2044 1726 2210 1782 quam

224 1774 544 1831 undecimam
570 1774 657 1831 vel
683 1790 879 1831 nonam
909 1782 1119 1848 partem
1147 1778 1442 1837 fructuum.
1476 1783 1530 1840 Si
1561 1794 1746 1844 autem
1774 1791 1846 1845 sit
1876 1806 2208 1869 praeceptum

221 1863 477 1934 judiciale,
503 1878 609 1919 non
650 1869 901 1920 tenentur
944 1864 1013 1921 ad
1056 1866 1299 1925 decimas
1340 1870 1570 1941 dandas,
1605 1875 1747 1933 sicut
1796 1895 1902 1938 non
1952 1890 2207 1945 tenentur

224 1967 393 2009 omnes
410 1954 475 2010 ad
497 1951 856 2025 judicandum
880 1954 1178 2011 secundum
1193 1958 1404 2029 judicia
1426 1960 1479 2016 in
1501 1962 1620 2035 lege
1647 1973 1833 2025 vetere
1861 1977 2198 2049 conscripta;

221 2043 335 2112 quia
360 2042 449 2099 illa
470 2042 756 2113 judicialia
786 2050 1059 2117 praecepta
1088 2054 1214 2101 sunt
1235 2048 1548 2119 specialiter
1577 2052 1652 2108 illi
1685 2058 1882 2130 populo
1907 2062 2036 2120 data
2064 2082 2202 2125 con-

220 2128 451 2203 sideratis
476 2128 879 2186 conditionibus
902 2132 1049 2202 ejus;
1076 2147 1182 2187 non
1212 2135 1357 2192 enim
1386 2138 1576 2195 eadem
1606 2144 1858 2202 omnibus
1883 2151 2200 2222 expediunt,

218 2217 265 2272 Si
287 2226 460 2291 autem
494 2220 567 2276 sit
605 2222 942 2292 praeceptum
980 2223 1375 2292 caeremoniale,
1403 2242 1512 2285 non
1559 2229 1734 2287 solum
1772 2250 1878 2291 non
1910 2238 2196 2313 obligaret,

219 2307 299 2361 sed
322 2308 482 2363 etiam
505 2306 855 2364 observatum
886 2307 1168 2365 induceret
1214 2310 1267 2367 in
1310 2322 1598 2385 peccatum
1629 2336 1645 2373 ι,
1671 2331 1921 2390 peccaret
1958 2330 2122 2401 enim,
2149 2335 2193 2388 si

218 2396 327 2465 quis
351 2412 541 2469 agnum
568 2395 879 2469 paschalem
908 2395 1247 2475 immolar-013
1273 2402 1404 2475 quia
1448 2412 1569 2476 post
1609 2406 1902 2466 adventum
1945 2418 2195 2477 veritalis

218 2492 541 2542 cessaverunt
574 2486 783 2555 figurae.

276 2574 563 2631 Dicendum
584 2582 669 2637 est
698 2588 848 2646 ergn,
869 2574 1011 2661 sicut
1037 2576 1249 2648 antiqui
1278 2578 1524 2650 magistri
1556 2582 1832 2655 dixerunt,
1860 2593 2006 2663 quod
2038 2612 2194 2669 qum..

214 2663 323 2718 dam
344 2671 613 2737 praecepta
635 2660 769 2733 legis
790 2667 917 2717 sunt
941 2680 1072 2736 pure
1101 2664 1347 2735 moralia,
1364 2676 1422 2723 ut
1443 2668 1568 2727 Non
1594 2672 1812 2741 occides,
1834 2677 1958 2736 Non
1978 2682 2192 2753 furttaem

214 2750 383 2821 facim
402 2752 653 2829 quaedam
682 2757 867 2809 autem
893 2770 1027 2826 pure
1056 2759 1183 2811 sunt
1207 2758 1606 2830 caeremonalia,
1642 2770 1700 2819 ut
1730 2764 2029 2827 immolatio
2060 2792 2188 2847 pas-

214 2840 361 2898 chalis
382 2844 523 2913 agni,
548 2848 604 2900 et
632 2840 1004 2910 circumcisio;
1028 2843 1278 2915 quaedam
1304 2854 1488 2903 autem
1512 2856 1639 2905 sunt
1666 2855 1864 2925 media,
1888 2865 2189 2923 secundum

214 2929 390 3003 aliquid
426 2928 866 2989 caeremonialia:
894 2930 1035 2985 sicut
1076 2942 1413 3007 praeceptum
1437 2938 1524 2993 de
1568 2940 1947 3003 observatione
1973 2952 2188 3013 sabbati

212 3023 282 3072 est
308 3018 499 3075 morale
522 3025 790 3093 quantum
812 3016 879 3073 ad
906 3016 1007 3073 hoc
1030 3020 1173 3090 quod
1202 3021 1421 3106 aliquod
1452 3032 1665 3097 tempus
1693 3030 1866 3101 quieti
1895 3034 2190 3108 deputetur

212 3105 269 3161 ad
292 3108 583 3165 vacandum
617 3106 837 3172 diviniS,
866 3105 969 3162 hoc
997 3108 1141 3164 enim
1179 3109 1319 3165 ratio
1363 3112 1630 3169 naturalis
1679 3116 1870 3189 habet3
1903 3122 1998 3178 sed
2041 3128 2185 3198 quod

210 3193 310 3251 dies
332 3198 561 3269 septima
592 3196 665 3251 sit
690 3194 973 3268 deputata,
1002 3194 1103 3252 hoc
1126 3202 1211 3252 est
1240 3214 1304 3253 ex
1336 3198 1793 3261 determinatione
1831 3210 1928 3265 Dei
1963 3223 2187 3288 propter
2285 3206 2290 3209 ¹

211 3282 420 3357 aliquam
446 3286 698 3357 figuram,
724 3284 869 3339 unde
906 3283 1009 3339 hoc.
1035 3293 1118 3341 est
1152 3288 1550 3345 caeremoniale.
1578 3291 1669 3351 Sic
1695 3310 1824 3367 ergo
1851 3311 2187 3377 praeceptum

209 3371 263 3427 de
290 3375 507 3431 decimis
530 3372 904 3447 persolvendis
932 3380 1016 3429 est
1047 3375 1269 3449 quidem
1296 3378 1598 3436 secundum
1633 3382 1840 3457 aliquid
1869 3393 2090 3462 morale,
2127 3404 2185 3455 ut

207 3460 388 3519 scilicet
423 3463 516 3535 qui
553 3478 650 3535 pro
698 3467 815 3517 toto
862 3461 1061 3533 populo
1111 3462 1296 3519 divino
1350 3465 1611 3539 obsequio
1651 3483 1868 3545 vacant,
1901 3482 2186 3552 stipendiis

207 3550 363 3621 populi
386 3557 780 3616 sustententur,
808 3549 950 3614 sicut
986 3557 1041 3606 et
1070 3551 1164 3623 qui
1214 3553 1266 3607 in
1312 3553 1434 3609 aliis
1477 3557 1670 3615 officiis
1712 3558 2024 3637 reipublicae
2063 3586 2184 3627 ser-

208 3636 354 3704 viunt,
382 3656 411 3695 a
437 3640 634 3713 populo
664 3643 1041 3695 sustentantur
1074 3657 1088 3696 :
1117 3647 1171 3696 et
1209 3644 1509 3701 secundum
1535 3646 1678 3705 hunc
1717 3654 1938 3718 modum
1983 3674 2182 3729 propo-

206 3725 331 3780 nitur
367 3726 466 3783 hoc
510 3734 845 3799 praeceptum
885 3728 939 3782 in
975 3742 1116 3785 novo
1160 3735 1519 3804 testament03
1561 3737 1696 3793 dicit
1737 3739 1880 3796 enim
1918 3744 2182 3805 Dominus

204 3811 373 3869 Mattb.
398 3832 438 3875 x
472 3832 485 3870 :
521 3817 726 3887 Diqnus
763 3822 838 3871 est
864 3816 1149 3887 operarius
1172 3818 1282 3875 cibo
1304 3836 1432 3888 8u⁰3
1460 3830 1514 3878 et
1557 3827 1846 3896 Apostolus
1885 3826 2038 3898 dicit²
2064 3834 2086 3889 I
2111 3838 2178 3892 ad

204 3899 423 3977 Corinth.
456 3907 626 3973 121,st
660 3922 673 3959 :
707 3903 967 3985 Dominus
994 3904 1268 3962 ordinavit
1291 3915 1352 3965 ut
1380 3910 1474 3982 qui
1495 3912 1849 3985 Evanqelium
1873 3910 2179 3993 concutiant,

674 4019 723 4067 S.
758 4020 910 4067 Tuon.
946 4021 1032 4073 Ao.
1068 4020 1329 4073 Oruscnm.
1354 4048 1416 4060 —
1448 4025 1485 4073 ll
1542 4050 1603 4063 —
1629 4026 1688 4076 12
