2800 4492
742 326 832 371 ιι.
855 341 936 356 -
959 327 1032 371 m
1075 327 1348 373 sonrmu
1388 329 1469 374 nr.
1506 327 1833 374 mmm-m
2168 313 2286 376 107

281 427 540 496 tellect'us
567 446 652 498 est
677 441 971 514 spirituum
1001 426 1329 514 creatorum,
1351 443 1715 518 intelligentia
1750 459 1883 503 vero
1926 443 2099 518 ipsius
2142 445 2284 504 Dei:

283 525 356 582 de
379 526 467 583 his
501 533 685 586 autem
712 537 796 587 est
837 531 1113 605 praecipue
1147 531 1381 591 scientia
1420 533 1639 606 divina3
1662 529 1799 606 'ergo
1838 531 2287 591 intellectualiter

279 617 581 688 procedere
607 617 828 676 videtur
855 635 976 677 esse
1023 621 1196 694 ipsius
1217 621 1519 696 proprium.
1916 645 1923 652 ·

353 705 513 775 Item,
547 707 739 764 modus
769 709 1016 766 scientiae
1055 710 1217 768 debet
1253 711 1585 784 respondere
1626 711 1873 770 materiae
1898 727 1912 766 ε
1939 709 2037 767 sed
2073 725 2163 766 res
2193 708 2286 766 di-
2376 751 2383 758 .

279 794 427 850 vinae
453 801 584 854 sunt
625 811 714 853 res
739 796 1112 869 intelligibiles
1147 815 1244 872 per
1279 799 1523 873 seipsas3
1554 813 1684 872 ergo
1724 801 1919 858 modus
1954 798 2284 859 conveniens

281 881 487 940 divinae
512 882 759 944 scientiae
781 893 866 943 est
891 887 1332 945 intellectualiter
1355 875 1672 962 procedere.

350 971 676 1046 Respondeo
703 975 995 1033 dicendum
1031 977 1099 1033 ad
1137 978 1370 1050 primam
1399 976 1777 1050 quaestionem,
1808 976 1956 1051 quod
1995 991 2284 1051 processus

281 1054 485 1142 aliquis
505 1075 616 1132 quo
660 1061 976 1132 proceditur
1015 1063 1074 1118 in
1111 1062 1374 1132 scientiis,
1401 1062 1605 1122 dicitur
1646 1062 1935 1137 tripliciter
1977 1062 2279 1121 rationalis.

279 1145 404 1200 Uno
431 1147 594 1205 modo
621 1164 689 1205 ex
715 1155 872 1222 parte
898 1150 1290 1224 principiorum
1328 1151 1529 1225 quibus
1562 1151 1897 1226 proceditur,
1923 1160 1985 1209 ut
2020 1167 2147 1209 cum
2174 1153 2284 1209 ali-

281 1234 410 1304 quis
431 1237 679 1306 procedit
703 1235 774 1294 ad
802 1237 1009 1312 aliquid
1041 1240 1384 1312 probandum
1420 1257 1487 1297 ex
1520 1240 1776 1314 operibus
1813 1240 2061 1308 rationis,
2092 1242 2283 1313 cujus-

282 1322 430 1378 modi
464 1332 592 1382 sunt
618 1341 808 1396 genus,
839 1334 896 1383 et
939 1330 1170 1400 species,
1192 1336 1248 1386 et
1293 1329 1625 1402 oppositum,
1652 1334 1709 1384 et
1750 1327 2060 1401 hujusmodi
2096 1329 2282 1386 inten-

279 1411 461 1467 tiones
503 1423 641 1485 qua's
675 1413 837 1487 logici
877 1417 1227 1474 considerant
1259 1422 1353 1474 :et
1389 1417 1472 1474 sic
1516 1417 1719 1474 dicitur
1756 1416 1955 1489 aliquis
1994 1431 2282 1489 processus

279 1500 586 1568 rationalis,
602 1503 821 1576 quando
846 1504 1046 1578 aliquis
1075 1507 1246 1563 utitur
1272 1506 1330 1562 in
1357 1505 1545 1579 aliqua
1565 1505 1793 1562 scientia
1823 1505 2281 1578 propositionibus

281 1603 410 1661 quae
445 1590 737 1648 traduntur
774 1593 830 1649 in
871 1593 1064 1665 logica,
1093 1603 1256 1667 prout
1303 1593 1515 1652 scilicet
1554 1595 1761 1651 utimur
1797 1593 1853 1650 in
1890 1594 2085 1666 logica,
2117 1599 2281 1667 prout

279 1683 368 1732 est
391 1677 593 1735 docens
619 1679 676 1736 in
697 1679 820 1738 aliis
843 1682 1108 1739 scientiis.
1139 1682 1246 1740 Sed
1268 1683 1366 1740 hic‘
1387 1683 1583 1740 modus
1606 1682 1934 1756 procedendi
1964 1698 2071 1740 non
2096 1689 2279 1755 potest

279 1772 592 1839 competere
611 1770 830 1842 proprie
858 1770 1020 1827 alicui
1045 1771 1365 1844 particulari
1391 1772 1654 1840 scientiae,
1686 1772 1744 1828 in
1770 1770 1970 1845 quibus
1993 1778 2279 1843 peccatum

279 1852 507 1924 accidit,
533 1856 638 1912 nisi
667 1873 735 1914 ex
757 1859 992 1932 propriis
1019 1859 1348 1932 procedatur
1374 1878 1388 1915 ε
1420 1860 1679 1917 convenit
1706 1866 1891 1917 autem
1918 1861 2036 1918 haec
2062 1861 2279 1934 proprie

278 1943 401 1999 fieri
428 1945 485 2000 in
511 1946 887 2020 metaphysica
914 1953 972 2004 et
997 1948 1192 2020 logica,
1225 1965 1290 2006 eo
1319 1949 1465 2022 quod
1502 1954 1737 2022 utraque
1772 1949 2001 2006 scientia
2030 1963 2280 2006 commu-

277 2032 368 2089 nis
397 2039 500 2102 est,
529 2039 585 2090 et
607 2035 755 2114 idem
783 2035 1088 2108 subjectum
1117 2037 1519 2110 quodammodo
1547 2037 1769 2094 habent.
1800 2036 1921 2096 Alio
1950 2037 2111 2094 modo
2134 2037 2279 2095 dici—

275 2125 373 2175 tur
399 2135 687 2193 processus
714 2122 997 2180 rationalis
1035 2139 1101 2178 ex
1146 2121 1378 2181 termino
1403 2123 1463 2180 in
1504 2139 1614 2196 quo
1654 2124 1869 2181 sistitur
1910 2123 2276 2198 procedendo.

277 2208 516 2266 Ultimus
553 2211 699 2266 enim
740 2212 1024 2279 terminus,
1062 2211 1132 2268 ad
1177 2228 1340 2285 quem
1388 2212 1621 2270 rationis
1652 2211 1935 2286 inquisitio
1978 2213 2277 2286 perducere

275 2296 462 2366 debet,
479 2302 564 2354 est
585 2298 896 2356 intellectus
921 2299 1333 2372 principiorum,
1351 2301 1409 2356 in
1436 2317 1561 2374 quae
1588 2301 1911 2359 resolvendo
1929 2302 2298 2374 iudicamust·

277 2386 426 2458 quod
456 2387 676 2460 quidem
705 2390 922 2462 quando
950 2390 1042 2457 sit,
1073 2405 1183 2446 non
1220 2389 1423 2446 dicitur
1444 2403 1752 2461 processuS,
1782 2389 1870 2446 vel
1895 2379 2145 2461 probatio
2172 2407 2276 2448 na·-

275 2475 493 2544 turalis,
514 2477 612 2533 sed
639 2477 1050 2534 demonstratiO.
1074 2477 1301 2547 Quando
1327 2482 1513 2534 autem
1538 2476 1819 2550 inquisitio
1846 2477 2075 2534 rationis
2102 2493 2277 2551 usque

275 2564 335 2618 in
359 2563 614 2622 ultimum
647 2568 940 2623 terminum
981 2581 1088 2622 non
1111 2565 1382 2638 perducit,
1412 2565 1510 2621 sed
1552 2565 1765 2621 sistitur
1796 2564 1854 2620 in
1881 2564 1999 2638 ipsa
2038 2565 2272 2639 inquisi-

275 2654 445 2722 tione,
477 2655 696 2729 quando
724 2655 935 2714 scilicet
970 2656 1236 2729 quaerenti
1271 2654 1451 2712 adhuc
1475 2661 1658 2712 manet
1688 2654 1780 2712 via
1826 2655 1893 2711 ad
1933 2655 2272 2726 utrumlibet,

273 2751 336 2800 et
361 2741 466 2800 hoc
491 2745 760 2816 contingit
787 2746 1004 2818 quando
1032 2761 1129 2818 per
1161 2743 1469 2816 probabiles
1500 2735 1741 2800 rationes
1786 2742 2119 2816 proceditur,
2149 2760 2275 2817 quae

273 2838 425 2888 natae
450 2839 578 2888 sunt
613 2831 796 2890 facere
833 2833 1142 2906 opinionem
1171 2839 1228 2890 et
1267 2832 1451 2902 fidem,
1478 2848 1587 2889 non
1627 2837 1812 2890 autem
1860 2833 2149 2890 scientiam
2178 2839 2275 2889 :et

273 2922 358 2978 sic
377 2921 658 2978 rationalis
671 2937 959 2994 processus
971 2922 1324 2994 distinguitur
1337 2927 1527 2978 contra
1550 2921 2060 2978 demonstrativum.
2078 2921 2147 2978 Et
2171 2921 2275 2978 hoc

275 3011 440 3066 modo
463 3011 685 3082 procedi
705 3017 890 3084 potest
911 3010 1310 3068 rationabiliter
1337 3011 1394 3067 in
1422 3010 1667 3084 qualibet
1693 3011 1942 3078 scientia,
1962 3019 2023 3066 ut
2050 3025 2118 3066 ex
2142 3025 2273 3082 pro-

271 3098 546 3156 babilibus
590 3106 814 3172 paretur
851 3100 942 3157 via
984 3100 1054 3157 ad
1094 3101 1431 3157 necessarias
1470 3099 1844 3156 conclusiones
1883 3114 1899 3154 z
1944 3105 2001 3155 et
2044 3093 2135 3154 hic
2188 3106 2274 3156 est

273 3185 417 3242 alius
443 3185 640 3244 modus
663 3187 874 3258 logicae,
903 3203 1012 3260 quo
1049 3186 1225 3260 logica
1252 3188 1424 3244 utitur
1446 3187 1504 3242 in
1531 3187 1777 3243 scientiis
1804 3185 2269 3254 demonstrativis,

271 3289 382 3330 non
431 3275 654 3347 quidem
693 3285 759 3331 ut
794 3275 1135 3342 est‘docens,
1165 3277 1262 3331 sed
1300 3281 1364 3331 ut
1403 3283 1603 3332 utens:
1636 3283 1691 3331 et
1726 3274 1813 3330 his
1848 3274 2060 3332 duobus
2096 3275 2275 3331 modis

269 3363 658 3421 denominatur
707 3380 998 3439 processus
1042 3364 1325 3422 rationalis
1373 3380 1408 3420 a
1462 3365 1691 3421 scientia
1740 3369 1949 3432 nostra,
1987 3364 2073 3420 his
2124 3363 2272 3420 enim

269 3451 488 3508 duobus
515 3453 690 3510 utitur
713 3451 908 3526 logica,
941 3469 1066 3526 quae
1093 3454 1376 3510 rationalis
1409 3453 1612 3510 dicitur
1646 3453 1896 3520 scientia,
1929 3453 1984 3509 in
2028 3451 2273 3510 scientiis

267 3541 751 3608 demonstrativiS,
787 3548 850 3597 ut
890 3542 1025 3598 dicit
1069 3543 1478 3599 commentator
1506 3558 1528 3598 ι
1568 3541 1849 3615 Physicor.
1881 3542 2068 3598 Tertio
2108 3541 2269 3596 modo

266 3631 478 3710 dicitur
519 3630 719 3704 aliquis
755 3632 950 3687 modus
991 3631 1274 3688 rationalis
1315 3647 1346 3688 a
1390 3632 1637 3704 potentia
1672 3630 1950 3697 rationali,
1986 3633 2041 3684 in
2084 3644 2267 3700 quan·-

265 3725 390 3774 tum
433 3718 645 3774 scilicet
690 3719 1051 3791 procedendo,
1083 3719 1334 3793 sequitur
1374 3720 1655 3792 proprium
1684 3717 1906 3775 modum
1947 3717 2145 3773 animae
2174 3732 2270 3772 ra-

259 3805 497 3862 tionalis
519 3807 576 3862 in
606 3809 1004 3879 cognoscendo,
1035 3815 1092 3864 et
1118 3809 1198 3865 sic
1226 3808 1568 3865 rationabilis
1592 3821 1877 3881 processus
1904 3811 1989 3861 est
2015 3804 2269 3877 proprius

253 3896 525 3956 scientiae
561 3896 851 3955 naturalis.
895 3897 1136 3955 scientia
1179 3898 1326 3954 enim
1367 3897 1633 3956 naturalis
1670 3896 1727 3952 in
1767 3895 1883 3951 suis
1925 3893 2269 3966 processibus
