2800 4492
519 376 638 441 556
993 396 1049 443 s.
1091 394 1323 441 'rnomn
1363 391 1693 441 Aoumms
1732 391 2044 441 croscum

1189 596 1647 659 ARTIGULUS
1702 595 1843 660 XII.

536 730 752 795 Utrum
780 728 1020 791 habitus
1047 726 1310 790 scientia
1337 726 1650 806 acquisita
1678 728 2024 789 remaneant
2039 730 2186 805 post
2214 728 2428 792 vitam.
2455 761 2535 777 --

604 818 772 899 (Art.
811 818 920 891 57;
969 820 1028 879 et
1079 818 1105 875 1
1131 820 1331 894 part„
1364 819 1574 895 quaest.
1608 814 1707 887 89,
1742 818 1861 875 art.
1901 817 1956 888 1,
2006 815 2089 876 acl
2114 817 2174 888 3,
2208 822 2264 879 et
2300 821 2424 879 art.
2470 820 2531 893 3,

603 906 686 970 ad
711 909 772 981 4,
800 911 856 969 et
884 910 1006 968 art.
1037 906 1077 965 5
1106 908 1162 967 et
1189 904 1248 977 6,
1277 920 1471 982 corp„-
1500 907 1557 965 et
1582 903 1695 962 1-2
1716 908 1924 983 quoest.
1956 904 2057 979 67,
2086 909 2209 966 art.
2239 905 2327 985 2).

593 1038 912 1112 Respondeo
937 1037 1246 1105 dicendum,
1265 1035 1411 1108 quod
1436 1036 1583 1091 circa
1612 1034 1714 1091 hoc
1739 1043 1824 1091 est
1852 1035 2053 1108 duplex
2073 1038 2275 1109 opini0.
2296 1038 2537 1107 Quidam

523 1130 711 1186 dicunt
736 1128 879 1203 quod
911 1143 1038 1193 non,
1072 1134 1362 1200 sequentes
1399 1125 1733 1183 Avicennarn
1762 1124 1819 1180 in
1848 1140 1907 1180 vt
1944 1124 2197 1181 Natural.
2224 1128 2377 1198 quod
2406 1146 2536 1201 spe-

522 1220 634 1275 cies
663 1218 950 1291 acquisilae
983 1232 1088 1272 non
1127 1221 1410 1271 remanent
1445 1215 1496 1269 in
1544 1213 1820 1269 intellectu
1856 1212 2096 1285 possibili
2129 1215 2236 1271 nisi
2266 1219 2535 1288 quamdiu

523 1316 648 1365 actu
675 1304 926 1377 intelligit
951 1322 965 1372 ;
988 1300 1135 1377 quod
1162 1310 1244 1358 est
1275 1302 1491 1358 salsum.
1522 1302 1659 1357 Nam
1690 1300 2003 1358 intellectus
2034 1302 2307 1374 possibilis
2340 1307 2534 1379 recipit

525 1395 734 1468 species
765 1400 822 1449 et
850 1392 1050 1449 retinet
1095 1389 1394 1446 secundum
1439 1390 1659 1445 modum
1704 1405 1899 1457 suum;
1942 1390 2105 1458 unde,
2144 1392 2423 1466 cumipse
2463 1398 2534 1450 sit

527 1482 838 1547 immobilis»,
868 1487 1056 1553 utpote
1100 1478 1471 1534 immaterialis
1508 1485 1561 1533 et
1606 1477 2054 1550 incorruptibilis,
2086 1481 2285 1551 recipit
2322 1485 2535 1555 specics

527 1569 940 1643 intelligibiliter
979 1570 1276 1625 secundum
1307 1566 1528 1623 modum
1571 1582 1749 1630 suum,
1784 1574 1839 1622 et
1886 1582 2184 1639 numquam
2219 1569 2349 1624 inde
2382 1589 2535 1628 rece-

526 1660 698 1728 dunt;
730 1668 784 1715 et
813 1657 958 1732 quod
989 1656 1098 1711 sint
1136 1655 1208 1711 ibi
1246 1656 1415 1711 etiam
1446 1656 1573 1711 dum
1603 1660 1729 1710 actu
1762 1670 1868 1724 non
1910 1654 2185 1727 intelligit,
2222 1665 2379 1729 patet
2406 1664 2438 1715 3
2468 1662 2533 1717 de

530 1749 726 1817 Anima
755 1751 907 1818 (text.
953 1760 1151 1801 comm.
1197 1745 1265 1813 8),
1315 1744 1404 1800 ubi
1449 1743 1668 1806 dicitur,
1702 1742 1847 1815 quod
1884 1749 2017 1811 'sunt
2053 1743 2108 1799 in
2152 1746 2339 1803 anima
2378 1748 2534 1805 aliter

529 1852 694 1908 quam
723 1836 852 1890 dum
877 1840 1002 1907 astu
1027 1832 1300 1903 intelligit,
1327 1830 1538 1887 scilicet
1562 1830 1771 1887 habitu.
1806 1831 1874 1887 Et
1900 1832 1977 1885 sic
2007 1830 2148 1899 dioc,
2176 1834 2325 1905 quod
2352 1852 2533 1893 rema-

531 1932 659 1980 nent
678 1924 791 1979 sive
821 1922 875 1977 in
905 1920 1181 1974 damnatis
1207 1921 1324 1974 sive
1355 1921 1411 1974 in
1439 1919 1636 1976 beatiS.
1662 1920 1865 1975 Tamen
1890 1919 2251 1977 destruuntur
2274 1923 2351 1979 ibi
2377 1925 2531 1981 habi-

532 2022 620 2069 tus
648 2010 999 2067 scientiarum
1043 2014 1306 2081 quantum
1352 2008 1421 2063 ad
1460 2001 1685 2062 modum
1714 2007 1993 2075 scientiae;
2022 2010 2153 2081 quia
2204 2010 2296 2067 hic
2318 2029 2531 2086 semper

530 2096 786 2171 intelligit
814 2096 1180 2155 convertendo
1211 2112 1268 2150 so
1305 2096 1372 2152 ad
1403 2096 1786 2168 phantasmata
1816 2107 2038 2169 propter
2067 2113 2295 2171 corpus;
2328 2106 2384 2158 e‘t
2427 2120 2531 2159 non

533 2188 708 2245 solum
739 2191 956 2260 propter
995 2186 1096 2241 hoc
1144 2184 1613 2257 phantasmatibus
1657 2185 1981 2257 indigemus,
2010 2186 2106 2241 sed
2153 2188 2221 2243 ad
2274 2192 2530 2248 utendum

534 2275 839 2349 hujusmodi
866 2275 1182 2347 speciebus;
1215 2282 1270 2329 et
1302 2274 1407 2331 iste
1433 2272 1625 2331 modus
1654 2289 1761 2330 non
1792 2274 1898 2331 erit
1927 2279 2077 2346 tunc,
2104 2276 2236 2349 quia
2264 2293 2370 2338 non
2399 2296 2531 2337 con-

535 2372 712 2424 vertet
738 2382 797 2422 se
826 2365 893 2422 ad
919 2362 1324 2439 phantasmata.

1191 2542 1644 2603 ARTIGULUS
1699 2542 1871 2605 XIII.

613 2678 830 2743 Utrum
855 2674 1032 2739 verba
1059 2674 1324 2737 humana
1343 2675 1597 2737 habeant
1624 2674 1747 2737 vim
1774 2674 1859 2737 ad
1882 2677 2235 2741 movendum
2262 2679 2459 2745 bruta.

912 2766 995 2844 (4,
1029 2764 1172 2825 dist.
1205 2766 1306 2837 34,
1331 2768 1540 2843 quaest.
1573 2765 1629 2839 1,
1658 2769 1779 2825 art.
1816 2766 1875 2839 1,
1901 2766 2158 2845 prmo)

607 2895 873 2961 Secundo,
925 2901 1106 2948 utrum
1151 2895 1320 2950 verba
1366 2894 1603 2953 humana
1657 2895 1895 2953 habeant
1933 2898 2045 2953 vim
2091 2898 2162 2955 ad
2208 2904 2527 2961 movendum

539 2987 719 3055 blata,
753 2988 884 3058 puta
927 2969 1226 3053 serpentes.

608 3074 929 3146 Respondeo
953 3070 1262 3140 dicendum,
1297 3069 1442 3145 quod
1474 3069 1682 3145 aliquid
1709 3079 1886 3145 potest
1912 3070 2113 3131 habere
2142 3077 2404 3138 virtutem
2431 3080 2532 3138 ali-

540 3177 706 3239 quam
731 3170 786 3219 et
809 3162 1106 3219 secundum
1134 3160 1406 3235 propriam
1436 3168 1688 3217 naturam
1722 3168 1778 3217 et
1815 3163 2115 3219 secundum
2143 3166 2405 3226 virtutem
2438 3187 2532 3227 su-

541 3252 764 3327 perioris
820 3250 1034 3318 causae3
1081 3248 1232 3305 verbi
1275 3249 1472 3322 gratia,
1523 3250 1876 3306 commixtum
1929 3268 1995 3306 ex
2040 3251 2329 3313 elementis
2376 3259 2530 3314 habet

541 3342 798 3395 virtutem
826 3352 986 3393 unam
1007 3353 1072 3391 ex
1099 3346 1290 3393 natura
1313 3335 1725 3403 elementorum,
1757 3339 2055 3393 secundum
2080 3349 2293 3398 motum
2322 3346 2532 3419 praedo-

543 3423 803 3484 minantis
833 3422 1117 3490 elementi;
1163 3422 1326 3477 aliam
1374 3410 1537 3479 habet
1582 3438 1647 3479 ex
1694 3438 1921 3496 corpore
1966 3424 2191 3495 caelesti‚
2220 3429 2363 3488 sicut
2396 3432 2531 3505 quod

543 3516 766 3572 adamas
795 3510 1021 3571 attrahit
1043 3510 1276 3582 ferrum3
1301 3513 1448 3585 quod
1476 3527 1579 3569 non
1604 3511 1887 3570 reducitur
1914 3513 1985 3570 ad
2012 3514 2274 3628 virtutem
2303 3519 2534 3577 elemen-

449 3618 458 3627 ·
544 3611 628 3661 toi
635 3620 744 3659 um.

611 3692 793 3765 Aliqui
818 3705 946 3763 ergo
970 3688 1160 3745 dicunt
1189 3687 1334 3762 quod
1361 3704 1467 3745 non
1504 3687 1682 3746 solum
1722 3690 1993 3747 naturalia
2018 3706 2250 3765 corpora
2280 3696 2376 3752 sed
2404 3695 2536 3753 arti·

542 3782 742 3837 ficialia
777 3781 1081 3835 sortiuntur
1123 3778 1356 3834 virtutes
1392 3777 1607 3850 aliquas
1630 3796 1699 3835 ex
1727 3780 2082 3854 impressione
2108 3798 2397 3857 corporum
2431 3802 2539 3844 cae-

544 3866 784 3933 lestium,
809 3874 938 3939 puta
967 3864 1230 3938 imagines
1255 3865 1339 3922 vel
1369 3867 1562 3937 figurae
1590 3868 1691 3923 sub
1722 3878 1874 3927 certa
1898 3871 2317 3930 constellatione
2344 3875 2535 3943 factm

543 3952 704 4009 etsie
730 3952 833 4010 hoo
855 3968 1045 4019 verum,
1067 3960 1170 4023 est,
1196 3952 1408 4038 scilicet
1431 3955 1576 4028 quod
1606 3972 1769 4029 super
1796 3955 2109 4019 artificialia
2135 3960 2210 4017 sit
2233 3960 2539 4035 hujusmodi

2578 548 2585 557 ι

2732 609 2735 791 l
