2800 4492
57 3027 60 3030 ,
11 2730 62 2989 sse-&2⁶
27 2679 40 2690 2
18 2629 40 2650 ··

463 389 578 450 334
940 407 994 450 s..
1037 403 1273 450 mama
1311 403 1638 455 sommus
1680 404 1993 449 croscum

464 523 739 578 consentit
771 520 1022 576 eiectioni
1053 502 1331 578 canoni'cae
1355 519 1423 576 do
1450 535 1508 577 se
1538 519 1717 584 factm,
1750 535 1915 591 quam
1953 518 2046 591 qui
2078 533 2197 574 eam
2228 523 2465 574 recusat.

465 610 610 664 Dicit
637 609 778 666 enim
822 609 1136 681 GregoriuS‚
1172 625 1258 666 xn
1289 607 1476 664 Moral.
1531 626 1544 662 x
1588 608 1828 665 Potestas
1855 625 1973 662 eum
2008 607 2332 680 percipitur,
2362 623 2469 661 non

465 715 529 754 ex
555 699 770 755 libidine
799 698 1030 753 amanda
1076 705 1170 752 est.
1217 698 1321 754 Sed
1361 697 1581 769 quando
1610 696 1807 769 aliquis
1834 713 1933 769 per
1960 698 2279 752 canonicam
2322 695 2470 752 elee-

467 789 669 842 tiouem
699 786 1059 860 episcopalem
1106 787 1430 858 dignitatem
1460 779 1800 858 adipiscitur,
1836 803 1939 841 non
1971 785 2198 857 percipit
2236 801 2469 850 eamr-x

468 874 710 941 libidine.
743 875 882 946 Ergo
925 874 1088 929 debet
1129 891 1248 930 eam
1291 889 1475 930 amare
1504 890 1517 928 ε
1551 889 1656 929 non
1704 889 1832 944 ergo
1862 873 2024 928 debet
2048 887 2169 930 eam
2195 888 2467 928 recusare.

537 964 641 1019 Sed
671 972 860 1020 contra
889 971 972 1019 est
997 963 1140 1035 quod
1166 953 1463 1034 Gregorius
1486 963 1637 1026 dicit,
1654 977 1887 1019 xxxvm
1916 961 2127 1031 moral„
2159 961 2303 1035 quod
2320 978 2470 1033 χιι-α’-

469 1050 600 1106 latio
624 1067 722 1121 per
747 1050 1016 1106 meliorem
1043 1050 1386 1106 intentio-nem
1412 1049 1663 1121 sicyienda
1694 1057 1787 1106 est.

539 1138 858 1211 Respondeo
895 1139 1208 1207 dicendum,
1237 1141 1383 1211 quod
1415 1138 1466 1194 in
1502 1155 1566 1193 eo
1607 1138 1700 1210 qui
1731 1138 1983 1195 electioni
2015 1137 2293 1210 canonicae
2318 1137 2384 1192 de
2412 1153 2469 1192 se

472 1226 632 1284 factae
655 1228 944 1298 consentit,
975 1227 1306 1284 considerari
1336 1227 1609 1300 praeeipue
1634 1225 1795 1282 debet
1834 1226 1927 1298 qui
1960 1226 2210 1281 intendit.
2242 1226 2296 1282 Si
2327 1227 2468 1280 enim

474 1315 705 1372 intendit
733 1316 938 1388 aliquid
979 1315 1293 1388 temporale,
1327 1323 1460 1387 puta
1490 1315 1767 1378 honorem,
1802 1315 2043 1382 divitiaS,
2071 1322 2325 1373 excutere
2353 1329 2411 1368 se
2438 1329 2467 1369 a

467 1405 600 1474 jugo
640 1404 932 1476 religioniS‚
967 1413 1060 1460 aut
1095 1403 1300 1476 aliquid
1332 1403 1672 1475 liujusmodi;
1704 1403 2052 1459 manifestum
2091 1411 2175 1458 est
2214 1403 2358 1475 quod
2388 1409 2465 1457 est

475 1509 640 1565 prava
671 1493 901 1556 intentio
933 1510 946 1547 ι
988 1494 1130 1548 unde
1157 1492 1350 1548 melius
1379 1493 1583 1548 faceret
1624 1493 1667 1547 si
1701 1508 1805 1548 non
1842 1491 2151 1548 assentiret.
2192 1492 2246 1547 Si
2290 1497 2500 1547 autem·

476 1582 707 1636 intendit
727 1581 1024 1654 perfectum
1045 1582 1318 1644 Ecclesiae,
1346 1582 1426 1637 sic
1446 1581 1664 1654 planum
1686 1590 1767 1637 est
1789 1580 1935 1654 quod
1957 1580 2097 1662 bona
2122 1589 2205 1636 est
2224 1579 2467 1635 intentio.

474 1671 628 1726 Unde
653 1671 988 1740 Augustinus
1015 1671 1169 1739 dicit,
1203 1686 1308 1725 xix
1338 1670 1407 1724 de
1434 1669 1598 1726 Civit.
1646 1665 1738 1724 Dei
1771 1686 1782 1722 ε
1816 1669 1883 1724 In
1918 1669 2121 1723 actione
2147 1684 2254 1722 non
2284 1683 2473 1721 aman·

475 1759 570 1813 dus
599 1765 670 1812 est
715 1759 882 1813 honor
905 1760 964 1813 in
999 1758 1096 1812 hae
1121 1761 1253 1822 vita,
1289 1761 1398 1813 sive
1422 1749 1682 1831 potentia,
1713 1757 1801 1813 sed
1835 1773 1963 1829 opus
1999 1757 2192 1828 ipsum,
2228 1756 2277 1811 si
2314 1763 2469 1819 reete,

475 1853 630 1918 atque
655 1845 867 1901 utiliter
887 1845 971 1916 fit,
998 1845 1056 1900 id
1081 1853 1156 1902 est
1177 1852 1237 1902 ut
1265 1847 1440 1903 valeat
1462 1846 1531 1901 ad
1553 1848 1775 1903 satutem
1798 1845 2157 1912 subditointm3
2184 1851 2239 1900 et
2269 1843 2472 1899 inducit

477 1935 604 1988 illud
638 1933 880 2006 Apostoli
913 1934 1056 2005 quod
1087 1933 1314 1988 habetur
1341 1933 1364 1988 1
1393 1933 1462 1990 ad
1500 1933 1621 1990 Tim
1674 1939 1725 2002 3,
1771 1936 1849 1990 ⁴:
1878 1933 1936 1990 Si
1959 1933 2078 2006 quis
2099 1933 2471 2006 Episcopatum

476 2022 758 2086 desiderat,
789 2020 976 2076 bonum
999 2037 1126 2092 opus
1149 2021 1352 2077 desider
1355 2030 1433 2078 at.

546 2111 652 2167 Sed
683 2116 862 2165 tamon
895 2110 1175 2165 sciendum
1203 2118 1304 2178 est,
1336 2126 1459 2184 que·
1434 2111 1483 2167 d
1517 2111 1586 2168 ad
1618 2111 1719 2168 hoe
1745 2126 1882 2184 opus
1907 2112 2143 2167 maxima
2178 2112 2473 2186 requiritur

480 2199 746 2255 idoneitas
777 2215 790 2253 ε
822 2200 968 2271 quia,
1003 2206 1061 2253 ut
1091 2199 1386 2270 Gregorius
1415 2199 1547 2257 dicit
1579 2201 1631 2255 in
1664 2199 1949 2265 pastoral„
1985 2205 2194 2256 tantum
2220 2198 2473 2255 actionem

475 2287 656 2360 populi
684 2286 826 2345 debet
869 2286 1006 2342 aetio
1053 2287 1423 2343 transcendere
1442 2289 1716 2362 praesulis,
1747 2295 2005 2362 quantum
2044 2288 2248 2343 distare
2288 2288 2415 2343 solet
2441 2302 2472 2340 a

476 2391 627 2447 9re9e
652 2375 763 2430 vita
787 2375 1063 2447 pastoris:
1089 2376 1155 2432 ad
1179 2377 1322 2449 quod
1350 2377 1584 2433 humana
1609 2376 1877 2448 fragilitas
1901 2377 2198 2432 secundum
2232 2378 2475 2448 proprias

477 2465 621 2520 vires
646 2463 916 2520 sufficiens
941 2480 1046 2520 non
1066 2472 1168 2532 est,
1193 2465 1489 2520 secundum
1512 2465 1643 2520 illud
1666 2464 1929 2537 Apostoli,
1958 2466 2005 2520 u
2030 2465 2097 2521 ad
2122 2465 2245 2520 Cor.
2277 2481 2339 2530 ιι,
2369 2467 2433 2519 46
2458 2481 2470 2518 x

477 2551 554 2607 Et
577 2551 647 2606 ad
673 2553 777 2606 lioec
805 2552 920 2624 quis
949 2556 1058 2608 tam
1095 2552 1310 2608 idoneus
1331 2554 1359 2608 ?
1387 2555 1483 2608 sed
1516 2547 1698 2609 tamen
1728 2569 1793 2608 ex
1823 2551 2025 2608 auxilio
2054 2553 2248 2623 gratiae
2278 2553 2475 2608 ‹livinae

477 2638 720 2695 homines
749 2640 925 2695 idonei
976 2647 1029 2695 et
1066 2640 1396 2695 sufficientes
1440 2641 1779 2696 redduntur:
1811 2643 1950 2696 sicut
1984 2641 2097 2712 ipse
2130 2641 2475 2712 postmodum

477 2727 660 2783 subdit
701 2728 837 2802 (ειη).
874 2743 958 2792 ιιι,
1001 2726 1048 2796 6)
1095 2744 1106 2780 :
1151 2726 1366 2783 Idoneos
1403 2743 1497 2783 nos
1528 2727 1651 2799 feeit
1691 2728 1967 2806 ministros
2004 2729 2125 2781 novi
2156 2728 2472 2783 testamenti.

477 2816 659 2872 Potest
687 2831 813 2885 ergo
857 2815 1054 2886 aliquis
1095 2814 1441 2872 laudabiliter
1478 2818 1827 2873 considerans
1865 2817 2141 2890 proprium
2180 2816 2469 2880 defectum,

479 2920 545 2960 ex
593 2903 895 2958 humilitate
956 2902 1191 2958 officium
1253 2905 1584 2976 praelationis
1649 2922 1921 2974 recusare,
1976 2908 2118 2960 sicut
2174 2905 2475 2960 Hieremias

480 2993 617 3063 (cap.
652 3007 690 3056 1,
731 2991 779 3061 6)
827 2990 960 3046 dicit
1009 3009 1021 3045 :
1053 2991 1238 3049 Nescio
1275 2992 1436 3064 loqui,
1464 2993 1589 3065 quia
1610 3011 1750 3064 puer
1779 3011 1867 3066 290
1905 3011 2053 3059 sam3
2102 2999 2281 3064 potest
2310 2994 2475 3048 etiam

483 3077 822 3134 laudabiliter
857 3078 1162 3133 consentire
1189 3094 1254 3133 ex
1284 3080 1515 3135 caritate
1543 3080 1802 3146 fraterna,
1838 3087 1896 3135 ut
1934 3081 2167 3136 salutem
2197 3079 2475 3152 proximo-

479 3182 595 3223 rum
620 3176 887 3239 procuret,
907 3169 1048 3223 sicut
1067 3166 1342 3239 Isaiasqui
1364 3167 1650 3241 dicit(eap.
1677 3184 1753 3235 vt,
1784 3170 1834 3242 8.)
1862 3187 1874 3221 τ
1906 3169 2037 3224 Eece
2060 3185 2171 3240 eqo,
2196 3169 2347 3224 mitte
2370 3184 2471 3222 me.

545 3255 647 3313 Sed
690 3257 831 3312 sicut
860 3257 1156 3328 Gregorius
1197 3256 1331 3312 dicit
1373 3257 1427 3311 in
1477 3260 1684 3322 Pastor,
1719 3258 1793 3318 ,in
1837 3265 2062 3328 utroque
2090 3265 2161 3312 est
2206 3257 2476 3313 subtiliter

474 3342 786 3402 intuendam
829 3362 845 3400 .·
885 3343 1009 3417 qaia
1032 3351 1086 3407 et
1128 3345 1174 3399 is
1202 3346 1292 3417 qui
1321 3345 1603 3412 recusavit,
1624 3347 1775 3418 plene
1805 3363 1911 3400 non
1953 3347 2149 3402 restitit
2162 3364 2182 3413 ‚·
2226 3353 2272 3400 et
2307 3346 2353 3400 is
2380 3346 2474 3416 qui

474 3432 620 3491 vaitti
663 3431 849 3497 voluit,
890 3423 1012 3486 ante
1053 3449 1104 3488 se
1125 3450 1227 3505 per
1266 3435 1459 3490 altaris
1487 3436 1740 3491 caleulum
1765 3442 2053 3507 purgyatum
2086 3435 2219 3490 vidit
2232 3452 2249 3500 ,·
2280 3452 2343 3490 ne
2379 3443 2475 3490 aut

474 3539 578 3577 non
603 3529 868 3594 purgatus
895 3521 1048 3576 adire
1076 3522 1290 3594 quisque
1317 3541 1473 3578 saera
1502 3525 1803 3579 ministeria
1827 3525 2018 3579 audeat
2032 3542 2051 3592 ;
2076 3531 2171 3579 aut
2210 3541 2357 3596 quem
2379 3541 2475 3578 su-

472 3627 639 3682 perna
663 3611 844 3682 qratia
869 3610 1034 3682 eliyit,
1061 3611 1152 3666 sub
1175 3612 1495 3669 huniilitatis
1522 3614 1688 3684 speeie
1712 3629 1955 3685 superna?
1979 3613 2311 3684 dispositioni
2348 3630 2476 3668 con-

477 3699 730 3756 tradit-at.

546 3785 683 3854 Quia
709 3803 835 3858 ergo
859 3788 1014 3844 valde
1039 3787 1255 3845 difficile
1276 3795 1359 3844 est
1381 3798 1669 3863 purgatum
1696 3807 1753 3845 se
1778 3791 2075 3863 quemlibet
2098 3807 2221 3864 poss
2200 3809 2253 3848 e
2274 3808 2477 3864 agnos-

479 3888 620 3938 cere,
654 3876 986 3954 praelationis
1018 3877 1254 3947 officium
1285 3878 1457 3950 tutius
1492 3878 1824 3944 declinatum
1871 3896 1975 3935 non
2008 3889 2188 3936 tamen
2231 3883 2481 3953 pertina-

483 3959 636 4025 citer,
665 3976 786 4016 cum
818 3963 883 4019 ad
915 3963 1314 4033 suscipiendum
1345 3963 1449 4020 hoe
1475 3981 1707 4037 superna
1736 3967 1983 4025 voluntas
2008 3971 2338 4040 agnoscitur.
2417 4003 2423 4014 ·
