2800 4492
566 282 648 344 82
1041 301 1098 347 5.
1139 300 1376 346 ‘mom
1416 299 1745 352 Aoumms
1786 299 2109 352 08850888

567 416 899 486 materiali83
920 431 992 473 >ex
1014 421 1171 490 parte
1197 431 1328 474 vero
1357 415 1612 488 scientim
1630 414 1899 488 competit
1926 412 2165 488 eifquod
2196 414 2273 472 5ἰι
2313 427 2581 482 8808558,-

570 505 732 571 rium,
759 504 892 578 quia
929 505 1162 562 seientia
1189 505 1258 562 de
1275 505 1627 564 necessariis
1664 510 1766 572 est,
1790 509 1857 580 ut
1888 503 2152 576 probatur
2181 493 2357 576 primo
2386 503 2579 560 Poste-

571 593 795 651 riorum.
843 593 1247 650 Omneautem
1279 593 1651 651 neeessariam
1704 593 1761 650 in
1804 597 2073 668 quantum
2114 591 2453 663 hujusmodi,
2494 598 2578 650 est

568 680 847 756 ‚immobile
873 698 888 738 3
921 682 1058 756 quia
1077 697 1236 738 omne
1261 683 1409 756 quod
1434 690 1688 740 movetur
1708 681 1764 738 in
1792 686 2059 754 quantum
2086 677 2421 751 hujusmodi,
2446 694 2578 752 pos-

561 768 736 828 sibile
759 777 986 828 estesse
1011 777 1068 828 et
1089 785 1197 828 non
1233 787 1354 830 esse
1380 771 1485 829 vel.
1508 771 1869 844 simplicitas
1892 769 1981 828 vel
2002 767 2302 830 secundum
2326 759 2487 842 quid,
2523 776 2579 836 ut

566 858 778 916 dicitur
800 875 843 916 x
867 861 1032 918 Meta.
1061 859 1347 932 Sieigitur
1377 858 1875 934 speculabiliquod
1910 864 1997 918 est
2014 857 2294 930 ,objectum
2319 857 2577 929 specula,-

565 948 705 1006 .tivae
727 948 991 1017 scientim,
1017 965 1115 1022 per
1141 965 1202 1014 se
1226 948 1492 1022 competit
1516 949 1795 1022 separatio
1822 954 1879 1005 et
1910 963 1943 1004 a
1968 947 2221 1014 materia,
2253 952 2309 1004 et
2339 962 2371 1006 a
2398 953 2575 1015 motu,

565 1037 663 1094 -vel
683 1037 978 1110 applicatio
1006 1038 1077 1095 ad
1098 1053 1167 1095 ea
1193 1053 1210 1094 3
1237 1037 1456 1105 etideo.
1483 1037 1785 1106 seeundum
1826 1035 2075 1092 ordinem
2112 1035 2437 1100 remotionis
2466 1041 2579 1100 eta

575 1125 826 1194 materia,
851 1134 907 1182 et
936 1143 969 1186 a
998 1132 1149 1182 motu
1177 1125 1425 1184 scientiae
1464 1124 1819 1198 speculativae
1854 1125 2287 1196 distinguuntur.
2302 1123 2579 1202 ‘Quaedam

563 1215 746 1286 -igitur
781 1222 911 1272 sunt
951 1214 1384 1288 speculabilium,
1416 1229 1557 1288 qum.
1580 1214 1888 1287 dependent
1932 1230 1964 1271 8
2000 1213 2233 1274 materia
2268 1211 2579 1289 seeundum

576 1319 714 1370 8558,
729 1303 993 1378 quianon
1019 1303 1124 1360 nisi
1150 1303 1206 1359 in
1232 1303 1465 1360 materia
1486 1317 1621 1360 esse
1638 1307 1884 1376 possunt,
1902 1308 1959 1359 et
1983 1301 2103 1360 haeo
2124 1300 2576 1372 distinguuntur-,2

577 1391 708 1465 qui'a
729 1390 1372 1465 dependentquaedam.a
1401 1390 1644 1464 materia⁴
1664 1389 1969 1448 seeundum
1993 1377 2123 1448 esse'
2146 1394 2223 1450 ,et
2240 1389 2580 1454 intellectum

577 1480 719 1536 sicut
747 1479 839 1536 illa
865 1479 922 1536 in
947 1495 1182 1553 quorum
1218 1479 1534 1537 definitione
1574 1479 1796 1552 ponitur
1824 1478 2057 1535 materia
2086 1477 2406 1541 sensibilis:
2434 1477 2578 1544 unde

564 1568 954 1626 -siuessmate'ria'
987 1568 1232 1639 sensibili
1265 1567 1497 1640 intelligi
1524 1569 1631 1626 non
1662 1572 1909 1640 possunt,
1936 1571 1998 1623 ut
2033 1567 2089 1622 in
2126 1565 2446 1623 definitione
2476 1566 2579 1631 bo-

565 1657 741 1718 minis
767 1661 983 1729 oportet
1003 1657 1255 1728 accipere
1283 1671 1509 1712 carnem
1538 1663 1595 1712 et
1620 1670 1765 1726 0558,
1788 1661 1849 1711 et
1874 1655 1941 1711 de
1968 1654 2054 1730 his
2076 1662 2161 1710 est
2186 1653 2437 1728 physica,
2465 1654 2580 1721 sive

564 1744 813 1802 scientia
837 1743 1121 1801 naturalis.
1153 1743 1421 1813 Quaedam
1441 1759 1579 1800 vero
1612 1743 1863 1817 quamvis
1904 1742 2247 1816 dependeant
2284 1743 2577 1822 amatoria

563 1832 880 1890 ,secundum
903 1845 1042 1899 esse,
1071 1845 1180 1888 808
1209 1839 1392 1888 tamen
1417 1831 1733 1888 seeundum
1761 1831 2119 1898 intellectum,
2146 1832 2277 1904 quia
2310 1831 2366 1887 in
2392 1847 2581 1888 eorum

562 1919 986 1988 delinitionibus
1007 1935 1119 1976 non
1141 1919 1358 1992 ponitur
1374 1921 1615 1977 materia
1634 1921 1928 1988 sensibilis,
1942 1926 2005 1977 ut
2028 1920 2190 1988 linea,
2208 1925 2265 1977 et
2294 1936 2575 1986 numerus,

562 2014 638 2065 -et
660 2007 728 2064 de
752 2007 836 2064 his
859 2007 1392 2076 estmathetnatiea.
1424 2008 1689 2078 Quaedam
1718 2024 1847 2066 vero
1883 2015 2012 2066 sunt
2049 1997 2581 2082 speculabilia‚'quae

561 2112 690 2155 :non
713 2096 1024 2168 dependent
1051 2112 1085 2154 a
1112 2097 1344 2154 materia
1371 2097 1683 2160 seeundum
1708 2113 1847 2166 esse,
1875 2099 2005 2172 quia
2042 2099 2164 2154 sine
2201 2097 2436 2156 materia
2444 2114 2583 2164 8588

561 2191 828 2257 mussant,
855 2185 973 2244 sive
1013 2201 1290 2258 nunquam
1333 2186 1447 2242 sint
1484 2185 1543 2242 in
1586 2187 1837 2254 materia,
1869 2187 2015 2244 siout
2040 2188 2189 2243 Deus
2224 2194 2281 2245 et
2305 2187 2579 2258 angelum

579 2273 777 2330 sivein
805 2273 1132 2372 quibusdam
1167 2275 1278 2330 sint
1317 2275 1376 2330 in
1406 2275 1641 2334 materia
1667 2282 1723 2330 et
1750 2274 1807 2330 in
1836 2273 2175 2348 quibusdam
2201 2290 2345 2343 808,
2363 2281 2425 2332 ut
2446 2276 2583 2334 sub-

580 2362 804 2429 stantia,
825 2347 1100 2436 888Ιὶι85,
1134 2362 1398 2435 potentia,
1435 2369 1513 2419 et
1528 2369 1709 2432 nctus,
1748 2379 1923 2418 unum
1970 2369 2045 2419 et·
2058 2362 2253 2428 multa,
2286 2370 2343 2419 et
2388 2363 2585 2436 hujus-

559 2451 748 2520 modi,
763 2451 832 2508 de
859 2451 1076 2525 quibus
1087 2450 1338 2508 omuibus
1361 2455 1447 2507 est
1471 2449 1767 2523 theologia,
1780 2439 1839 2506 id
1858 2457 1943 2508 eat
1966 2451 2153 2508 divina
2178 2451 2431 2518 seientia,
2454 2453 2582 2525 quia

581 2540 910 2614 principium
955 2539 1300 2615 cognitorum
1328 2539 1409 2595 in
1462 2554 1529 2596 88
1574 2545 1658 2596 85ι
1695 2540 1878 2596 Deus.
1936 2539 2059 2596 Alio
2114 2541 2332 2596 nomine
2382 2540 2585 2606 dicitur

563 2635 808 2700 .metap.,
835 2628 892 2684 id
925 2637 1010 2687 est
1037 2627 1439 2700 transphysien,
1470 2627 1753 2700 quia‘post
1777 2626 2006 2700 physica
2044 2628 2305 2688 discenda
2342 2631 2585 2688 occurrit

561 2717 759 2782 nobis,-
786 2714 986 2787 quibus
1027 2730 1094 2784 ex
1133 2713 1499 2770 sensibilibus.
1524 2716 1789 2788 eompetit
1836 2715 1893 2773 in
1930 2717 2263 2775 insensibilia
2302 2712 2582 2780 devenire.
2645 2766 2652 2770 .

585 2803 797 2860 Dicitur
823 2801 990 2858 etiam
1021 2801 1359 2874 philosophia
1395 2803 1591 2874 prima,
1619 2804 1674 2861 in
1701 2811 1969 2877 quantum
1991 2804 2237 2862 scientiae
2265 2805 2395 2870 aliae*
2420 2805 2492 2863 ab
2518 2823 2584 2866 88

563 2891 854 2965 -prineipia
875 2904 974 2946 sua
995 2889 1470 2962 accipientes-eam
1496 2899 1818 2965 sequuntur.
1839 2893 1959 2950 Non
1981 2899 2067 2948 est
2094 2900 2279 2952 autem
2304 2894 2581 2966 possibile,

491 3033 496 3039 .
562 2979 734 3053 -quod
761 2979 872 3035 sint
893 2977 1092 3052 aliquae
1114 2993 1203 3035 res
1219 2994 1345 3051 quae
1371 2979 1669 3036 seeundum
1690 2979 2027 3038 intellectum
2041 2981 2385 3053 dependeant
2406 2997 2439 3039 a
2462 2999 2577 3040 ma-

560 3069 744 3137 .ter1a‚
769 3073 827 3126 et
850 3075 959 3126 808
982 3067 1283 3126 seeundum
1307 3083 1447 3136 8558,
1471 3068 1601 3140 quia
1642 3067 1971 3140 ἰ8ι8118οι85,
1998 3075 2265 3143 quantum
2295 3076 2381 3128 est
2403 3071 2473 3127 de
2502 3087 2581 3140 se,

585 3157 960 3214 immaterialis
999 3164 1141 3224 85ι3
1153 3161 1236 3213 et
1279 3155 1406 3213 ideo
1446 3170 1557 3213 non
1596 3162 1681 3212 est
1716 3163 1973 3230 quartum
2008 3173 2191 3230 genus
2226 3157 2585 3244 philosophie}

558 3253 781 3318 praeter
803 3244 1085 3317 praediota.
1162 3289 1166 3294 .

651 3333 736 3391 Ad
765 3333 999 3405 primum
1042 3331 1208 3404 igitur
1251 3332 1561 3402 dicendum,
1592 3333 1739 3407 quod
1777 3297 1912 3390 Phil.
1952 3351 2013 3392 vi
2054 3315 2224 3404 Emi„
2252 3334 2587 3394 determinat

583 3423 652 3480 de
679 3419 954 3478 habitibus
997 3419 1513 3490 intellectualibus,
1497 3438 1553 3478 m
1593 3428 1862 3494 quantum
1902 3430 2029 3480 sunt
2064 3425 2294 3481 virtutes
2318 3422 2587 3488 intellec-

583 3509 783 3568 tuales.
798 3509 1062 3566 Dicuntur
1085 3514 1268 3565 autem
1291 3511 1542 3577 virtutes,
1557 3510 1613 3565 in
1639 3511 2216 3584 quantumperfioiunt
2244 3511 2586 3572 intellectum

582 3602 640 3658 in
662 3612 764 3658 sua
787 3597 1120 3670 operatione.
1150 3597 1334 3654 Virtus
1361 3597 1507 3653 enim
1539 3603 1623 3662 est
1648 3614 1773 3671 quae
1797 3599 2001 3656 bonum
2028 3599 2162 3658 facit
2189 3599 2503 3676 habentem,
2530 3611 2586 3658 et

582 3704 720 3762 opus
752 3687 870 3759 ejus
915 3686 1097 3758 reddit
1139 3686 1340 3742 bonum
1382 3700 1396 3740 3
1435 3690 1491 3740 et
1523 3685 1647 3742 ideo
1688 3688 1989 3745 secundum
2028 3689 2175 3764 quod
2215 3688 2586 3746 diversimode

582 3777 860 3850 perficitur
885 3791 980 3846 per
1002 3773 1310 3846 hujusmodi
1347 3773 1567 3831 habitus
1598 3775 1981 3848 speculativos„
2012 3775 2351 3852 diversificat
2388 3765 2586 3850 liujus-

550 3907 559 3912 .
585 3863 733 3922 modi
755 3863 1006 3922 virtutes.
1029 3863 1132 3920 Est
1155 3867 1345 3930 ‚autem
1371 3863 1513 3924 alius
1533 3863 1727 3923 modus
1748 3881 1859 3939 880
1880 3875 2006 3939 pate
2030 3866 2227 3944 enirnae
2245 3866 2588 3947 speculativa
