2800 4492
509 301 627 362 234
755 363 759 368 ,
987 318 1038 361 s.
1083 317 1316 362 ¹1·quAE
1358 314 1687 366 Auximum
1727 313 2041 360 ornacum

511 435 579 489 de
609 449 673 491 ea
699 433 776 502 fit,
808 432 904 490 sed
931 431 1103 490 solum
1135 449 1230 504 per
1270 431 1494 489 modum
1530 429 1796 488 materiae.
1825 429 2005 488 Radix
2032 427 2177 484 enim
2204 424 2523 500 aliqualiter

514 521 676 578 habet
701 523 960 577 virtutem
987 535 1168 577 causae
1185 521 1400 588 activae‚
1418 521 1471 576 in
1501 528 1765 594 quantum
1780 519 2058 574 ministrat
2072 517 2396 574 alimentum
2420 514 2521 572 toti

511 610 744 681 plantae3
777 611 921 666 unde
943 610 998 664 in
1025 609 1279 666 humanis
1303 609 1521 665 actibus
1546 608 1799 666 voluntas
1836 616 1891 664 et
1929 607 2161 662 intentio
2188 619 2522 676 comparan-

518 708 603 754 tur
653 699 842 765 radici,
876 713 1000 772 quae
1044 698 1091 753 si
1133 713 1388 770 perversa
1436 697 1619 764 fuerit,
1665 711 1801 769 opus
1842 695 1965 766 erit'
1991 709 2306 767 perversum
2356 710 2373 747 ε
2414 706 2521 748 non

516 794 699 842 autem
725 786 826 843 boc
852 793 937 842 est
969 787 1334 858 necessarium
1358 785 1413 841 in
1445 801 1509 842 eo
1535 785 1682 858 quod
1706 781 2132 851 estmateriale3
2164 786 2347 854 potest
2375 779 2522 839 enim

517 875 713 949 aliquis
744 876 1016 934 interdum
1040 876 1186 933 malo
1213 875 1350 932 bene
1373 875 1477 932 uti.

1211 1063 1607 1153 QUAESTIO
1654 1071 1831 1139 VIII.

588 1234 795 1290 Deinde
823 1235 1115 1307 'quaesitum
1143 1239 1226 1289 est
1253 1233 1321 1288 de
1342 1233 1429 1288 his
1454 1247 1577 1305 quae
1606 1232 1879 1304 pertinent
1906 1229 2267 1286 communiter
2297 1229 2366 1284 ad
2398 1242 2518 1283 om-

521 1339 616 1380 nes
644 1323 906 1380 homines.
938 1322 1118 1378 Primo
1146 1328 1411 1395 quantum
1440 1321 1510 1378 ad
1550 1321 1809 1377 animam.
1839 1313 2095 1375 'Secundo
2140 1323 2411 1388 quantum
2454 1315 2519 1372 ad

519 1428 734 1485 corpus.
767 1413 952 1468 Tertio
991 1420 1255 1484 quantum
1285 1411 1352 1466 ad
1383 1404 1567 1466 actum
1597 1409 1850 1464 hominis.
1882 1408 2041 1464 Circa
2088 1406 2329 1462 animam
2366 1419 2521 1478 (μιξε-

519 1501 625 1556 sita
651 1506 778 1554 sunt
806 1500 908 1554 tria
937 1516 950 1554 ε
984 1501 1044 1553 lo
1069 1507 1336 1571 quantum
1372 1497 1441 1552 ad
1467 1495 1834 1558 substantiam
1860 1495 1998 1566 ejus,
2031 1501 2215 1549 utrum
2256 1494 2331 1548 sit
2368 1507 2519 1547 com-

519 1589 697 1661 posita
726 1605 792 1643 ex
833 1588 1062 1644 materia
1106 1594 1162 1641 et
1203 1586 1411 1653 forma3
1444 1589 1503 1642 2⁰
1544 1593 1810 1659 quantum
1848 1584 1918 1640 ad
1956 1583 2325 1654 cognitionem
2368 1583 2519 1653 ojus3

523 1681 582 1738 3ο
612 1685 878 1750 quantum
903 1676 970 1732 ad
1003 1678 1226 1748 poenam'
1249 1675 1438 1746 ipsius.

1193 1853 1649 1914 ARTICULUS
1699 1851 1841 1913 XX.

534 1987 752 2054 Utrum
775 1986 978 2050 anima
999 1987 1085 2050 sit
1108 1989 1433 2066 composita
1455 2001 1525 2048 em
1546 1985 1799 2048 materia
1824 1988 1879 2046 et
1900 1985 2125 2062 forma.
2145 2017 2224 2028 —
2245 1981 2303 2064 (1
2324 1987 2519 2062 part„

860 2080 1069 2158 quoest.
1101 2077 1202 2149 75,
1235 2080 1356 2150 art.
1390 2076 1461 2152 53
1494 2079 1549 2138 et
1578 2075 1647 2138 de
1673 2073 1920 2149 Anima,
1949 2078 2069 2135 art.
2098 2071 2186 2152 6).

593 2209 676 2267 Ad
707 2209 937 2281 primum
981 2208 1061 2264 sic
1090 2208 1420 2281 proceditur.
1452 2208 1683 2265 Videtur
1714 2206 1859 2279 quod
1896 2205 2078 2261 anima
2108 2205 2181 2260 sit
2220 2205 2522 2277 composita

525 2316 588 2356 ex
620 2298 849 2354 materia
891 2305 945 2354 et
983 2296 1184 2356 sermm
1220 2296 1534 2353 intellectus
1572 2297 1717 2361 enim
1758 2295 2027 2351 humanus
2058 2301 2413 2366 comparatur
2458 2295 2524 2351 ad

527 2387 861 2446 substantias
897 2386 1291 2444 intellectuales
1336 2385 1644 2459 superiores
1682 2400 1776 2456 per
1817 2397 2089 2439 recessum
2135 2382 2523 2455 simplicitatis·

527 2477 629 2536 Sed
660 2493 817 2534 omne
847 2477 992 2549 quod
1037 2475 1230 2534 recidit
1277 2491 1308 2531 a
1349 2473 1605 2548 simplici,
1638 2472 1829 2529 incidit
1876 2473 1929 2529 in
1974 2471 2215 2544 aliquam
2249 2473 2527 2545 composi-

529 2567 728 2622 tionem
763 2583 776 2620 :
811 2567 982 2638 prima
1009 2571 1192 2621 autem
1235 2564 1559 2635 compositio
1602 2571 1687 2620 est
1733 2579 1801 2618 ex
1827 2562 2057 2618 materia
2077 2568 2134 2618 et
2162 2561 2357 2620 forma.
2384 2562 2526 2634 Ergo

527 2657 708 2712 anima
737 2655 972 2709 bumana
999 2662 1082 2710 est
1111 2654 1415 2725 composita
1442 2668 1511 2708 ex
1534 2645 1767 2709 materia
1791 2657 1847 2707 et
1872 2650 2066 2711 forma.

593 2743 699 2808 Sed
725 2750 914 2798 contra
957 2747 1040 2796 est
1083 2741 1227 2813 quod
1276 2737 1642 2813 Philosophus
1661 2739 1796 2796 dicit
1831 2740 1885 2794 in
1928 2755 1994 2795 ιιι
2039 2739 2107 2794 de
2144 2739 2341 2797 Anima
2370 2741 2525 2812 (text.

526 2846 667 2888 com.
707 2830 809 2899 46),
843 2829 987 2901 quod
1031 2829 1240 2901 species
1291 2844 1473 2884 rerum
1514 2827 1879 2885 materialium
1924 2836 2083 2898 prout
2124 2833 2253 2883 sunt
2298 2828 2353 2883 in
2398 2829 2529 2902 ipsis

529 2919 707 2987 rebus,
757 2934 865 2973 non
914 2918 1041 2973 sunt
1092 2917 1462 2988 intelligibiles
1510 2924 1655 2983 actu,
1683 2917 1813 2990 quia
1869 2917 2089 2972 suntin
2130 2916 2383 2973 materia.
2424 2917 2529 2975 Sed

529 3009 687 3077 prout
707 3013 834 3063 sunt
863 3007 918 3062 in
947 3007 1128 3063 anima
1163 3005 1497 3063 intellectiva
1527 3001 1782 3080 humana,
1810 3012 1937 3060 sunt
1976 3003 2345 3076 intelligibiles
2379 3014 2528 3063 actu.

526 3097 667 3168 Ergo
691 3113 797 3152 nou
823 3102 948 3154 sunt
975 3096 1028 3152 in
1054 3095 1286 3152 materia
1310 3108 1451 3151 :non
1480 3110 1609 3166 ergo
1636 3094 1817 3150 anima
1846 3093 2082 3150 humana
2120 3094 2205 3150 est
2228 3095 2533 3168 composita

527 3203 595 3240 vx
623 3185 850 3240 materia
879 3192 934 3240 et
959 3185 1155 3240 forma.

598 3273 915 3345 Respondeo
947 3273 1256 3338 dicendum,
1281 3269 1427 3345 quod
1458 3273 1505 3328 si
1534 3271 1760 3329 materia
1786 3271 2001 3328 dicatur
2030 3287 2191 3352 omne
2215 3273 2350 3332 illud
2386 3274 2533 3348 quod

527 3362 687 3416 estin
717 3361 959 3432 potentia
989 3375 1334 3433 quocumque
1371 3361 1555 3428 mode,
1586 3367 1643 3416 et
1684 3362 1859 3430 iforma
1887 3361 2103 3418 dicatur
2128 3362 2308 3418 omnis
2346 3373 2531 3432 actus;

529 3465 751 3507 necesse
788 3456 871 3505 est
901 3464 1119 3521 ponere,
1143 3450 1288 3521 quod
1319 3451 1501 3505 anima
1544 3449 1801 3520 humana,
1826 3456 1883 3506 et
1928 3450 2189 3522 quaelibet
2224 3453 2534 3508 substantia

527 3544 730 3606 creata,
759 3538 830 3594 sit
850 3537 1149 3608 composita
1175 3553 1244 3591 ex
1271 3537 1499 3594 materia
1529 3545 1583 3594 et
1610 3538 1802 3594 forma.
1832 3538 2023 3596 Omnis
2052 3539 2197 3595 enim
2224 3540 2536 3597 substantia

527 3639 712 3686 creata
741 3636 824 3684 est
869 3626 1171 3698 composita
1207 3641 1275 3680 ex
1303 3626 1547 3697 potentia
1586 3617 1804 3684 et'actu
1838 3645 1851 3682 ε
1886 3628 2237 3684 manifestum
2274 3638 2360 3686 est
2388 3629 2537 3686 enim

529 3716 672 3789 quod
715 3715 861 3772 solus
899 3714 1044 3769 Deus
1081 3720 1165 3768 est
1198 3727 1358 3770 suum
1399 3728 1537 3781 esse,
1578 3715 1738 3787 quasi
1776 3713 2142 3771 essentialiter
2189 3714 2453 3782 existens,
2482 3717 2537 3771 in

527 3810 792 3878 quantum
816 3803 1026 3862 scilicet
1049 3817 1209 3860 suum
1233 3815 1352 3858 esse
1376 3809 1461 3860 est
1490 3804 1607 3874 ejus
1626 3803 1931 3862 substantia
1950 3821 1963 3872 ;
1983 3803 2131 3877 quod
2160 3803 2227 3860 de
2250 3802 2400 3860 nullo
2429 3805 2536 3860 alio

528 3893 636 3957 dici
665 3899 846 3968 potest
873 3911 887 3955 ε
919 3907 1038 3954 esse
1061 3892 1206 3953 enim
1229 3890 1531 3953 subsistens
1560 3908 1665 3952 non
1690 3900 2013 3968 potestesse
2044 3891 2148 3952 nisi
2177 3907 2366 3962 unum,
2388 3893 2533 3956 sicut
