2800 4492
723 332 836 377 κη.
867 348 947 361 -
975 332 1400 383 ouonmemtm
1440 333 1723 386 enemim
2104 318 2225 381 505

223 451 545 521 potestesse
575 448 688 505 sine
704 447 924 520 propria
943 448 1278 521 operatione.
1307 448 1532 521 Propria
1551 456 1734 507 autem
1760 449 2002 522 operatio
2029 451 2227 507 animae

225 536 513 593 rationalis
538 542 624 593 est
649 536 975 608 intelligere,
999 552 1124 609 quae
1146 535 1354 608 indiget
1381 552 1627 609 corpore,
1650 552 1775 593 cum
1798 554 1903 594 non
1920 539 1991 593 sit
2018 538 2227 594 intelli-

223 640 354 697 gere
383 625 500 680 sine
524 624 923 696 phantasmate,
953 630 1017 679 ut
1041 631 1194 697 patet
1221 640 1318 697 per
1349 625 1733 698 Philosophum
1752 625 1807 682 in
1839 641 1906 682 111
1936 627 2003 682 de
2028 626 2223 683 Anima

223 713 382 783 (text.
415 727 556 768 com.
598 713 704 781 30).
733 713 878 784 Ergo
902 713 1182 769 destructo
1212 727 1439 784 corpore
1479 714 1787 773 substantia
1818 715 2015 771 animae
2054 715 2227 771 ratio-

225 802 369 857 nalis
393 818 498 858 non
530 808 729 859 manet.

295 898 350 948 2.
395 892 686 959 Praeterea,
728 891 861 946 illud
900 891 1043 964 quod
1092 891 1258 947 habet
1305 892 1564 949 virtutem
1609 899 1670 948 ut
1712 892 1785 948 sit
1836 908 2068 966 semper,
2119 909 2226 950 non

225 977 504 1033 invenitur
532 977 864 1052 quandoque
906 994 1026 1033 esse
1061 985 1118 1034 et
1153 979 1484 1052 quandoque
1524 994 1632 1034 non
1660 995 1815 1047 esse;
1864 982 2039 1035 omnis
2081 982 2226 1036 enim

226 1083 313 1123 res
336 1057 422 1123 est
465 1066 730 1140 quamdiu
759 1068 932 1141 virtus
970 1067 1048 1123 rei
1081 1068 1348 1139 exposcit.
1374 1067 1520 1139 Ergo
1562 1067 1707 1139 quod
1746 1067 2020 1123 invenitur
2049 1084 2229 1141 quan-

227 1155 407 1228 doque
450 1170 570 1210 esse
598 1162 654 1209 et
697 1155 1024 1228 quandoque
1068 1172 1173 1212 non
1216 1169 1354 1222 esse,
1390 1170 1497 1211 non
1543 1154 1706 1211 habet
1744 1157 2005 1212 virtutem
2056 1163 2115 1211 ut
2154 1157 2229 1211 sit

226 1259 465 1316 semper.
497 1244 604 1301 Sed
632 1258 790 1299 omne
837 1244 983 1315 quod
1026 1244 1215 1315 incipit
1253 1259 1391 1311 esse,
1426 1243 1703 1299 invenitur
1740 1243 2069 1316 quandoque
2106 1260 2229 1300 esso

227 1340 282 1391 et
310 1332 640 1405 quandoque
671 1348 773 1389 non
804 1348 942 1387 esse.
971 1332 1112 1404 Ergo
1145 1331 1275 1387 nihil
1307 1332 1453 1404 quod
1494 1332 1697 1405 incepit
1733 1348 1871 1399 esse,
1903 1332 2068 1389 habet
2110 1332 2229 1389 vir-

227 1427 402 1479 tutem
435 1427 496 1475 ut
523 1421 598 1477 sit
631 1436 880 1492 semper-3
925 1426 980 1475 et
1015 1421 1091 1476 ita
1121 1419 1254 1475 nihil
1293 1421 1437 1493 quod
1480 1420 1683 1492 incepit
1721 1436 1861 1487 esse,
1888 1427 2067 1492 potest
2110 1438 2229 1477 esse

226 1508 660 1581 incorruptibile.
689 1510 794 1565 Sed
826 1510 1005 1565 anima
1032 1507 1318 1564 rationalis
1350 1508 1553 1581 incepi-t
1578 1524 1717 1564 esse.
1746 1508 1890 1579 Ergo
1918 1524 2024 1565 non
2050 1515 2230 1581 potest

227 1614 346 1653 6666
370 1597 817 1671 incorruptibilis.

295 1691 350 1741 3.
380 1687 670 1751 Praeterea‚
706 1685 938 1741 hominis
975 1685 1261 1757 compositi
1290 1702 1358 1741 ex
1383 1701 1610 1759 corpore
1642 1696 1700 1743 et
1728 1688 1909 1743 anima
1938 1693 2021 1743 est
2050 1687 2232 1760 quod-

227 1774 352 1829 dam
381 1790 520 1831 esse.
561 1778 668 1829 Aut
697 1791 826 1845 ergo
857 1781 1052 1845 praeter
1087 1774 1188 1830 hoc
1214 1790 1335 1831 6666
1369 1776 1553 1833 anima
1588 1775 1750 1833 habet
1780 1776 1927 1831 aliud
1966 1792 2104 1843 esse,
2133 1784 2230 1833 aut

227 1879 356 1920 non.
397 1864 451 1919 Si
503 1862 664 1919 habet
707 1863 853 1919 aliud
891 1848 1048 1930 6666ξ
1078 1879 1207 1935 ergo
1244 1864 1568 1936 compositio
1599 1862 1833 1921 ‘advenit
1880 1866 2077 1922 animae
2108 1874 2228 1937 post

228 1967 346 2006 esse
376 1951 708 2024 completum
733 1968 748 2019 ;
775 1967 905 2023 ergo
935 1951 1243 2024 hujusmodi
1277 1954 1601 2026 compositio
1630 1960 1714 2009 est
1743 1954 1941 2010 animae
1969 1953 2229 2011 acciden-

230 2040 390 2109 talis;
421 2046 476 2094 et
500 2040 764 2112 sichomo
793 2057 898 2096 non
925 2043 1028 2097 erit
1053 2056 1150 2096 ens
1171 2058 1270 2114 per
1291 2058 1369 2108 se,
1399 2043 1494 2097 sed
1522 2058 1619 2097 ens
1643 2059 1740 2114 per
1762 2044 2055 2111 accidens3
2083 2042 2227 2115 quod

229 2137 310 2185 est
349 2115 758 2184 inconveniens·
799 2130 854 2185 Si
895 2134 1076 2183 autem
1121 2144 1224 2184 non
1269 2128 1434 2184 habet
1481 2129 1629 2185 aliud
1674 2146 1795 2186 esse
1824 2131 2005 2187 anima
2031 2140 2231 2201 praeter

229 2232 348 2273 6666
373 2220 679 2289 compositi,
709 2232 837 2289 ergo
879 2224 1166 2289 postquam
1195 2217 1380 2273 deficit
1410 2233 1527 2273 6666
1560 2218 1880 2291 compositi,·
1902 2218 2084 2275 anima
2114 2233 2232 2273 esse

228 2322 334 2361 non
363 2313 566 2379 potest.
598 2306 704 2363 Sed
731 2307 786 2360 iu
814 2312 990 2362 morte
1013 2304 1283 2377 corporali
1311 2306 1496 2361 deficit
1521 2321 1640 2361 esse
1668 2322 1773 2361 non
1801 2312 1999 2380 potest.
2030 2306 2136 2361 Sed
2167 2307 2222 2361 in

229 2403 410 2450 morte
437 2393 708 2466 corporali
737 2394 922 2449 delicit
959 2408 1078 2451 esse
1109 2393 1417 2466 compositi.
1456 2393 1595 2464 Ergo
1624 2396 1804 2451 anima
1836 2402 1957 2466 post
1991 2401 2223 2450 mortem

229 2484 480 2556 corporis
504 2498 608 2539 non
635 2477 899 2540 remanet]

301 2575 356 2628 4.
389 2573 677 2638 Praeterea,
705 2574 886 2629 anima
916 2581 997 2628 est
1017 2571 1190 2629 forma
1218 2574 1484 2645 corporis.
1505 2576 1615 2629 Aut
1638 2587 1768 2643 ergo
1795 2588 1889 2645 per
1912 2572 2226 2637 essentiam,

231 2670 328 2717 aut
368 2676 464 2733 per
488 2662 708 2733 aliquod
737 2662 1011 2735 accidens.
1043 2662 1097 2717 Si
1139 2678 1234 2731 per
1259 2661 1532 2727 accidens,
1560 2663 1809 2733 sequitur
1833 2662 1976 2734 quod
2008 2676 2233 2734 compo-

231 2752 360 2804 sitio
386 2748 585 2805 animae
609 2758 666 2804 et
689 2749 931 2823 corporis
955 2752 1026 2805 sit
1054 2749 1429 2813 accidentalis,
1456 2749 1599 2805 sicut
1615 2749 1849 2806 bominis
1874 2750 1941 2806 ad
1959 2751 2236 2806 indumen·

235 2842 374 2893 tum.
398 2837 453 2892 Si
496 2850 594 2909 per
623 2839 950 2904 essentiam;
981 2853 1129 2908 erge,
1161 2852 1286 2893 cum
1311 2838 1505 2904 forma,
1539 2838 1592 2893 in
1622 2846 1888 2911 quantum
1914 2843 1997 2894 est
2038 2837 2231 2903 forma,

235 2941 342 2982 non
377 2926 547 2997 possit
587 2940 706 2981 esse
749 2928 866 2982 sine
895 2926 1146 2994 materia,
1179 2926 1394 2983 videtur
1438 2926 1583 3000 quod
1614 2928 1793 2983 anima
1841 2933 1963 2999 post
2002 2934 2231 2983 mortem

233 3014 480 3087 corporis
505 3030 786 3071 remanere
813 3031 916 3070 non
949 3016 1140 3087 possit.

303 3103 412 3159 Sed
441 3110 632 3158 contra
679 3110 764 3158 est
806 3103 952 3173 quod
992 3102 1343 3174 Philosophus
1371 3102 1508 3157 dicit
1549 3101 1604 3155 in
1643 3116 1687 3157 u
1734 3100 1803 3155 do
1848 3102 2044 3157 Anima
2076 3103 2231 3173 (text.

234 3207 381 3247 com.
414 3193 524 3262 2⁴),
571 3191 716 3263 quod
759 3189 1026 3245 rationale
1066 3190 1467 3262 separatur‘ab
1504 3188 1627 3244 aliis
1666 3190 1810 3245 sicut
1854 3198 2173 3262 perpetuum
2204 3205 2235 3245 a

234 3280 602 3351 corruptibili.

307 3370 602 3436 Praeterea,
630 3366 985 3439 Philosophus
1003 3366 1060 3421 in
1081 3368 1146 3421 lo
1175 3365 1350 3422 Ethio.
1378 3366 1619 3423 ostendit
1643 3366 1962 3424 felicitatem
1988 3374 2238 3425 contem-

237 3456 510 3528 plativam
536 3455 893 3530 praeeminere
931 3454 1099 3518 civili,
1136 3472 1202 3511 eo
1240 3455 1385 3528 quod
1430 3462 1513 3511 est
1550 3456 1876 3513 diuturnior.
1916 3455 2022 3512 Sed
2059 3456 2239 3511 civilis

237 3546 406 3601 durat
433 3560 604 3618 usque
633 3546 701 3601 ad
732 3550 984 3601 mortem.
1009 3544 1151 3615 Ergo
1179 3544 1603 3617 contemplativa
1630 3554 1715 3601 est
1744 3545 1911 3600 etiam
1939 3550 2060 3616 post
2088 3559 2238 3600 mor·-

240 3642 376 3698 tem‚
411 3641 467 3690 et
494 3637 575 3691 sic
599 3637 764 3691 etiam
791 3635 973 3691 anima
1003 3640 1125 3708 post
1153 3640 1383 3710 mortem
1412 3636 1657 3706 corporis
1680 3642 1884 3692 manet.

311 3724 634 3797 Respondeo
681 3722 990 3791 dicendum,
1041 3723 1186 3798 quod
1238 3738 1461 3780 necesse
1502 3729 1585 3777 est
1637 3738 1836 3795 ponere
1876 3720 2241 3779 substantiam

241 3813 443 3873 animae
473 3812 755 3869 rationalis
785 3828 904 3869 esse
929 3810 1419 3883 incorruptibilem.
1454 3809 1510 3866 Si
1534 3810 1678 3865 enim
1712 3809 2112 3882 corrumpitur3
2145 3820 2240 3867 aut

239 3901 616 3973 corrumpitur
637 3918 735 3974 per
771 3917 852 3971 se,
886 3907 982 3959 aut
1021 3918 1118 3977 per
1143 3899 1419 3958 accidenS.
1458 3898 1559 3955 Per
1594 3914 1654 3955 66
1695 3898 1916 3973 quidem
1966 3900 2241 3973 corrumpi
