2800 4492
549 340 672 404 116
1013 355 1080 401 us.
1123 351 1358 400 ‘rnomAE
1395 349 1726 403 neuma-ns
1766 349 2091 396 croscum·

547 473 941 547 phantasmata
983 469 1327 538 terminetur,
1350 475 1415 526 ut
1455 466 1667 525 scilicet
1706 465 1843 523 illud
1882 465 2033 540 quod
2077 465 2569 540 apprehendimus,

541 563 855 636 judicemus
901 575 1022 618 esse
1049 559 1178 628 tale,
1224 557 1389 634 quale
1426 563 1513 616 est
1553 556 1880 632 phantasma
1920 571 2020 628 per
2061 556 2210 629 quod
2248 557 2571 630 apprehen·-

547 649 753 798 ditxgs
751 740 978 798 tertium
1015 737 1330 808 dicendum,
1380 671 1529 811 quod
1576 734 1875 794 auctoritas
1930 734 2027 792 illa
2057 735 2271 809 Diony.
2315 733 2572 808 loquitur

434 816 440 820 ⁷
549 835 818 904 quantum
859 829 930 887 ad
971 824 1302 902 principium
1329 825 1679 899 cognitioniS‚
1704 838 1815 882 non
1844 830 2112 898 quantum
2158 825 2229 881 ad
2268 825 2571 881 terminum

549 920 619 977 ad
647 933 814 993 quem
835 933 904 976 ex
929 917 1214 975 effectibus
1237 915 1587 973 sensibilibus
1610 915 1861 974 venimus
1889 913 2069 971 tribus
2108 913 2289 970 modis
2321 914 2573 988 praedic-

547 1008 642 1076 tis,
669 1005 880 1065 scilicet
902 1005 960 1063 in
980 1003 1348 1077 cognitionem
1377 1004 1691 1063 divinorum
1719 1019 1733 1058 ε
1764 1018 1871 1060 non
1902 1011 2090 1060 autem
2116 1002 2195 1060 ita
2223 1002 2373 1076 quod
2396 1019 2572 1076 opor-

549 1103 666 1154 teat
684 1095 953 1167 judicium
975 1093 1202 1152 formari
1237 1093 1307 1151 de
1333 1091 1537 1154 divinis
1572 1091 1874 1150 secundum
1916 1091 2141 1150 modum
2168 1107 2335 1164 quem
2358 1092 2568 1152 habent

547 1185 656 1257 ipsi
681 1183 968 1242 sensibiles
1004 1182 1253 1240 effectus.

619 1270 705 1328 Ad
729 1278 988 1345 quartum
1011 1271 1324 1339 dicendum,
1353 1270 1501 1344 quod
1529 1269 1673 1328 ratio
1696 1268 1791 1326 illa
1810 1268 2068 1343 ‘procedit
2092 1268 2313 1343 quando
2350 1269 2570 1344 princi»

549 1361 703 1435 pium
711 1359 1059 1433 cognitionis
1090 1365 1176 1420 est
1202 1359 1538 1418 sufficienter
1559 1358 1804 1418 ducens
1788 1375 1847 1415 in
1869 1358 1928 1416 id
1955 1359 2113 1433 cujus
2144 1358 2385 1432 cognitio
2404 1376 2568 1434 quae-

547 1449 710 1518 ritur,
739 1454 795 1506 et
831 1449 912 1506 sic
936 1455 1024 1506 cst
1050 1447 1380 1524 principium
1414 1443 1605 1506 sensns
1650 1448 1707 1505 in
1738 1447 2101 1514 naturalibus,
2132 1463 2242 1506 non
2283 1454 2470 1508 autem
2505 1449 2567 1556 in

549 1537 772 1607 divinis,
805 1541 868 1596 ut
887 1539 1100 1596 dictum
1121 1544 1236 1596 ·.est

617 1625 706 1684 Ad
727 1627 982 1700 quintum
1008 1627 1321 1695 dicendum,
1353 1625 1501 1700 quod
1524 1625 1849 1700 phantasma
1884 1633 1984 1683 est
2002 1626 2331 1699 principium
2357 1633 2565 1686 nostrae

549 1715 897 1786 cognitionis,
930 1718 994 1772 ut
1021 1731 1091 1772 ex
1117 1729 1228 1789 quo
1249 1713 1447 1786 incipit
1472 1713 1786 1772 intellectus
1812 1715 2059 1787 operatio
2082 1731 2194 1774 non
2222 1715 2366 1772 sicut
2404 1727 2567 1774 tran·

546 1802 714 1870 siens,
745 1803 844 1859 sed
883 1803 1026 1860 sicut
1069 1815 1411 1876 permanens,
1446 1807 1509 1859 ut
1535 1802 1812 1876 quoddam
1848 1801 2265 1862 fundamentum
2308 1805 2565 1862 intellec-

549 1889 716 1950 tualis
745 1891 1264 1964 operationiszsicut
1290 1891 1564 1965 principia
1586 1890 2068 1949 demonstrationis
2097 1899 2315 1965 oportet
2340 1907 2565 1950 manere

545 1978 604 2034 in
651 1979 798 2035 omni
844 1993 1103 2052 processu
1139 1978 1403 2048 scientiae,
1445 1995 1570 2036 cum
1619 1977 2006 2052 phantasmata
2050 1987 2439 2055 comparentur
2492 1979 2567 2038 ad

445 2080 461 2097 ·
547 2065 889 2124 intellectum
910 2074 980 2125 ut
1000 2066 1235 2141 objecta,
1267 2067 1324 2126 in
1347 2067 1547 2141 quibus
1585 2067 1808 2140 inspicit
1832 2083 1997 2125 omne
2034 2069 2181 2142 quod
2225 2069 2445 2143 inspicit
2474 2064 2565 2128 vel

548 2155 849 2215 secundum
865 2156 1164 2230 perfectam
1185 2157 1744 2231 repraesentationem,
1758 2157 1845 2214 vel
1870 2159 2170 2216 secundum
2188 2159 2559 2231 negationem.

547 2241 618 2300 Et
645 2244 770 2302 ideo
805 2245 1024 2319 quando
1056 2245 1502 2320 phantasmatum
1535 2245 1778 2319 >cognitio
1810 2247 2129 2321 impeditur,
2156 2253 2374 2322 oportet
2410 2255 2566 2308 tota-

548 2333 954 2408 liter'impediri
981 2335 1351 2408 cognitionem
1379 2333 1692 2392 intellectus
1720 2334 1775 2392 in
1804 2335 2023 2393 divinis.
2054 2338 2213 2394 Patet
2242 2337 2389 2395 enim
2412 2339 2562 2413 quod

548 2437 656 2481 non
680 2437 969 2497 possumus
995 2423 1302 2498 intelligere
1321 2425 1499 2482 Deum
1524 2438 1749 2482 causam
1776 2437 2067 2498 corporum
2090 2441 2229 2494 esse,
2248 2425 2365 2483 sive
2392 2442 2563 2500 supra

550 2513 734 2570 omnia
763 2528 1014 2587 corpora,
1044 2512 1164 2572 sive
1199 2511 1410 2586 absque
1454 2513 1841 2586 corporeitate,
1883 2513 1991 2570 nisi
2034 2511 2396 2584 imaginemur
2430 2529 2562 2572 cor-

548 2615 705 2674 pora,
739 2616 846 2656 non
885 2607 1070 2658 tamen
1102 2599 1375 2672 judicium
1410 2599 1721 2659 divinorum
1763 2600 2065 2657 secundum
2106 2601 2564 2674 imaginationem

509 2744 516 2748 .
549 2685 841 2746 formatur.
867 2687 935 2744 Et
962 2688 1086 2744 ideo
1111 2689 1366 2760 quamvis
1391 2689 1713 2760 imaginatio
1735 2689 1793 2746 in
1816 2687 2065 2764 qualibet
2088 2689 2398 2748 divinorum
2422 2706 2563 2766 cog-

550 2775 760 2832 nitione
783 2775 858 2832 sit
885 2775 1200 2833 necessaria
1227 2777 1529 2834 secundum
1552 2782 1760 2836 statum
1801 2777 1928 2848 viae‚
1954 2793 2235 2854 nunquam
2256 2785 2443 2840 tamen
2481 2781 2559 2839 ad

552 2877 677 2923 eam
703 2862 903 2924 deduci
930 2869 1148 2938 oportet
1175 2864 1234 2924 in
1256 2863 1479 2925 divinis.

1249 3043 1711 3109 ARTIGULUS
1750 3045 1865 3110 111.

643 3177 864 3248 Utrum
887 3175 1231 3245 intellectus
1253 3181 1456 3282 noster
1472 3176 1677 3282 possit
1704 3177 1901 3259 ipsam
1926 3175 2195 3244 divinam
2218 3179 2482 3258 formam

1397 3282 1709 3348 ansptoere.

621 3399 709 3458 Ad
726 3399 951 3458 tertium
969 3397 1050 3456 sic
1069 3399 1406 3472 proceditur.
1424 3401 1481 3457 l.
1502 3397 1733 3458 Videtur
1762 3397 1909 3472 quod
1932 3413 2041 3457 non
2064 3415 2356 3475 possumus
2381 3401 2568 3476 ipsam

541 3482 788 3550 'sormam
827 3484 1072 3548 diriuam
1111 3489 1183 3548 ad
1223 3488 1404 3548 minus
1444 3488 1503 3545 in
1543 3493 1695 3548 statu
1734 3489 1844 3548 viae
1880 3487 2174 3563 inspicere.
2216 3491 2365 3549 Dicit
2410 3492 2568 3549 enim

549 3580 754 3654 Diony.
789 3579 844 3635 in
885 3579 1066 3652 prima
1099 3578 1332 3652 epistola
1376 3577 1448 3635 ad
1489 3575 1712 3650 Gaium.
1740 3596 1769 3632 α
1800 3577 1858 3636 Si
1899 3577 2100 3652 aliquis
2146 3579 2341 3639 videns
2381 3581 2565 3640 Deum

549 3667 823 3728 intellexit
863 3667 1013 3742 qnod
1058 3667 1218 3737 vidit,
1248 3681 1356 3726 non
1383 3667 1565 3739 ipsum
1602 3665 1761 3735 vidit,
1795 3666 1893 3724 sed
1941 3665 2150 3740 aliquid
2191 3682 2380 3726 eorum
2432 3685 2567 3742 quae

549 3763 678 3815 sunt
703 3759 826 3829 ejus
853 3771 980 3830 quae
1015 3756 1259 3813 existunt
1285 3759 1342 3812 et
1368 3759 1795 3828 cognoscuntur.
1828 3773 1857 3808 >2
1887 3754 1994 3813 Sed
2030 3754 2209 3814 forma
2246 3756 2434 3814 divina
2474 3767 2569 3816 est

549 3845 670 3919 ipse
695 3845 874 3916 Deus;
903 3858 1034 3916 ergo
1057 3858 1168 3902 non
1195 3857 1485 3916 possumus
1520 3841 1694 3918 ipsius
1726 3843 1961 3902 formam
1982 3843 2226 3904 divinam
2266 3844 2567 3920 inspicere.

623 3937 682 3993 2.
705 3933 866 4004 Item,
891 3931 1069 3990 formu
1104 3929 1290 3994 divina
1311 3936 1395 3991 est
1436 3933 1559 4006 ipsa
1594 3932 1781 3996 divina
1804 3931 2042 3993 essentia
2074 3933 2213 3992 tsed
2250 3933 2429 3996 Deum
2464 3951 2573 4010 per
