2800 4492
811 311 926 363 111.
955 333 1035 390 -7-
1063 313 1490 370 ouonmna‘rmr
1533 317 1778 364 pumma
2180 301 2299 364 127

281 427 489 485 filiatio
515 429 682 486 realis
719 429 774 486 in
802 430 1018 488 Christo
1055 449 1164 506 qua
1199 433 1435 504 refertur
1472 434 1542 491 ad
1570 436 1809 503 Patrem,
1836 441 1892 492 et
1920 435 2027 493 alia
2064 451 2173 508 qua
2209 451 2301 492 re-

281 517 468 574 fertur
507 518 578 575 ad
622 527 855 576 matrem
902 537 916 574 ι
962 522 1092 594 quia
1119 521 1228 578 alia
1269 524 1621 594 generatione
1650 524 1892 581 nascitur
1939 524 2009 581 ab
2037 532 2299 598 utroque3

283 611 346 661 et
363 605 473 663 alia
499 613 584 664 est
603 616 802 664 natura
823 624 986 681 quam
1012 607 1176 666 habet
1195 627 1226 666 a
1245 612 1426 677 Patre,
1459 621 1514 668 et
1542 612 1650 670 alia
1675 606 2025 686 quam'babet
2045 630 2075 670 a
2100 619 2299 668 matre.

355 691 468 752 Sed
509 694 618 752 alia
647 696 790 753 ratio
818 697 1062 770 infringit
1087 699 1427 770 praedietam.
1476 701 1591 757 Hoc
1636 703 1780 758 enim
1808 709 1891 758 est
1922 700 2301 758 universaliter

285 783 612 850 tenendum,
645 783 792 858 quod
829 784 978 842 nulla
1017 784 1208 843 relatio
1242 787 1339 843 Dei
1379 787 1448 843 ad
1488 795 1797 846 creaturam
1841 788 2062 846 realiter
2100 790 2153 845 in
2184 791 2299 844 Deo

284 874 498 940 existit,
535 874 632 930 sed
670 879 756 930 est
795 881 1076 947 respectus
1113 876 1343 934 rationis
1371 883 1605 942 tantum,
1651 881 1779 952 quia
1823 879 1971 935 Deus
2006 886 2089 936 est
2136 895 2301 951 supra

285 976 510 1018 omnem
533 961 778 1018 ordinem
802 969 1088 1031 creaturae,
1116 970 1172 1019 et
1199 980 1453 1021 mensura
1478 967 1655 1022 omnis
1685 974 1971 1032 creatum,
2000 983 2032 1022 a
2061 983 2169 1038 qua
2200 966 2302 1021 de-

283 1050 494 1122 pendet
521 1049 698 1106 omnis
741 1057 1012 1117 creatura,
1058 1060 1112 1107 et
1160 1067 1266 1108 non
1311 1069 1342 1108 e
1382 1069 1666 1119 converso,
1716 1055 1888 1110 multo
1930 1053 2105 1125 magis
2134 1071 2299 1127 quam

284 1136 393 1192 hoc
415 1138 709 1193 conveniat
737 1136 913 1193 scibili
937 1146 1188 1210 respectu
1215 1139 1479 1208 scientias,
1514 1141 1570 1196 in
1598 1154 1706 1256 quo
1730 1146 1953 1214 propter
1975 1140 2076 1197 has
2102 1156 2300 1198 causas

283 1241 397 1282 non
425 1234 514 1282 est
539 1224 732 1282 relatio
761 1225 922 1282 realis
949 1226 1020 1282 ad
1047 1227 1353 1284 scientiam.

357 1313 462 1370 Est
495 1319 682 1370 autem
721 1314 1195 1382 considerandum,
1227 1317 1396 1389 quod
1412 1317 1717 1390 subjectum
1757 1315 2037 1388 filiationis
2071 1334 2177 1376 non
2215 1323 2302 1375 est

283 1410 511 1470 natura5
533 1403 618 1460 vel
645 1409 856 1460 naturae
878 1421 1004 1477 pars
1029 1405 1210 1477 aliqua
1229 1423 1243 1470 ;
1264 1422 1370 1461 non
1395 1407 1541 1462 enim
1567 1407 1801 1462 dicimus
1818 1409 1963 1480 quod
1987 1407 2302 1464 humanitas

283 1495 360 1549 sit
385 1492 520 1560 filia,
554 1491 638 1547 vel
661 1499 846 1564 caput,
879 1502 974 1549 aut
995 1493 1206 1550 oculus.
1231 1495 1294 1550 In
1325 1494 1542 1552 Christo
1570 1502 1753 1552 autem
1776 1512 1884 1552 non
1912 1496 2165 1568 ponimus
2195 1497 2299 1550 nisi

282 1595 460 1635 unum
483 1581 824 1652 suppositum
849 1589 905 1636 et
931 1597 1095 1637 unam
1122 1581 1485 1654 hypostasim,
1525 1584 1668 1640 sicut
1696 1591 1753 1640 et
1790 1599 1952 1640 unam
1989 1599 2295 1656 personam,

284 1669 438 1742 quod
462 1677 548 1724 est
568 1671 910 1742 suppositum
929 1678 1216 1736 aeternum,
1249 1673 1304 1727 in
1330 1687 1441 1744 quo
1465 1671 1612 1728 nulla
1637 1671 1831 1729 relatio
1856 1671 2019 1729 realis
2044 1673 2113 1728 ad
2143 1688 2301 1728 crea-

284 1749 474 1815 turam
498 1773 618 1813 esse
646 1765 848 1830 potest,
876 1765 935 1813 ut
952 1760 1068 1830 jam
1092 1759 1300 1816 dictum
1325 1769 1430 1816 est.
1456 1761 1612 1818 Unde
1636 1761 1962 1833 relinquitur
1981 1762 2130 1835 quod
2156 1761 2299 1817 filia-

282 1848 366 1902 tio
404 1861 517 1918 qua
545 1846 789 1902 Christus
819 1847 1052 1903 refertur
1079 1849 1145 1904 ad
1187 1854 1438 1914 matrem,
1471 1856 1557 1906 est
1592 1856 1873 1921 respectus
1902 1850 2133 1906 rationis
2171 1859 2298 1906 tan-

283 1941 408 1990 tum
430 1949 445 2001 ;
471 1947 573 1988 nec
591 1942 812 2006 propter
837 1932 938 1989 boc
961 1932 1208 2005 sequitur
1228 1935 1371 2006 quod
1396 1951 1499 1990 non
1525 1935 1598 1992 sit
1617 1936 1837 1992 realiter
1868 1935 2011 1992 filius
2036 1937 2295 2007 VirginiS.
2360 2006 2367 2014 ¹

281 2018 446 2075 Sicut
471 2019 614 2074 enim
646 2019 795 2075 Deus
823 2026 908 2074 est
943 2019 1161 2076 realiter
1191 2020 1455 2078 Dominus
1496 2031 1718 2094 propter
1755 2022 1957 2077 realem
1997 2023 2297 2094 potentiam

281 2123 401 2180 qua
443 2107 686 2162 continet
732 2113 1060 2174 creaturam,
1105 2109 1186 2163 sic
1219 2109 1439 2164 realiter
1482 2117 1565 2164 est
1609 2109 1751 2165 filius
1798 2109 2034 2182 Virginis
2076 2116 2297 2182 propter

281 2193 496 2250 realem
519 2201 772 2250 naturam
801 2209 965 2266 quam
990 2195 1202 2267 accepit
1226 2211 1258 2251 a
1289 2205 1481 2252 matre.
1510 2196 1565 2252 Si
1592 2201 1773 2252 autem
1802 2204 1983 2252 essent
2006 2196 2061 2250 in
2082 2195 2298 2252 Christo

282 2283 448 2356 plura
475 2283 778 2355 supposita,
810 2289 1087 2352 oporteret
1125 2299 1324 2355 ponere
1351 2285 1404 2339 in
1435 2284 1651 2340 Christo
1679 2285 1817 2340 duas
1853 2285 2163 2340 filiationes.
2192 2283 2299 2340 Sed

281 2371 394 2427 hoc
435 2378 626 2445 reputo
653 2385 962 2438 erroneum,
994 2379 1049 2427 et
1079 2370 1132 2426 in
1175 2371 1433 2427 conciliis
1462 2372 1737 2428 invenitur
1764 2372 2102 2428 damnatum.
2146 2371 2298 2428 Unde

281 2461 434 2524 dice,
465 2459 609 2533 quod
649 2459 703 2514 in
732 2454 948 2516 Christo
985 2467 1067 2516 est
1093 2475 1202 2516 una
1231 2459 1425 2515 relatio
1466 2459 1631 2515 realis
1673 2466 1886 2515 tantum
1930 2475 2037 2532 qua
2065 2457 2298 2514 refertur

282 2548 352 2602 ad
383 2549 622 2602 Patrem.

354 2633 443 2688 Ad
487 2634 722 2705 primum
765 2647 895 2703 ergo
944 2631 1253 2700 dicendum,
1297 2632 1443 2706 quod
1489 2649 1595 2690 non
1638 2648 1899 2705 negamus
1935 2647 2043 2688 non
2086 2646 2205 2689 esse
2243 2629 2297 2686 in

281 2721 507 2780 Christo
549 2720 750 2777 realem
791 2720 1105 2777 filiationem
1146 2736 1255 2797 qua
1300 2722 1532 2779 refertur
1571 2722 1639 2778 ad
1685 2730 1916 2779 matrem
1958 2721 2087 2794 quia
2130 2735 2299 2776 causa

279 2809 571 2867 relationis
617 2810 858 2877 deficiat,
906 2810 1003 2866 sed
1048 2811 1179 2884 quia
1224 2811 1411 2868 delicit
1454 2810 1759 2883 subjectum
1810 2810 1935 2866 talis
1984 2809 2295 2878 relationis;

279 2916 416 2957 cum
439 2916 547 2956 non
565 2900 638 2954 sit
665 2900 718 2954 in
738 2899 955 2956 Christo
971 2898 1194 2972 aliquod
1220 2901 1562 2971 suppositum
1586 2908 1832 2955 creatum
1856 2899 1938 2954 vel
1961 2897 2294 2971 hypostasis.

351 2989 444 3045 Ad
480 2988 780 3045 secundum
810 2987 1120 3052 dicendum,
1161 2987 1305 3059 quod
1334 3002 1400 3042 eo
1448 2988 1609 3044 modo
1638 3004 1746 3060 quo
1777 2986 1865 3042 ille
1892 2986 2053 3042 homo
2083 2986 2296 3054 accepit

279 3095 351 3135 ex
379 3084 628 3150 tempore
651 3078 750 3132 Dei
783 3076 1100 3149 potentiam,
1134 3091 1199 3132 eo
1227 3076 1387 3131 modo
1418 3077 1627 3148 accepit
1658 3076 1972 3131 filiationem
2000 3081 2295 3142 aeternam;

243 3215 250 3223 .
281 3167 340 3222 in
367 3175 638 3238 quantum
663 3163 873 3222 scilicet
909 3163 1113 3220 factum
1139 3169 1222 3219 est
1258 3170 1318 3219 ut
1345 3180 1454 3220 una
1477 3171 1623 3220 esset
1653 3177 1881 3234 persona
1910 3162 2008 3217 Dei
2034 3168 2087 3216 et
2118 3159 2297 3216 homi-

277 3255 394 3320 nis,
425 3262 490 3309 ut
517 3253 838 3309 Ambrosius
878 3252 1080 3308 ibidem
1122 3252 1326 3310 subdit.
1357 3254 1473 3308 Hoc
1500 3261 1682 3309 autem
1712 3266 1819 3307 non
1848 3259 1931 3307 est
1969 3251 2174 3307 factum
2203 3266 2298 3322 per

279 3341 500 3415 aliquid
537 3341 758 3400 realiter
799 3340 1108 3398 absolutum
1149 3341 1234 3397 vel
1281 3341 1569 3397 relativum
1614 3339 1983 3413 temporaliter
2030 3338 2299 3396 inhaerrns

279 3433 425 3487 Filio
455 3431 576 3496 Dei,
616 3431 711 3486 sed
747 3446 842 3503 per
877 3429 1049 3486 solam
1079 3429 1352 3500 unionem,
1393 3445 1519 3502 quae
1550 3429 1769 3485 realiter
1798 3427 1984 3484 existit
2015 3429 2067 3483 in
2100 3435 2295 3484 natura

279 3525 498 3583 creata,
523 3534 630 3575 non
654 3525 838 3575 autem
868 3525 952 3574 est
975 3518 1196 3575 realiter
1225 3519 1278 3573 in
1305 3533 1535 3591 persona
1563 3525 1893 3574 assumente.

358 3609 520 3679 Quod
565 3624 697 3667 vero
733 3609 790 3664 in
830 3609 1165 3665 contrarium
1215 3608 1487 3680 objicitur,
1533 3608 1917 3664 necessitatem
1960 3622 2063 3662 non
2108 3603 2291 3660 habet.

283 3699 508 3756 Dicitur
543 3698 688 3753 enim
729 3696 1026 3771 aliquando
1065 3713 1208 3753 unus
1247 3695 1425 3770 qualis
1464 3703 1687 3770 propter
1728 3695 1993 3751 unitatem
2035 3691 2297 3748 substan-

288 3787 484 3844 tialem
512 3786 767 3859 subjecti5
799 3786 926 3844 licet
960 3786 1069 3842 sint
1106 3784 1293 3843 multae
1321 3786 1637 3859 qualitates,
1678 3792 1739 3840 ut
1767 3784 1915 3840 color
1953 3789 2008 3838 et
2041 3795 2201 3852 sapor
2238 3779 2295 3836 in

283 3891 479 3952 pomo.
