2800 4492
786 317 899 388 xix.
924 333 1005 348 —
1033 317 1463 370 ottonum-run
1506 317 1803 378 omnm-mu,
2092 391 2095 400 Ι
2176 308 2294 372 289

269 433 562 502 cientibus,
611 433 824 497 scilicet
865 434 1203 511 parentibus,
1235 451 1270 490 a
1295 450 1348 491 se
1387 440 1700 510 susceptam,
1744 453 1851 498 non
1890 455 2015 496 mom
2040 441 2207 503 visam
2235 444 2295 500 in

273 524 416 598 filiis
439 523 824 590 abdicaverint,
866 523 956 579 sed
975 523 1056 580 vel
1083 539 1262 582 coram
1301 539 1355 580 se
1393 525 1476 583 vel
1502 525 1759 598 Episcopo
1777 527 2104 606 palamque
2082 549 2143 594 in
2168 549 2296 613 con7=
2360 535 2368 546 '

275 621 446 678 ventu
487 613 660 674 eodem
697 613 836 684 filios
863 612 1010 671 talia
1038 611 1228 674 habere
1251 612 1621 688 permiserint,
1650 613 1722 670 ad
1762 617 2067 680 saecularem
2096 623 2297 704 reverti
2380 609 2383 612 .

275 703 526 760 habitum
564 701 698 773 filiis
724 698 855 777 'ipsis
898 701 1203 778 quandoque
1238 702 1450 777 penitus
1492 718 1599 758 non
1642 703 1837 762 licebit.
1868 707 1922 762 Si
1968 724 2095 764 vero
2119 713 2294 790 pueri

279 809 460 850 annos
484 787 786 866 pubertatis
817 789 1272 858 transcenderint
1305 797 1531 864 possunt
1563 792 1728 852 etiam
1754 792 1941 851 invitis
1978 799 2297 870 parentibus

281 881 356 942 ad
391 879 705 953 religionem
745 879 996 955 transire,
1033 894 1135 934 nec
1175 885 1302 934 sunt
1340 879 1655 954 reponendi,
1707 881 1872 947 immo
1905 885 2080 959 magis
2121 887 2295 946 advo-

281 969 490 1027 candi:
514 977 574 1024 ut
595 969 737 1022 enim
759 967 1056 1038 Gregorius
1074 959 1247 1022 dicit
1234 984 1286 1021 ιη
1309 967 1545 1043 quadam
1568 969 1811 1036 homilia,
1834 971 1905 1026 ad
1923 973 2088 1036 vitam
2110 974 2295 1040 bonam

279 1061 428 1118 alius
458 1059 514 1117 in
537 1056 800 1130 pueritia,
827 1056 969 1112 alius
1005 1055 1066 1110 in
1093 1055 1461 1121 adolescentia,
1488 1056 1678 1113 alius
1656 1075 1716 1112 in
1735 1059 2035 1134 juventute,
2068 1063 2207 1121 alius
2234 1065 2295 1126 in

278 1153 566 1212 senectute,
605 1145 748 1208 alius
786 1145 843 1199 in
875 1143 1145 1214 decrepita
1181 1149 1334 1201 celate
1377 1145 1747 1216 perducitur:
1793 1153 1843 1204 et
1882 1165 1999 1215 oum
2041 1150 2099 1212 in
2144 1153 2295 1213 nulla

279 1243 444 1294 aetate
468 1235 575 1290 sint
597 1231 902 1312 repellendi,
927 1231 1102 1288 minus
1127 1239 1303 1288 tamen
1320 1239 1449 1289 sunt
1471 1233 1754 1310 repellendi
1778 1235 1837 1290 in
1854 1238 2119 1308 pueritia.
2148 1240 2295 1303 Dicit
2320 1261 2327 1269 ·

280 1326 435 1381 enim
470 1324 884 1397 Chrysostomus
913 1335 1076 1394 super
1115 1321 1308 1378 Matth.
1343 1336 1356 1376 ε
1389 1319 1521 1386 Quis
1561 1324 1825 1380 meruerit
1860 1327 2294 1404 appropinquare

283 1413 525 1478 Christo,
550 1413 598 1468 si
627 1411 910 1484 repelletur
937 1409 1000 1464 ab
1028 1425 1086 1465 eo
1108 1409 1326 1482 simplex
1350 1408 1593 1480 infantia
1610 1409 1640 1466 ?
1664 1409 1807 1468 Nam
1836 1411 1885 1468 si
1911 1416 2083 1474 sancti
2108 1417 2293 1486 futuri

279 1510 432 1568 sunt,
459 1499 585 1574 quid
608 1499 796 1557 vetatis
833 1499 972 1572 filios
995 1499 1066 1554 ad
1087 1505 1298 1573 patrem
1325 1497 1509 1558 venire
1530 1498 1559 1552 7
1592 1498 1650 1556 Si
1678 1505 1853 1556 autem
1874 1509 2174 1577 peccatores
2192 1506 2293 1578 su·

282 1593 404 1648 turi
433 1597 576 1656 sunt,
603 1597 665 1652 ut
703 1587 828 1661 quid
863 1587 1176 1645 sententiam
1209 1587 1665 1644 condemnationis
1685 1589 1969 1663 profertis,
2010 1599 2293 1666 antequam

282 1679 494 1749 culpam
520 1674 787 1732 videatis?
810 1674 986 1744 Quam
1015 1673 1234 1746 quidem
1261 1673 1629 1730 damnationis
1658 1677 1987 1732 sententiam
2008 1679 2293 1752 proferunt

282 1765 478 1838 aliqui,
525 1781 649 1820 curn
693 1764 884 1820 dicunt
930 1780 944 1818 ε
990 1762 1110 1818 Non
1155 1767 1283 1817 sunt
1319 1762 1619 1837 recipiendi
1660 1764 1813 1841 pueri
1844 1765 1911 1823 ad
1953 1766 2288 1844 religionem,

282 1853 418 1928 quia
455 1855 697 1920 exibunt,
741 1858 800 1908 et
841 1852 1054 1924 pejores
1089 1849 1414 1908 efficientur.
1460 1851 1567 1908 Sed
1605 1852 1751 1924 quod
1798 1853 2009 1910 addunt
2044 1857 2287 1936 quidam,

282 1944 433 2020 quod
457 1947 672 2019 oportet
696 1955 894 2014 pueros
915 1939 1070 2024 prius
1093 1939 1382 1995 exercitari
1414 1939 1470 1994 in
1493 1940 1801 2018 praeceptis,
1832 1951 1889 2000 et
1916 1945 2106 2016 postea
2136 1953 2293 2007 tran·-

281 2035 395 2089 sire
439 2033 506 2089 ad
549 2029 774 2088 consiiia
817 2025 1237 2084 observandam
1267 2028 1548 2103 religione,
1576 2045 1644 2089 ex
1677 2029 1815 2086 falso
1844 2032 2122 2094 intellectu
2159 2053 2292 2124 pro-

280 2122 452 2182 aedit.
492 2119 843 2177 Arbitrantur
871 2117 1016 2173 enim
1043 2115 1189 2196 quod
1227 2122 1502 2191 praecepta
1531 2126 1841 2192 praeparent
1882 2121 2029 2178 viam
2057 2124 2127 2180 ad
2155 2139 2292 2184 con-0

280 2210 466 2267 silia-
497 2224 606 2264 non
635 2213 718 2263 est
747 2215 932 2262 autem
966 2205 1100 2260 sic:
1142 2203 1308 2266 immo
1335 2206 1519 2278 potius
1547 2207 1773 2264 consilia
1801 2217 1998 2282 parant
2036 2213 2183 2275 viam
2220 2215 2292 2278 ad

281 2306 562 2373 praecepta
603 2295 870 2355 servanda
915 2311 929 2351 z
971 2293 1100 2370 quia
1142 2309 1238 2366 per
1281 2293 1505 2352 consilia
1540 2301 1851 2353 removetur
1877 2297 2038 2362 homo
2068 2317 2099 2356 a
2127 2303 2291 2364 rebus

281 2388 494 2452 saecuti,
520 2387 668 2444 circa
693 2399 828 2461 quas
851 2389 1152 2458 occupatus
1175 2381 1394 2438 difficile
1417 2389 1501 2440 est
1526 2383 1673 2459 quod
1695 2383 2061 2444 innocentiam
2087 2401 2287 2450 servet.

278 2478 438 2536 Unde
459 2475 700 2532 Hilarius
721 2473 856 2532 dicit
879 2487 1043 2550 super
1066 2469 1382 2530 Matthaeum
1414 2486 1427 2524 :
1458 2469 1633 2525 Grave
1656 2487 1787 2528 onus
1811 2473 2115 2532 innocentia
2146 2479 2289 2538 subit

279 2563 627 2622 incrementis
663 2577 817 2637 opum
855 2566 1127 2632 occupata,
1166 2575 1280 2614 rem
1325 2557 1470 2620 enim
1498 2557 1675 2620 'solius
1704 2559 2002 2634 famulatus
2040 2565 2142 2622 Dei
2182 2582 2288 2629 non

279 2654 396 2711 sine
435 2652 612 2712 soeculi
638 2650 788 2706 vitiis
835 2639 1158 2723 assequetur.
1202 2647 1272 2702 Et
1304 2646 1431 2705 ideo
1474 2647 1735 2704 Dominus
1762 2649 1905 2706 dicit
1934 2653 2127 2715 Matth.
2158 2671 2283 2725 xix,

280 2743 429 2818 quod
473 2739 694 2796 difficile
719 2745 816 2794 -est
847 2737 940 2813 qni
968 2735 1229 2813 pecunias
1264 2733 1485 2801 habent,
1516 2735 1723 2799 intrare
1766 2738 1821 2796 in
1863 2755 2089 2814 regnum
2116 2745 2289 2804 coeio„

279 2847 406 2888 rum
447 2848 461 2884 ε
493 2830 623 2902 quia
653 2827 870 2886 difficile
906 2833 990 2882 est
1037 2824 1180 2898 quod
1211 2821 1370 2880 homo
1420 2833 1693 2900 praecepta
1731 2837 1931 2898 servet,
1962 2831 2163 2905 quibus
2198 2835 2289 2898 in·-

281 2927 464 2979 tratur
494 2919 554 2974 in
579 2931 825 2989 regnum,
857 2915 962 2971 nisi
985 2929 1218 2986 sequens
1237 2913 1465 2970 consilia
1495 2914 1718 2971 divitias
1742 2915 2035 2991 reiinquat.
2067 2919 2134 2976 Et
2162 2922 2288 2978 ideo

279 3011 439 3084 pueri
481 3007 553 3068 ad
597 3006 702 3066 hoc
743 3003 888 3078 quod
932 3002 1297 3062 innocentiam
1339 3017 1560 3058 servare
1601 3003 1812 3079 possint
1848 3005 1903 3059 in
1943 3006 2291 3070 observantia

279 3096 688 3162 mandatorum,
733 3083 861 3147 sunt
889 3089 1253 3162 praeparandi,
1285 3095 1342 3144 et
1369 3090 1771 3162 quodammodo
1804 3093 2249 3167 praemuniendi
2234 3113 2299 3160 m

281 3184 545 3244 exercitio
577 3179 962 3248 consiliorum3
1003 3192 1104 3234 nec
1131 3185 1259 3232 sunt
1286 3176 1603 3253 repetiendi,
1634 3181 1885 3256 quamvis
1915 3182 2172 3248 ineruditi
2202 3189 2293 3247 vi·-

282 3275 516 3332 deantnr
535 3272 598 3328 in
629 3269 934 3346 praeceptis.
957 3265 1104 3323 Dicit
1127 3265 1272 3321 enirn
1295 3265 1559 3336 Origenes
1584 3283 1746 3339 super
1766 3267 2131 3329 Matthaeum
2114 3292 2127 3329 t
2154 3276 2294 3343 Qui-

283 3363 404 3419 dam
423 3359 688 3437 puerilem
719 3371 1020 3413 sermonem.
1038 3353 1302 3420 habentes,
1331 3353 1562 3425 offerunt
1586 3355 1855 3414 Salvatori
1874 3376 2073 3432 pueros
2104 3371 2155 3428 et
2198 3357 2293 3422 in-

281 3451 478 3524 fantes.
535 3447 640 3514 Qui
685 3452 862 3502 antem
919 3441 1174 3498 videntur
1211 3441 1557 3514 perfectiores
1586 3443 1905 3521 priusquam
1950 3448 2177 3518 discant,
2224 3451 2295 3510 ad

283 3541 551 3599 rationem
583 3535 816 3608 justitiae
857 3530 1250 3603 reprehendunt
1285 3530 1489 3602 eosqui
1524 3547 1720 3603 pueros
1760 3542 1811 3591 et
1855 3531 2092 3609 infantes
2126 3541 2295 3602 adbuc

283 3629 462 3685 minus
485 3625 727 3684 eruditos
743 3623 975 3694 offerunt
999 3619 1232 3676 Christo.
1256 3619 1517 3676 Dominus
1541 3628 1715 3678 autem
1738 3623 1993 3681 hortatur
2010 3627 2305 3700 discipulos,

285 3735 402 3774 suos
437 3711 844 3772 condescendere
877 3707 1206 3765 utilitatibus
1233 3723 1542 3780 puerorum.
1571 3709 1682 3766 Hoc
1709 3726 1833 3782 erqo
1858 3711 2092 3770 debemus
2106 3723 2297 3796 atten-

285 3807 428 3871 dere,
479 3820 546 3860 ne
593 3799 944 3858 oestimationc
984 3796 1262 3869 sapientiae
1297 3797 1681 3869 excellentioris
1709 3788 2112 3858 contemnamus
2146 3795 2305 3878 ᾳααεζ

286 3893 466 3968 magni
483 3891 707 3966 pusillos
736 3886 1008 3960 Ecclesiae,
1033 3885 1364 3958 prohibentes
1385 3893 1584 3960 pueros
1611 3887 1795 3988 venire
1818 3889 1891 3950 ad
1913 3890 2117 3952 Iesum.

788 4003 1521 4058 S.Tnou.Ao.01›uscm.A.-
1565 4002 1622 4052 11.
1656 4025 1715 4042 -
1752 4005 1810 4054 19
