2800 4492
565 354 685 417 562
1047 372 1097 417 ε.
1143 371 1374 415 ‘moiun
1416 370 1741 421 AQmNA‘rts
1786 370 2093 415 opuscumt

570 494 764 547 contra
787 488 1156 557 DonastistaS,
1189 496 1245 544 et
1273 488 1505 545 habetur
1530 502 1695 561 super
1724 486 1860 545 illud
1900 486 2098 545 Psalm.
2130 502 2177 544 ιι
2206 502 2220 543 =
2250 488 2419 555 Quave
2444 487 2561 560 sre-

569 586 821 635 macrum
857 585 1052 651 flentes.
1081 578 1381 649 Distinguit
1410 577 1557 634 enim
1594 577 1814 635 diversa
1854 584 2103 651 tempora
2147 576 2414 633 Ecclesiae.
2439 577 2561 633 Fuit

569 670 716 725 enim
751 676 964 741 tempus
993 667 1212 742 quando
1249 667 1546 723 astiterunt
1572 684 1731 739 reges
1770 667 2035 725 adversus
2076 665 2347 723 Christum
2375 681 2389 722 z
2418 674 2471 720 et
2506 666 2559 720 in

571 758 664 812 illo
694 764 938 829 tempore
961 773 1066 813 non
1097 756 1272 814 solum
1303 772 1407 813 non
1438 755 1643 813 dabant
1672 756 1945 823 fidelibuS,
1974 756 2073 812 sed
2110 770 2204 811 eos
2232 755 2559 811 occidebant.

571 846 732 901 Aliud
764 862 893 902 vero
925 854 1138 919 tempus
1169 852 1224 901 et
1249 862 1413 909 nunc,
1442 862 1552 919 quo
1574 862 1733 917 reges
1758 844 2087 917 intelligunt,
2118 854 2177 901 et
2214 844 2405 900 eruditi
2444 860 2559 898 ser-

573 935 728 989 viunt
755 935 988 991 Domino
1015 936 1144 991 Jesu
1171 935 1388 992 Christo
1414 936 1469 991 in
1496 936 1689 992 timore
1714 941 1845 1001 etc„
1873 943 1929 991 et
1954 934 2078 989 ideo
2106 934 2164 988 in
2192 934 2297 990 isto
2332 942 2558 1006 tempore

571 1038 730 1094 reges
751 1030 881 1080 eunt
906 1024 1125 1081 vassalli
1140 1024 1421 1081 Ecclesiae.
1445 1024 1511 1079 Et
1536 1024 1661 1079 ideo
1690 1030 1775 1081 est
1794 1023 1934 1081 alius
1956 1028 2136 1081 status
2150 1021 2400 1080 Ecclesiae
2424 1036 2557 1077 nunc

571 1120 629 1169 ct
657 1117 806 1182 tuuc,
834 1128 942 1171 non
971 1120 1155 1172 tamen
1181 1120 1268 1171 est
1295 1113 1403 1171 alia
1428 1112 1693 1170 Ecclesia.

1263 1312 1660 1393 QUAESTIO
1706 1310 1890 1381 XIV.

645 1470 852 1527 Deinde
877 1472 1172 1544 quaesitum
1197 1478 1278 1527 est
1307 1472 1376 1527 de
1403 1470 1699 1553 virtutibus
1726 1487 1739 1526 z
1768 1470 1943 1543 primo
1986 1469 2055 1526 de
2097 1469 2333 1543 quadam
2374 1468 2554 1524 virtute

578 1559 951 1628 intellectuali,
973 1561 1181 1618 scilicet
1207 1560 1276 1617 de
1304 1562 1564 1629 veritate;
1590 1560 1829 1617 secundo
1852 1558 1921 1614 de
1938 1558 2235 1614 virtutibus
2262 1558 2549 1614 moralibus.

577 1648 656 1703 De
683 1649 914 1705 veritate
944 1651 1177 1723 quaesita
1221 1656 1346 1705 sunt
1375 1650 1483 1706 duo
1518 1668 1530 1705 :
1566 1651 1626 1703 40
1656 1649 1725 1704 de
1765 1648 2085 1704 foi-titudine
2112 1648 2385 1717 veritatis;
2414 1651 2469 1705 2⁰
2494 1647 2551 1701 de

578 1736 990 1797 confirmatione
1013 1740 1280 1808 veritatiS,
1311 1754 1437 1813 quae
1466 1746 1549 1795 est
1577 1755 1673 1811 per
1695 1738 2087 1811 juramentum.

1250 1918 1707 1979 ARTICULUS
1758 1916 1900 1976 XX.

591 2048 805 2140 Utrum
833 2049 1058 2113 veritas
1079 2050 1164 2113 sit
1187 2051 1415 2127 fortior
1439 2050 1596 2113 inter
1622 2049 1829 2112 vinum
1864 2053 1923 2111 et
1946 2064 2142 2129 reyem
2169 2054 2226 2111 et
2253 2048 2538 2111 mulierem.

651 2181 734 2239 Ad
754 2184 988 2257 primum
1015 2186 1304 2257 quaesitum
1329 2190 1433 2252 est,
1450 2191 1634 2239 utrum
1660 2182 1863 2238 veritas
1886 2182 1959 2237 sit
1985 2180 2175 2237 fortior
2205 2172 2341 2237 inter
2368 2181 2540 2245 vinum,

583 2287 766 2342 regem
817 2281 871 2327 et
923 2274 1224 2330 mulierem.
1281 2274 1349 2329 Et
1408 2273 1626 2329 videtur
1674 2273 1819 2346 quod
1876 2272 2079 2337 vinum,
2140 2272 2271 2345 quia
2325 2270 2541 2324 immutat

583 2362 816 2417 maxime
841 2361 1133 2419 hominem.
1165 2364 1300 2418 Item
1327 2363 1472 2435 quod
1500 2378 1613 2428 rex,
1640 2362 1767 2434 quia
1800 2358 1951 2433 pellit
1978 2359 2248 2415 hominem
2270 2360 2334 2415 ad
2360 2359 2406 2413 id
2424 2356 2541 2429 quod

584 2454 668 2503 est
693 2449 1104 2521 difficillimum3
1130 2451 1340 2507 scilicet
1367 2451 1434 2507 ad
1460 2450 1562 2506 hoc
1587 2450 1731 2523 quod
1756 2464 1815 2505 se
1840 2455 2074 2522 exponat
2101 2446 2337 2521 periculo
2362 2446 2525 2503 mortis

583 2538 718 2592 ltem
743 2540 886 2611 quod
917 2540 1126 2609 mulier,
1159 2541 1288 2614 quia
1313 2540 1625 2595 dominatur
1650 2538 1815 2593 etiam
1849 2537 2086 2608 regibus·

571 2652 578 2659 ·
653 2627 872 2695 Contra,
907 2620 1096 2685 Esdrae
1125 2645 1210 2696 ιιι,
1246 2646 1321 2695 ιν,
1352 2631 1419 2683 35
1452 2646 1465 2682 :
1498 2627 1729 2685 Fortior
1750 2633 1825 2681 est
1848 2626 2067 2682 veritas.

651 2716 972 2787 Respondeo
1001 2717 1310 2783 dicendum,
1345 2718 1489 2789 quod
1522 2717 1636 2772 liaec
1663 2726 1744 2771 «st
1781 2715 2011 2788 quaeetio
2046 2716 2320 2787 proposita
2358 2710 2544 2785 juveni-

584 2803 684 2857 bus
708 2804 1052 2861 dissolvenda
1083 2806 1136 2859 in
1181 2805 1369 2861 Esdra.
1398 2807 1688 2862 Sciendum
1728 2820 1876 2875 ergo,
1906 2804 2050 2876 quod
2092 2804 2137 2858 si
2181 2805 2544 2859 consideramus

587 2892 688 2946 ista
720 2901 953 2963 quatuor
977 2894 1274 2948 secundum
1296 2910 1372 2961 so,
1407 2895 1615 2950 scilicet
1640 2894 1845 2959 vinum,
1878 2908 2081 2964 regem,
2114 2898 2172 2947 et
2199 2892 2477 2956 mulierem,
2500 2894 2545 2941 et

586 2981 891 3047 vei-itatem,
927 2996 1028 3035 non
1067 2988 1194 3037 sunt
1222 2982 1629 3054 comparabilia,
1659 2983 1790 3055 quia
1817 2998 1921 3037 non
1963 2986 2090 3035 sunt
2122 2982 2280 3037 unius
2319 2978 2505 3052 generis
2533 2994 2544 3032 ι

587 3076 766 3125 tamen
792 3069 836 3125 si
861 3071 1272 3131 considerentur
1302 3087 1395 3144 pei·
1426 3071 1885 3144 comparationem
1928 3068 1995 3126 ad
2043 3070 2281 3143 aliquem
2307 3070 2549 3132 effectum,

584 3168 914 3214 concurrunt
944 3160 996 3214 in
1025 3176 1209 3227 unum,
1236 3168 1290 3215 et
1315 3160 1392 3215 sic
1424 3169 1649 3232 possunt
1670 3159 1996 3231 comparari.
2020 3160 2120 3213 Hic
2150 3144 2330 3214 autem
2357 3158 2555 3211 effectus

586 3248 636 3300 in
686 3263 848 3317 quem
884 3249 1214 3303 conveniunt
1255 3255 1309 3303 et
1351 3258 1596 3321 possunt,
1632 3252 1714 3303 est
1760 3248 2069 3302 immutatio
2108 3247 2291 3303 cordis
2337 3246 2555 3301 humani.

585 3334 738 3403 Quod
766 3350 893 3404 ergo
924 3336 1065 3390 inter
1103 3337 1208 3392 ista
1253 3339 1426 3407 magis
1467 3338 1715 3391 immutet
1754 3352 1847 3392 cor
1874 3336 2125 3403 hominm,
2159 3334 2442 3391 videndum
2467 3343 2555 3388 est.

655 3421 942 3478 Sciendum
979 3432 1064 3481 est
1103 3440 1250 3495 erge,
1277 3426 1419 3497 quod
1462 3424 1865 3507 immutativum
1907 3425 2141 3480 hominis
2184 3424 2452 3497 quoddam
2490 3432 2561 3478 est

583 3511 880 3583 corporale,
912 3518 968 3566 et
1009 3503 1158 3584 aliud
1199 3521 1282 3568 est
1329 3514 1593 3582 animale;
1621 3522 1675 3570 et
1714 3514 1814 3570 hoc
1851 3522 1934 3570 est
1977 3514 2197 3587 duplex,
2225 3512 2562 3579 sensibile,'et

584 3599 940 3670 intelligibile.
968 3599 1311 3673 Intelligibile
1340 3602 1506 3657 etiam
1546 3609 1629 3657 est
1666 3602 1881 3675 duplex,
1917 3602 2125 3657 scilicet
2169 3604 2486 3674 practicum,
2516 3608 2564 3655 et

582 3688 995 3761 speculativum.
1023 3690 1255 3745 Interea
1287 3696 1468 3746 autem
1493 3706 1613 3762 quae
1646 3692 1918 3762 portinent
1944 3690 2011 3746 ad
2039 3690 2387 3745 immutantia
2419 3697 2568 3746 natu-

581 3778 769 3832 raliter
787 3778 1082 3833 secundum
1105 3778 1514 3851 dispositionem
1532 3780 1773 3851 corporis
1796 3779 1957 3835 habet
1973 3780 2354 3836 excellentiam
2376 3779 2563 3846 vinum,

581 3866 725 3937 quod
757 3865 885 3925 facit
915 3884 1007 3939 per
1035 3869 1411 3924 tumulentiam
1438 3856 1782 3941 loqui.'1nter
1808 3885 1869 3924 ea
1918 3884 2042 3941 quae
2081 3868 2354 3941 pertinent
2380 3868 2445 3924 ad
2472 3870 2567 3924 im-

585 3954 903 4013 mutandum
949 3956 1246 4027 appetitum
1291 3957 1631 4025 sensitivum,
1662 3956 2013 4019 excellentior
2052 3968 2137 4015 est
2186 3956 2491 4024 delectatio,
2516 3966 2566 4014 et
