2800 4492
545 313 663 378 114
893 300 912 318 ⁰
1019 334 1071 380 s.
1115 333 1352 378 vaomar
1391 331 1720 385 noemma
1760 331 2102 378 oruscuna'

544 448 1059 516 sensibilium,‘cum
1101 447 1174 506 sit
1217 458 1396 507 motus
1438 449 1618 506 sactus
1656 466 1687 506 a
1728 465 1891 506 sensu
1920 447 2221 505 secundum
2258 454 2469 513 actum,
2500 452 2568 503 ut

545 526 748 593 dicitur
772 553 816 594 ιι
854 537 923 594 de
960 538 1192 607 Anima3
1233 553 1362 610 ergo
1406 553 1533 596 cum
1578 537 1889 595 divinorum
1932 535 2401 595 considerationes
2446 534 2566 590 sint

545 625 784 706 maxime
811 625 1078 700 mysticae,
1107 627 1160 682 in
1192 627 1272 682 eis
1299 642 1407 683 non
1428 627 1691 683 debemus
1716 626 1787 684 ad
1814 627 2235 698 imaginationes
2262 624 2487 681 deduci.

616 715 774 782 Item,
824 716 880 770 in
921 715 1212 787 cujuslibet
1249 713 1497 772 scientiae
1543 715 2001 782 consideratione,
2054 714 2337 771 vitandum
2380 719 2469 768 est
2510 712 2569 768 id

549 801 698 876 quod
735 809 976 860 errorem
1012 803 1146 859 facit
1173 802 1232 858 in
1255 819 1320 860 ea
1347 815 1363 858 t
1394 803 1494 860 sed
1527 804 1671 860 sicut
1699 803 1835 859 dicit
1873 803 2209 874 Augustinus
2238 803 2295 856 in
2320 801 2462 856 libro
2494 801 2569 856 de

549 891 818 947 Trinitate
841 892 1048 964 primus
1075 907 1226 948 error
1254 889 1401 948 circa
1426 891 1614 948 divina
1638 893 1721 947 est
1750 893 1957 958 eorum,
1978 892 2070 963 qui
2095 905 2159 946 ea
2184 889 2403 962 quae'de
2425 903 2573 944 cor-³

551 979 774 1051 poribus
803 987 1091 1046 noverunt,
1116 979 1186 1035 ad
1221 995 1308 1035 res
1349 979 1565 1036 divinas
1612 978 1907 1035 transferre
1944 984 2233 1034 conantur.
2262 979 2398 1034 Cum
2424 993 2569 1048 ergo

551 1069 871 1140 imaginatio
899 1077 1005 1125 non·
1034 1069 1106 1124 sit
1139 1069 1243 1126 nisi
1265 1069 1631 1142 corporalium
1674 1067 1876 1135 reruni,
1906 1068 2121 1123 videtur
2149 1068 2297 1139 quod
2321 1082 2427 1122 non
2456 1066 2571 1122 de·

552 1155 778 1213 beamus
805 1157 875 1214 ad
905 1157 1172 1229 imagines
1193 1156 1413 1214 deduci.

623 1246 781 1315 Item,
805 1246 982 1302 virtus
1004 1244 1226 1301 inferior
1255 1261 1364 1302 non
1395 1259 1455 1302 se
1491 1245 1739 1302 extendit
1767 1244 1839 1302 ad
1868 1243 1923 1300 id
1971 1242 2119 1316 quod
2152 1241 2450 1316 superioris
2474 1247 2567 1298 est

555 1334 854 1407 proprium,
885 1342 946 1391 ut
978 1341 1130 1408 patet
1167 1340 1264 1407 p'er
1291 1333 1539 1391 Boetium
1570 1349 1603 1389 v
1638 1334 1707 1389 de
1735 1333 2117 1390 Consolatione
2144 1348 2157 1386 ι
2188 1331 2283 1388 'sed
2320 1335 2569 1403 cognos-

555 1424 889 1481 ceredivina
911 1429 967 1479 et
991 1422 1298 1496 spiritualia
1324 1423 1392 1480 ad
1417 1421 1755 1478 intellectum
1779 1423 2034 1494 pertinet,
2068 1427 2123 1476 et
2152 1420 2221 1477 ad
2244 1420 2569 1491 intelligen⁴
2594 1492 2607 1504 .

559 1511 714 1579 tiam,
745 1520 814 1569 ut·
837 1513 1042 1568 dicitur
1079 1512 1134 1568 i'n
1176 1511 1318 1567 libro
1339 1511 1408 1566 de
1434 1509 1641 1583 Spiritu
1681 1517 1737 1566 et
1772 1510 1989 1569 Anima.
2017 1512 2153 1566 Cum
2176 1511 2365 1581 igitur,
2386 1516 2448 1564 ut
2484 1509 2565 1565 ibi

542 1598 779 1668 -dicitur,
814 1600 1137 1673 imaginatio
1165 1603 1237 1656 sit
1263 1599 1402 1655 infra
1429 1598 1841 1670 intelligentiam
1878 1607 1935 1654 et
1960 1599 2319 1666 intellectum,
2340 1598 2567 1654 videtur

559 1688 703 1760 quod
719 1689 774 1743 in
790 1689 990 1744 divinis
1006 1685 1380 1760 spiritualibus
1393 1702 1503 1742 non
1516 1685 1811 1744 debeamus
1828 1685 1895 1742 ad
1910 1687 2325 1758 imaginationes
2340 1685 2565 1742 deduci.

630 1775 950 1846 Respondeo
972 1774 1285 1840 dicendum,
1316 1774 1463 1846 quod
1485 1773 1540 1829 in
1568 1773 1814 1848 qualibet
1840 1776 2151 1846 cognitione
2174 1774 2284 1831 duo
2314 1781 2398 1830 est
2424 1789 2569 1830 con·-

560 1863 822 1929 siderare‚
855 1862 1066 1920 scilicet
1087 1862 1433 1936 principium,
1462 1871 1515 1918 et
1548 1862 1713 1918 finem
1742 1862 1859 1919 sive
1884 1864 2197 1924 terminum.
2229 1863 2569 1934 Principium

561 1951 785 2024 quidem
813 1950 884 2006 ad
913 1949 1396 2023 apprehensionem
1421 1951 1673 2027 pertinet,
1692 1951 1957 2007 terminus
1980 1953 2160 2012 autem
2186 1950 2257 2006 ad
2269 1951 2563 2023 judicium,

561 2038 638 2096 ibi
665 2040 810 2094 eni-m
851 2039 1090 2110 cognitio
1124 2039 1423 2111 perficitur.
1460 2039 1789 2111 Principium
1828 2041 1993 2110 igitur
2032 2039 2321 2112 cujuslibet
2360 2045 2570 2096 nostrae

563 2127 890 2198 cognitionis
939 2133 1024 2183 est
1068 2127 1122 2182 in
1165 2143 1350 2194 sensu,
1403 2127 1535 2200 quia
1587 2143 1652 2182 ex
1683 2127 2112 2200 apprehensione
2157 2143 2351 2184 sensus
2390 2129 2569 2184 oritur

563 2215 922 2287 apprehensio
966 2213 1288 2288 phantasiae,
1319 2221 1444 2288 q‘uae
1486 2221 1569 2272 est
1612 2225 1794 2271 motus
1836 2231 1869 2272 a
1896 2231 2058 2271 sensu
2099 2215 2299 2282 factae,
2332 2225 2394 2272 ut
2432 2216 2571 2271 dicit

563 2303 935 2376 Philosophus,
953 2319 986 2360 a
1013 2321 1124 2377 qua
1149 2305 1346 2361 iterum
1366 2305 1541 2375 oritur
1570 2304 1927 2377 apprehensio
1951 2303 2283 2360 intellectiva
2310 2303 2363 2360 in
2387 2304 2564 2372 nohis,

562 2408 689 2450 cum
716 2393 1098 2465 phantasmata
1131 2393 1240 2449 sint
1268 2392 1619 2449 intellectivae
1646 2391 1845 2448 animae
1890 2398 1951 2446 ut
1996 2391 2325 2466 objecimut
2364 2392 2571 2448 dicitur

564 2480 721 2539 uide
747 2482 942 2538 Anima
971 2499 984 2536 :
1010 2481 1110 2538 sed
1140 2482 1402 2538 terminus
1420 2480 1753 2552 cognitionis
1782 2496 1887 2536 non
1911 2495 2127 2553 semper
2156 2487 2240 2536 est
2278 2479 2572 2536 uniformi-

563 2583 648 2627 ter
679 2587 692 2624 :
721 2571 1050 2642 quandoque
1067 2571 1222 2626 ,enim
1250 2578 1336 2626 est
1376 2569 1432 2624 in
1472 2584 1655 2638 sensu,
1684 2569 2012 2642 quandoque
2058 2568 2115 2624 in
2156 2567 2566 2640 imaginatione,

563 2656 894 2730 quandoque
933 2658 988 2712 in
1051 2657 1166 2713 solo
1207 2657 1513 2715 intellectu.
1544 2657 1891 2732 Quandoque·
1931 2656 2076 2714 enim
2118 2658 2481 2731 proprietates
2513 2665 2572 2712 et

563 2745 870 2801 accidentia
905 2744 986 2800 rei
1029 2759 1154 2816 quae
1189 2760 1352 2800 sensu
1391 2744 1853 2811 demonstrantur,
1886 2744 2220 2803 sufficienter
2256 2745 2572 2818 exprimunt

567 2840 818 2889 naturam
847 2831 1021 2899 rei,et
1044 2843 1172 2888 tunc
1197 2841 1413 2906 oportet
1435 2834 1581 2908 quod
1600 2835 1869 2906 judicium
1896 2833 1966 2890 de
1996 2851 2055 2890 re
2078 2841 2225 2900 vera,
2260 2834 2403 2908 quod
2434 2834 2573 2890 facit

568 2919 900 2987 intellectae,
928 2919 1294 2978 conformetur
1319 2921 1404 2978 his
1433 2937 1559 2995 quae
1585 2939 1768 2991 sensu,
1800 2923 2139 2980 demonstrat
2162 2922 2231 2978 de
2252 2940 2313 2979 re
2338 2939 2351 2976 :
2382 2931 2439 2978 et
2462 2921 2573 2978 hu-·

471 3007 475 3010 ’
571 3008 801 3066 insmodi
823 3015 950 3065 sunt
975 3019 1162 3064 omnes
1189 3010 1484 3077 naturaleS,
1504 3026 1627 3084 quae
1639 3018 1767 3067 sunt
1790 3011 2169 3068 determinatae
2186 3010 2259 3067 ad
2282 3011 2573 3068 materiam

567 3098 896 3166 sensibilem,
924 3103 981 3153 et
1017 3096 1140 3153 ideo
1175 3097 1232 3153 in
1269 3099 1499 3156 scientia
1528 3099 1764 3156 naturali
1807 3101 2088 3157 terminari
2124 3099 2289 3156 debet
2328 3099 2575 3172 cognitio

567 3186 902 3257 adsensum,
930 3193 993 3242 ut
1019 3185 1230 3242 scilicet
1252 3185 1356 3242 hoc
1381 3183 1544 3243 modo
1565 3187 1877 3259 judicemus
1912 3188 1981 3244 de
2014 3189 2178 3245 rebus
2206 3187 2571 3259 naturalibus,

565 3274 862 3330 secundum
885 3275 1032 3347 quod
1053 3283 1244 3332 sensus
1267 3291 1332 3332 ea
1356 3273 1715 3345 demonstrat,
1739 3282 1801 3331 ut
1825 3282 1978 3348 patet
2006 3293 2076 3334 ιιι
2104 3277 2240 3334 Coeli·
2264 3285 2320 3333 et
2342 3277 2530 3334 Mundi
2556 3293 2571 3332 ε

565 3356 742 3434 etqui
769 3374 988 3417 sensum
1013 3362 1240 3434 negligit
1264 3363 1319 3418 in
1357 3363 1718 3432 naturalibus,
1746 3363 1939 3420 incidit
1964 3365 2020 3420 in
2058 3371 2319 3421 errorem.
2346 3363 2415 3421 Et
2450 3363 2576 3421 haec

565 3457 694 3506 sunt
718 3451 988 3507 naturalia
1018 3461 1144 3524 quae
1183 3458 1314 3508 sunt
1341 3461 1597 3509 concreta
1626 3467 1751 3508 cum
1782 3453 2013 3508 materia
2050 3453 2291 3509 sensibili
2324 3459 2379 3509 et
2416 3459 2575 3508 motu

565 3545 622 3594 et
645 3538 942 3595 secundum
979 3557 1118 3608 esse,
1149 3544 1205 3596 et
1245 3540 1547 3596 secundum
1585 3541 2102 3597 considerationem.
2134 3543 2395 3612 Quaedam
2440 3559 2575 3598 vero

566 3633 694 3684 sunt
721 3644 952 3702 quorum
975 3629 1246 3701 judicium
1273 3643 1381 3684 non
1406 3629 1677 3701 dependet
1698 3646 1765 3686 ex
1791 3629 1877 3687 his
1905 3645 2030 3704 quae
2065 3646 2227 3688 sensu
2256 3618 2578 3705 percipiun-

567 3725 677 3784 tur,
705 3716 835 3792 quia
859 3717 1108 3789 quamvis
1133 3716 1433 3772 secundum
1458 3733 1577 3774 esse
1606 3718 1717 3774 sint
1742 3719 1798 3775 in
1828 3721 2061 3776 materia
2094 3719 2356 3784 sensibili,
2387 3728 2573 3775 tamen

569 3806 868 3864 secundum
887 3805 1228 3860 definitivam
1253 3805 1517 3863 rationem
1541 3810 1723 3864 sunta
1749 3811 1979 3866 materia
1998 3807 2239 3866 sensibili
2268 3808 2571 3884 abstracta.

568 3895 842 3956 indicium
878 3899 1062 3950 autem
1087 3892 1432 3966 potissimum
1463 3896 1533 3954 de
1562 3901 1889 3976 unaquaque
1930 3916 1989 3957 re
2018 3900 2079 3956 fit
2106 3898 2411 3956 'secundum
2456 3901 2579 3975 ejus
