2800 4492
677 334 770 380 11.
799 349 878 364 -·-
904 334 974 379 ΙΝ
1013 334 1284 379 Bon‘rnm
1326 334 1404 379 DE
1446 323 1774 380 'rmm'mfn
2154 304 2233 380 53

294 452 380 511 Ad
417 455 674 525 quartum
717 448 1032 519 dicendum,
1079 450 1225 525 quod
1255 450 1511 517 idolatria
1552 466 1659 507 non
1704 455 1823 508 erat
1864 466 1973 507 una
2018 436 2229 524 religio,

224 543 322 599 sed
370 541 513 615 apud
549 540 796 597 diversos
827 539 1061 607 diversa,
1103 555 1230 596 cum
1269 540 1474 597 diversi
1517 540 1762 597 diversos
1794 540 1939 597 Deos
1976 540 2235 597 colendos

225 630 332 689 sibi
373 620 724 687 instituerent
757 644 770 683 z
801 626 908 686 nec⁴
934 618 1132 685 iterum
1160 627 1278 701 ipsa
1307 628 1378 685 ab
1406 628 1657 685 omnibus
1686 628 1997 696 nationibus
2030 636 2115 686 est
2141 646 2235 686 re-

224 728 405 795 cepta,
432 735 558 776 cum
585 734 618 776 a
647 719 761 775 veri
791 708 890 775 Dei
917 717 1220 775 cultoribus
1250 717 1417 775 fuerit
1444 717 1755 792 reprobata,
1799 726 1855 775 et
1882 718 2051 775 etiam
2080 734 2111 777 a
2140 735 2235 777 sa-

223 809 500 884 pientibus
554 808 856 881 gentilium,
906 808 1001 881 qui
1043 806 1298 864 dicebant
1335 806 1649 880 huiusmodi
1694 808 2049 886 caeremonias
2115 824 2236 866 esso

225 898 596 956 observandas
629 903 890 971 tanquam
931 896 1140 968 legibus
1165 898 1368 969 jussaS,
1400 912 1509 953 non
1543 902 1807 972 tanquam
1834 898 1941 955 diis
1978 898 2230 973 placitaS,

223 992 288 1045 ut
315 986 386 1045 de
407 988 612 1045 Seneca
641 986 776 1042 dicit
798 989 976 1058 Augu.
1003 984 1098 1041 lib.
1125 975 1196 1041 d'e
1218 984 1355 1059 Civit.
1382 985 1505 1042 Dei.

295 1074 381 1134 A‘d
411 1076 662 1150 quintum
683 1074 993 1142 dicendum,
1014 1073 1162 1147 quod
1185 1064 1485 1131 christiana
1512 1073 1648 1131 fides
1670 1088 1779 1131 non
1802 1074 2005 1134 dicitur
2034 1076 2231 1134 catho-

224 1166 352 1233 lica,
384 1166 472 1224 vel
501 1164 825 1223 universalis
847 1170 1068 1237 propter
1097 1162 1310 1235 singula
1337 1178 1615 1235 generum,
1650 1164 1747 1220 sed
1779 1171 2002 1239 propter
2029 1182 2231 1239 genera

224 1256 584 1328 singulorum,
616 1254 747 1327 quia
789 1268 856 1311 ex
897 1251 1045 1309 omni
1086 1252 1398 1309 conditione
1426 1250 1708 1310 hominum
1736 1252 1787 1309 ei
1825 1252 1994 1329 aliqui
2038 1254 2233 1313 adhae-

225 1352 436 1403 serunt.
1896 1357 1908 1363 “

921 1500 1380 1581 ARTmuLUS
1422 1519 1535 1583 Ν.

359 1655 578 1721 Utrum
603 1652 726 1717 koeo
751 1651 836 1715 sit
861 1668 1004 1716 vera
1031 1652 1344 1731 confessio,
1395 1652 1557 1733 quod
1596 1652 1787 1719 Pater
1826 1656 1885 1733 et
1910 1652 2121 1719 Filius

625 1748 684 1806 et
702 1741 984 1823 Spiritu-s·
1002 1746 1251 1805 sanctus
1285 1746 1434 1805 sunt
1459 1758 1619 1805 unus
1645 1742 1837 1805 Deus·

296 1878 384 1937 Ad
413 1881 670 1951 quartum
698 1874 779 1931 sic
819 1874 1150 1947 proceditur.
1181 1876 1236 1930 4.
1264 1874 1497 1938 Videtur
1537 1874 1683 1948 quod
1722 1890 1831 1931 nou
1868 1874 1941 1932 sit
1978 1876 2105 1933 fidei
2135 1892 2236 1935 ca-

227 1967 450 2026 tholicae
489 1963 779 2031 confessio,
821 1962 971 2035 quod
1013 1964 1178 2019 Pater
1203 1967 1260 2017 et
1299 1960 1489 2028 Filiae,
1520 1966 1577 2017 et
1608 1962 1845 2035 Spiritus
1870 1972 2098 2022 sanctus
2125 1967 2236 2037 sint

227 2072 372 2114 nnus
401 2056 580 2112 Deus:
604 2052 753 2126 quia,
771 2060 833 2109 ut
856 2052 973 2125 ipse
997 2052 1218 2107 Boetius
1246 2050 1400 2118 dicit,
1420 2050 1492 2107 ad
1521 2050 1955 2124 inaequalitatem
1982 2055 2237 2128 sequitur

225 2145 518 2220 pluralitas
541 2142 769 2199 deorum
792 2158 805 2196 τ
831 2140 928 2197 sed
953 2139 1223 2197 catholica
1245 2140 1529 2217 Scriptura
1556 2155 1682 2213 quae
1715 2148 1798 2197 est
1830 2148 1997 2215 caput
2039 2142 2239 2201 catho-

227 2236 354 2293 licae
381 2232 678 2305 religionis,
701 2238 764 2287 ut
789 2228 924 2286 dicit
947 2229 1283 2301 Augustinus
1311 2228 1380 2285 de
1411 2228 1555 2285 Vera
1581 2228 1882 2301 Religione,
1914 2232 2069 2304 ponit
2096 2234 2237 2291 inae-

231 2323 558 2398 qualitatem
585 2318 763 2377 Patris
788 2324 844 2374 et
870 2317 1012 2385 Filii,
1043 2325 1104 2374 ut
1139 2318 1358 2375 videtur
1386 2333 1484 2391 per
1509 2319 1615 2393 hoc
1650 2319 1795 2391 quod
1824 2320 2046 2391 dicitur,
2077 2324 2232 2381 Joan.

231 2429 274 2481 1,
307 2415 342 2469 4
371 2428 388 2468 t
416 2411 586 2468 Pater
606 2408 784 2477 major
801 2422 882 2463 me
905 2413 1002 2472 est,
1024 2422 1092 2463 ex
1122 2422 1353 2480 persona
1376 2407 1521 2463 Filii.
1552 2407 1697 2479 Ergo
1724 2424 1830 2465 non
1857 2415 1941 2465 est
1968 2412 2237 2470 confessio

228 2486 522 2557 catholicae
550 2498 678 2554 fidei
714 2511 880 2569 quam
909 2496 1067 2552 dicit.

301 2594 360 2649 2.
390 2590 548 2656 Item,
578 2588 604 2643 1
639 2587 765 2643 Cor.
806 2598 888 2641 xv
917 2584 1097 2641 :Cum
1141 2582 1376 2656 subjecta
1412 2582 1625 2656 fuerint
1668 2582 1755 2643 illi
1795 2586 1994 2653 omnia,
2023 2588 2233 2647 scilicet

231 2679 390 2747 Filio,
422 2684 550 2737 tunc
577 2675 758 2749 etipse
779 2672 959 2730 Filius
1000 2673 1259 2745 subjaeaectas
1291 2672 1400 2730 erit
1428 2672 1531 2741 illi,
1561 2674 1772 2732 scilicet
1808 2676 1976 2746 Patri,
2003 2677 2097 2751 qui
2133 2679 2235 2736 sibi

230 2768 455 2841 subjoeit
479 2764 678 2831 omnia,
709 2770 766 2820 et
787 2764 868 2819 sic
893 2761 1041 2819 idem
1059 2761 1205 2835 quod
1232 2763 1404 2836 prius.

305 2860 362 2914 3.
387 2857 543 2923 Item,
576 2869 734 2911 orare
761 2867 868 2910 non
891 2859 976 2909 est
1003 2852 1109 2907 nisi
1133 2851 1406 2908 inferioris
1443 2850 1513 2909 ad
1541 2852 1878 2926 superiorem
1905 2872 1919 2911 τ
1942 2856 2037 2913 sed
2065 2856 2234 2915 Filius

232 2954 360 3003 orat
381 2959 480 3019 pro
506 2944 684 3000 nobis.
715 2943 947 2999 Roman.
973 2956 1081 2997 vm
1108 2957 1122 2995 ε
1155 2939 1401 2997 Christus
1426 2940 1581 2997 Iesus
1603 2942 1695 3015 qm·
1732 2943 1894 3000 etiam
1933 2944 2239 3019 interpellat

225 3051 338 3107 pro
362 3032 532 3093 nobi-5.
559 3030 822 3089 Similiter
849 3034 906 3085 et
927 3028 1163 3102 Spiritus
1189 3035 1431 3097 sanctuS,
1459 3028 1663 3087 ibidem
1690 3046 1704 3086 t
1735 3030 1974 3105 Spiritus
2004 3036 2239 3107 postulat

225 3140 336 3197 pro
359 3122 506 3179 nobis
524 3116 1235 3195 yemitibusinerrabilibus.
1267 3115 1412 3191 Erg'o
1434 3118 1602 3175 Filius
1644 3124 1701 3175 et
1740 3121 1975 3194 Spiritus
2014 3133 2238 3182 sanctus

234 3220 370 3269 sunt
402 3214 564 3269 Patre
590 3209 876 3267 inferiores
903 3206 1202 3264 seeundum
1241 3206 1641 3265 confessionem
1676 3209 1963 3269 catholicae
2004 3212 2151 3283 fidei,
2180 3212 2239 3271 et

231 3302 318 3360 sic
341 3301 489 3359 idem
511 3300 659 3375 quod
684 3298 852 3373 prius.

306 3393 361 3447 4.
393 3391 549 3459 Item,
574 3388 732 3447 Joan.
761 3402 910 3445 xvir.
943 3385 1091 3443 Dicit
1127 3385 1296 3443 Filius
1340 3384 1569 3459 loquens
1616 3387 1683 3444 ad
1712 3388 1931 3448 Patrem
1960 3408 1973 3450 z
2010 3393 2081 3453 Ut
2116 3410 2238 3469 coq-

231 3486 457 3537 noscant
497 3486 547 3537 te
580 3479 750 3536 solum
789 3492 976 3535 verum
1017 3476 1186 3532 Deum
1220 3481 1269 3531 et
1311 3490 1463 3548 quem
1502 3474 1700 3533 misisti
1730 3478 1912 3537 Jemm
1939 3480 2235 3541 Christum.

231 3570 380 3642 Ergo
399 3568 548 3626 solus
577 3568 736 3624 Pater
763 3575 848 3624 est
869 3578 1036 3623 verus
1058 3564 1232 3633 Deus;
1251 3579 1358 3620 non
1385 3580 1516 3637 ergo
1538 3563 1709 3624 Filius
1736 3576 1792 3625 et
1815 3570 2051 3644 Spiritus
2072 3588 2241 3629 sanc-

233 3663 346 3714 tus.
375 3658 515 3729 Ergo
543 3655 800 3713 videntur
823 3668 943 3711 esse
970 3658 1258 3719 creaturae,
1290 3659 1346 3708 et
1369 3653 1452 3709 sic
1475 3652 1621 3711 idem
1644 3658 1789 3729 quod
1818 3660 1991 3732 prius.
2264 3716 2284 3731 ,

306 3746 578 3812 5.1tem,1
607 3744 676 3802 ad
705 3743 963 3801 Tumult.
987 3741 1124 3798 dicit
1152 3740 1682 3815 Apostolustouem,
1702 3746 1915 3803 scilicet
1938 3747 2239 3817 Christum,

227 3834 350 3896 cuis
391 3832 716 3909 imparibus
751 3831 986 3890 ostendet
1027 3830 1248 3898 Beatus,
1278 3836 1328 3887 et
1371 3830 1512 3889 solus
1548 3824 1740 3906 'potens
1784 3834 1901 3902 Rex
1932 3850 2140 3909 regum,
2188 3845 2244 3897 et

230 3922 502 3985 Dominus
543 3921 953 3988 dominantium,
979 3919 1073 3993 qui
1103 3919 1243 3978 solus
1281 3912 1438 3979 h'abet
1479 3920 1959 3991 immortalitatem,
1984 3932 2036 3984 et
2074 3926 2244 3987 lucem

331 4123 368 4131 .—
