2800 4492
720 335 832 382 111.
863 353 942 369 —
973 337 1395 389 Quonmsn‘ruxu
1452 338 1901 384 nnonncmmu·
2172 319 2290 381 567

355 422 677 525 Respondeo
716 451 1026 521 dicendum,
1055 454 1201 527 quod
1230 456 1376 512 circa
1418 454 1521 511 hoc
1548 462 1631 511 est
1663 454 2023 511 contrarietas
2044 452 2183 525 juris
2211 454 2297 509 ci-

271 540 408 596 vilis
430 547 485 596 et
513 540 814 597 canonici·
803 543 978 617 ,quia
1001 545 1300 599 secundum
1317 560 1409 617 Jus
1437 544 1598 601 civile
1620 543 1961 617 praescriptio
2000 548 2168 607 tenet,
2203 558 2295 597 se-

273 629 522 687 cundum
562 631 654 701 jus
700 632 1022 687 canonicum
1071 628 1194 687 talis
1242 631 1593 703 praescribere
1637 648 1743 688 non
1790 636 1990 704 potest.
2033 631 2108 694 Et,
2153 629 2295 685 ratio

275 717 445 791 hujus
472 719 882 775 contrarietatis
919 710 1035 791 est'3
1067 721 1196 793 quia
1223 719 1360 776 alius
1389 726 1474 777 est
1504 720 1624 777 finis
1652 737 1814 795 quem
1855 719 2089 776 intendit
2119 718 2297 774 civilis

275 807 581 879 legislator,
610 808 818 865 scilicet
845 824 1036 881 pacem
1063 824 1282 867 servare
1321 816 1376 865 et
1410 815 1557 866 stare
1582 809 1723 866 inter
1760 808 1929 877 cives»,
1967 824 2091 882 quae
2115 807 2295 881 impe-

276 897 510 965 diretur‚
563 897 608 953 si
651 898 992 971 praescriptio
1033 913 1139 954 non
1185 903 1432 955 curreret
1476 915 1489 954 t
1533 897 1865 971 quicumque
1920 900 2063 971 enim
2108 896 2292 963 vellet,

277 992 468 1059 posset
496 986 700 1053 venire,
746 995 802 1043 et
838 986 1020 1043 dicere
1064 1002 1078 1041 τ
1111 985 1263 1043 Istud
1292 986 1396 1043 fuit
1433 1002 1614 1043 meum
1647 1002 1991 1060 quocumque
2026 991 2291 1059 tempore.

278 1075 433 1132 Finis
457 1082 642 1132 autem
669 1077 809 1147 juris
832 1076 1080 1133 canonici
1111 1076 1285 1151 tendit
1309 1076 1364 1132 in
1391 1077 1635 1149 quietem
1667 1074 1945 1145 Ecclesiae,
1972 1081 2029 1131 et
2061 1073 2295 1131 salutem

280 1166 614 1221 animaru-m.
649 1164 840 1222 Nullus
883 1173 1068 1223 autem
1103 1166 1161 1222 in
1203 1171 1430 1240 peccato
1460 1164 1661 1223 salvari
1690 1170 1872 1238 potest
1900 1178 2001 1221 nec
2028 1162 2295 1237 poenitere

279 1254 351 1310 de
376 1254 594 1321 damnn,
627 1255 711 1310 vel
742 1254 810 1310 de
839 1254 1035 1324 alien0,
1067 1255 1172 1313 nisi
1196 1257 1595 1329 recompenset.

354 1342 422 1398 Et
457 1341 578 1399 ideo
607 1341 898 1399 dicendum
933 1350 1035 1409 est,
1069 1343 1213 1419 quod
1236 1344 1283 1400 si
1308 1344 1434 1417 quis
1466 1341 1785 1415 praescribat
1812 1340 1955 1399 bona
1984 1341 2089 1398 fide
2116 1339 2297 1414 possi-

283 1431 482 1499 dendo,
513 1443 620 1487 non
644 1437 858 1487 tenetur
878 1423 947 1488 ad
971 1430 1395 1499 restitutionem,
1422 1434 1589 1487 etiam
1617 1430 1661 1487 si
1693 1432 1833 1487 sciat
1858 1430 2095 1487 alienum
2125 1429 2295 1487 fuisse

283 1527 410 1593 post
457 1520 924 1593 praescriptionem
968 1538 983 1577 ε
1028 1522 1158 1596 quia
1201 1520 1286 1577 lex
1332 1528 1513 1593 potest
1543 1520 1781 1595 aliquem
1827 1536 1926 1593 pro
1968 1524 2195 1593 peccato
2239 1525 2297 1573 et

283 1608 616 1680 negligentia
661 1609 852 1681 punire
895 1609 951 1664 in
990 1625 1050 1665 re
1079 1625 1206 1677 sua3
1238 1615 1292 1665 et
1322 1609 1471 1665 illam
1511 1608 1668 1666 alteri
1698 1608 1831 1665 dare
1876 1616 1933 1663 et
1972 1607 2293 1664 concedere.

283 1697 390 1753 Sed
419 1697 508 1770 qui
533 1696 674 1753 mala
699 1696 804 1752 fide
831 1697 1155 1770 praescribit,
1184 1702 1400 1753 tenetur
1424 1696 1715 1767 emendare
1741 1702 1795 1753 et
1820 1694 2135 1799 satisfacere
2164 1694 2296 1751 red-

285 1783 464 1839 dendo
493 1783 750 1840 damnum
779 1784 926 1856 quod
955 1784 1156 1840 intulit.

358 1874 442 1929 Ad
481 1872 718 1957 primum
745 1890 875 1945 ergo
904 1873 1212 1941 dicendum,
1246 1870 1392 1949 quod
1437 1888 1628 1933 verum
1668 1878 1753 1931 est
1782 1871 1927 1949 quod
1958 1870 2139 1929 omnia
2168 1877 2295 1927 sunt
2376 1933 2383 1939 ,

285 1962 592 2035 principum
621 1952 694 2019 ad·
719 1962 1148 2035 gubernandum,
1186 1979 1296 2020 non
1333 1963 1402 2020 ad
1444 1962 1789 2020 retinendum
1811 1961 1915 2019 sibi
1943 1960 2029 2019 vel
2059 1960 2127 2017 ad
2156 1960 2298 2017 dan-
2370 1984 2383 1999 ·-

285 2052 418 2107 dum
449 2051 597 2121 aliis;
639 2055 694 2107 et
731 2052 777 2106 si
807 2067 930 2124 quae
968 2051 1116 2123 leges
1155 2052 1293 2108 tales
1333 2058 1479 2118 sunt,
1528 2054 1832 2125 tyrannicae
1866 2059 1995 2107 sunt
2039 2067 2053 2105 ε
2100 2054 2157 2105 et
2184 2064 2290 2105 non

286 2138 578 2197 absolvunt
606 2153 639 2195 a
667 2138 1022 2209 conscientia,
1052 2138 1149 2195 sed
1179 2154 1211 2195 a
1235 2138 1353 2196 foro
1371 2138 1620 2210 judiciali
1650 2145 1707 2197 et
1729 2137 2011 2198 violentia.

943 2369 1398 2433 ARTIGULUS
1422 2368 1641 2447 xxv.

302 2520 522 2587 Utrum
547 2520 656 2585 ille
680 2520 939 2602 quirem
967 2520 1226 2585 alienam
1253 2521 1621 2601 consumpsit
1646 2521 1917 2584 teneatur
1944 2517 2027 2582 ad
2050 2486 2297 2583 restitu-

373 2612 612 2779 ιιέοξῖφι.
639 2644 720 2657 --
748 2610 910 2691 (2-2,
949 2615 1160 2691 quast.
1209 2609 1310 2689 62,
1351 2614 1478 2674 art.
1507 2610 1571 2688 2,
1600 2614 1660 2675 et
1692 2613 1903 2691 quaest,
1934 2608 2037 2683 79,
2077 2612 2199 2671 art.
2226 2608 2289 2683 3,

370 2718 406 2761 a
551 2744 564 2758 .

361 2848 545 2905 Tertio
589 2848 956 2920 quaerebatur,
1001 2852 1185 2908 utrum
1232 2848 1322 2908 ille
1360 2850 1453 2926 qui
1498 2867 1611 2909 rem
1668 2848 1899 2908 alienam
1934 2849 2293 2924 consumpsit,

291 2943 541 2993 teneatur
569 2935 638 2992 ad
682 2936 1110 3009 restitutionem3
1154 2944 1210 2995 et
1241 2936 1459 2997 videtur
1488 2938 1635 3012 quod
1662 2954 1799 2994 non.
1841 2936 1983 3007 Quia
2020 2936 2110 2994 ille
2138 2937 2297 3007 cujus

289 3041 378 3081 res
407 3024 603 3093 fuerat,
630 3040 739 3082 non
768 3025 932 3083 habet
955 3029 1228 3084 actionem
1253 3028 1310 3084 in
1338 3034 1811 3100 consumptorem3
1844 3024 2107 3097 intellige,
2134 3024 2179 3079 si
2202 3025 2295 3097 ¹ius

289 3113 453 3171 habet
478 3128 665 3169 casum
690 3114 746 3168 in
771 3116 1200 3188 praescriptione.

359 3205 579 3269 Contra,
608 3200 714 3257 iste
743 3202 886 3259 mala
917 3202 1020 3258 fide
1047 3202 1287 3274 possedit
1311 3204 1549 3260 alienum
1575 3202 1719 3277 quod
1745 3203 2103 3276 consumpsit.

357 3288 676 3363 Respondeo
705 3288 1014 3357 dicendum,
1047 3289 1192 3363 quod
1224 3295 1439 3348 tenetur
1471 3309 1485 3347 z
1522 3294 1677 3363 cujus
1701 3292 1842 3348 ratio
1872 3298 1976 3363 est,
2008 3292 2138 3365 quia
2162 3290 2293 3366 qui-

289 3380 422 3435 libet
451 3384 666 3435 tenetur
702 3378 772 3434 ad
812 3377 1120 3435 faciendum
1155 3380 1431 3452 justitiam
1460 3378 1640 3438 alteri.
1670 3381 1930 3440 Consistit
1961 3387 2141 3439 autem
2167 3383 2294 3454 jus-

171 3509 181 3519 .
291 3469 412 3525 titia
463 3469 516 3524 in
559 3466 796 3542 quadam
837 3467 1186 3539 aequalitate;
1237 3468 1381 3525 unde
1422 3469 1527 3526 nisi
1572 3470 1934 3543 reintegretur
1980 3468 2289 3543 aequalitaS,

288 3574 394 3614 non
422 3562 600 3629 potest
634 3556 831 3631 aliquis
872 3572 991 3613 esse
1012 3558 1213 3631 justus.
1245 3558 1597 3633 lnaequalitas
1634 3557 1953 3629 autemsuit
1982 3558 2128 3633 quod
2157 3573 2298 3615 con-

289 3645 520 3717 sumpsit
550 3660 655 3701 non
679 3660 796 3701 rem
820 3660 1004 3715 suam;
1035 3652 1090 3701 et
1117 3644 1240 3703 ideo
1267 3653 1485 3720 oportet
1508 3647 1653 3720 quod
1684 3646 1901 3703 reddat.

359 3735 440 3790 Ad
472 3734 704 3806 primum
732 3750 861 3807 ergo
891 3734 1202 3804 dicendum,
1235 3736 1382 3809 quod
1412 3734 1541 3792 licet
1564 3750 1671 3792 non
1705 3734 1905 3792 habeat
1940 3736 2209 3791 actionem
2236 3734 2293 3791 in

289 3838 413 3881 eum
437 3822 530 3895 qui
556 3824 892 3897 consumpsit
919 3823 1216 3881 secundum
1246 3825 1339 3898 jus
1375 3822 1559 3893 civile,
1592 3822 1750 3881 habet
1783 3832 1969 3880 tamen
1995 3824 2295 3882 secundum

282 3912 376 3986 jus
401 3910 666 3979 divinum,
695 3912 851 3984 cujus
877 3910 998 3969 finis
1021 3919 1105 3971 est
1131 3910 1280 3970 salus
1307 3910 1645 3985 animarum3
1672 3918 1728 3971 et
1750 3909 1873 3970 ideo
1900 3918 2189 3987 repugnat.
