2800 4492
504 253 621 314 176
978 264 1030 309 s.
1076 261 1311 324 'rnoMAE
1351 258 1683 312 Aoumms
1721 258 2035 305 causeum

505 393 671 443 torem
696 382 817 439 dedi
853 388 903 439 te
929 370 1061 453 filiis
1102 380 1307 447 Israel‚·
1352 376 1640 452 providere
1669 382 1851 433 autem
1878 376 2061 449 pueris
2099 333 2412 433 infidelium
2463 376 2555 433 de

400 502 406 508 -
502 472 860 531 sacramentis
882 466 1077 527 salutis
1099 470 1337 542 pertinet
1363 468 1433 523 ad
1459 472 1714 540 parentes
1737 481 1959 534 eorum;
1986 465 2131 523 unde
2154 466 2236 522 eis
2262 465 2553 522 imminet

502 561 803 635 periculum
828 567 1050 632 propter
1089 557 1520 615 subtractionem
1556 559 2047 624 sacramentorum,
2076 554 2124 611 si
2152 569 2344 612 eorum
2379 570 2550 628 par«-

502 650 613 709 vuli
639 649 1028 706 detrimentum
1048 646 1243 705 salutis
1268 646 1570 719 patiantur.

1164 827 1621 891 ARTICULUS
1677 824 1847 888 VIII.
1927 829 1940 850 ¹

517 964 737 1035 Utrum
772 969 1021 1047 propter
1067 962 1549 1027 consuetudinem
1595 960 1796 1041 aliqui
1838 959 2250 1040 deobliyentur
2293 980 2334 1025 a
2365 960 2544 1041 jure

584 1058 871 1121 reddendi
897 1056 1173 1119 decimas,
1204 1086 1287 1099 -
1314 1052 1399 1133 (2
1382 1053 1445 1111 2
1481 1056 1690 1131 quaest.
1733 1052 1834 1127 89,
1865 1056 1990 1114 aruc
2027 1053 2094 1127 13
2125 1057 2184 1115 ec
2211 1058 2333 1117 art.
2369 1055 2531 1130 131,

588 1148 771 1211 istius
794 1145 987 1224 libri).

575 1281 657 1339 Ad
691 1281 913 1338 tertium
954 1279 1034 1335 sic
1080 1276 1414 1351 proceditur.
1441 1273 1672 1333 Videtur
1719 1275 1866 1347 quod
1895 1280 2119 1349 propter
2159 1258 2534 1334 consuetudi-

505 1387 630 1427 nem
674 1369 841 1443 aliqui
880 1365 1262 1439 deobligantur
1304 1381 1337 1422 a
1372 1364 1497 1437 jure
1537 1362 1798 1420 reddendi
1842 1362 2105 1421 decimas.
2149 1365 2319 1439 Magis
2363 1367 2528 1423 enim

505 1460 650 1515 enim
679 1467 763 1513 est
792 1456 1041 1529 accipere
1070 1454 1312 1510 decimas
1350 1468 1516 1526 quam
1547 1467 1652 1508 non
1683 1452 1836 1508 dare.
1870 1452 1977 1508 Sed
2013 1458 2233 1525 propter
2275 1470 2528 1512 consue-

507 1532 751 1606 tudinem
793 1546 849 1601 in
891 1544 1164 1617 aliquibus
1208 1542 1370 1597 terris
1409 1540 1578 1613 aliqui
1619 1539 1819 1596 milites
1857 1540 2134 1613 accipiunt
2166 1543 2425 1611 decimae,
2459 1556 2524 1603 et

506 1638 609 1695 hoc
634 1637 702 1693 ab
730 1634 973 1691 Ecclesia
1002 1632 1287 1689 toleratur.
1322 1630 1466 1702 Ergo
1501 1628 1672 1685 multo
1698 1629 1873 1701 magis
1904 1638 2125 1702 propter
2157 1634 2528 1690 consuetudi-

506 1741 633 1783 nem
661 1723 830 1797 aliqui
866 1719 1246 1792 deobligantur
1281 1725 1342 1775 ut
1378 1718 1621 1775 decimas
1657 1734 1764 1775 non
1813 1718 2047 1791 solvant,
2080 1736 2256 1793 neque
2301 1724 2528 1783 solvere

508 1819 819 1871 teneantur.
2042 1872 2049 1880 ,

578 1900 684 1959 Sed
712 1907 922 1967 contra,
945 1898 1038 1971 jus
1068 1896 1313 1953 divinum
1353 1911 1463 1954 non
1501 1895 1750 1953 aboletur
1786 1913 1884 1971 per
1925 1896 2376 1961 dissuetudinem.
2408 1901 2528 1959 Sed

502 1990 738 2059 ,decimae
780 1988 1047 2045 debentur
1086 1986 1155 2042 de
1186 1986 1309 2058 jure
1355 1986 1561 2042 divino.
1601 1986 1759 2057 Ergo·
1789 1978 1887 2058 per
1929 1987 2360 2047 dissuetudinem
2407 2006 2526 2046 non

510 2078 759 2137 aboletur
790 2078 882 2149 jus
918 2074 1181 2131 reddendi
1220 2073 1491 2143 decimas;
1525 2080 1779 2130 tenentur
1823 2090 1952 2147 ergo
1997 2074 2247 2133 homines
2287 2077 2527 2135 reddere

508 2168 769 2234 decimas,
802 2165 1075 2223 contraria
1104 2164 1497 2220 consuetudine
1522 2178 1632 2219 non
1660 2163 1932 2224 obstante.

580 2254 900 2327 Respondeo
942 2252 1252 2320 dicendum,
1279 2251 1428 2323 quod
1465 2266 1530 2308 ea
1571 2266 1697 2323 quae
1725 2258 1852 2307 sunt
1880 2251 1952 2325 de
1976 2250 2105 2324 jure
2137 2252 2391 2327 positivo,
2421 2272 2526 2333 per

510 2345 939 2402 dissuetudinem
966 2341 1281 2410 abolentur;
1313 2356 1378 2397 ea
1409 2355 1538 2397 vero
1563 2354 1688 2413 quae
1711 2347 1838 2397 sunt
1865 2356 1896 2397 a
1923 2340 2046 2413 jure
2071 2342 2304 2400 naturali
2335 2345 2421 2400 vel
2448 2344 2526 2401 de

503 2436 627 2508 jure
656 2434 862 2503 divin0‚
889 2430 1037 2489 nulla
1061 2427 1580 2487 dissuetudine'fieri
1606 2436 1790 2502 potest
1820 2436 1880 2486 ut
1904 2427 1976 2486 sit
2001 2430 2211 2486 licitum
2236 2431 2407 2489 furari
2433 2433 2523 2489 vel

510 2524 793 2582 moechari.

581 2614 678 2669 Est
722 2627 852 2685 ergo
902 2608 1362 2668 considerandum
1409 2606 1479 2663 ad
1505 2605 1858 2680 {propositam
1904 2608 2286 2680 quaestionem,
2333 2618 2522 2668 utrum

512 2700 644 2757 dare
672 2698 914 2755 decimas
937 2698 1010 2753 sit
1033 2696 1101 2751 de
1120 2697 1245 2767 jure
1273 2694 1480 2763 divin0,
1508 2693 1592 2750 vel
1633 2693 1702 2749 de
1719 2696 1844 2766 jure
1868 2695 2103 2765 positivo
2131 2695 2390 2755 humano.
2421 2700 2524 2755 Jus

514 2794 695 2846 autem
744 2784 990 2842 divinum
1039 2782 1094 2839 in
1138 2797 1279 2839 novo
1319 2790 1375 2837 et
1415 2783 1472 2837 in
1509 2781 1682 2839 veteri
1723 2788 2052 2841 testamento
2093 2788 2426 2844 continetur.
2451 2788 2525 2843 Et

514 2874 734 2949 quidem
759 2888 866 2930 non
896 2880 1121 2946 apparet
1144 2871 1200 2927 in
1218 2886 1357 2927 novo
1374 2876 1704 2927 testamento
1729 2871 1950 2945 aliquod
1969 2860 2303 2946 praeceptum
2329 2876 2524 2933 datum

514 2964 584 3020 de
607 2963 833 3019 decimis
856 2961 1150 3028 solvendis,
1177 2961 1233 3015 in
1258 2959 1527 3025 doctrina,
1550 2960 1702 3040 dico,
1741 2960 2059 3033 evangelica
2083 2964 2166 3018 vel
2193 2966 2520 3036 apostolica.

513 3052 671 3123 Quod
708 3054 854 3109 enim
896 3050 1096 3107 dicitur
1128 3049 1321 3106 Matth.
1368 3062 1540 3115 xxm,
1581 3051 1668 3117 23,
1701 3048 1768 3121 de
1813 3048 2083 3106 solutione
2129 3052 2520 3111 decimarum:

515 3142 645 3201 Haeo
670 3140 909 3213 oportuit
932 3138 1128 3211 facere,
1154 3143 1204 3194 et
1224 3136 1319 3193 illa
1342 3152 1450 3191 non
1477 3136 1741 3203 omittere,
1768 3142 1824 3192 et
1853 3139 1997 3210 quod
2027 3137 2163 3197 dicit
2186 3139 2520 3211 Pharisaeus,

515 3230 647 3286 Luc.
680 3244 851 3295 xvm,
880 3231 947 3285 112
976 3240 988 3281 ι
1016 3225 1259 3282 Dec-imas
1294 3224 1359 3280 do
1390 3223 1629 3281 omnium
1653 3240 1768 3297 quae
1793 3226 2050 3297 possideo,
2080 3230 2254 3300 magis
2303 3230 2528 3288 videtur

516 3316 587 3373 ad
616 3322 821 3373 statum
844 3314 1046 3371 veteris
1073 3314 1387 3372 testamenti
1417 3313 1648 3369 formam
1677 3315 1976 3386 imponere.

586 3406 645 3461 In
682 3402 858 3461 veteri
899 3409 1082 3459 autem
1112 3407 1441 3457 testamento
1486 3400 1682 3473 triplex
1719 3418 1890 3474 genus
1936 3414 2335 3478 praeceptorum
2379 3394 2539 3467 erat.¹

517 3494 780 3565 Quaedam
810 3491 955 3549 enim
980 3496 1135 3547 erant
1169 3497 1447 3562 praecepta
1476 3490 1719 3558 moralia,
1749 3492 2004 3565 quaedam
2032 3495 2338 3567 judicialia,
2366 3514 2526 3571 quae-
2631 3540 2637 3545 -

515 3584 642 3641 darn
664 3578 1082 3639 caeremonialia.
1110 3581 1390 3651 Praecepta
1420 3579 1648 3635 moralia
1670 3586 1800 3636 sunt
1823 3580 1998 3638 indita
2022 3584 2258 3639 naturali
2295 3587 2519 3655 rationi,

518 3667 588 3727 ad
612 3684 737 3743 quae
766 3668 1010 3724 homines
1034 3668 1179 3722 omni
1218 3672 1463 3738 tempore
1509 3667 1838 3739 obligantur,
1871 3676 1934 3725 ut
1976 3670 2198 3728 Honora
2225 3678 2442 3745 patrem
2473 3680 2526 3732 et

514 3766 764 3825 matrem,
792 3757 917 3816 Non
944 3756 1299 3821 moechaberis,
1319 3755 1446 3813 Non
1469 3754 1684 3826 furtum
1705 3755 1890 3827 facies,
1906 3763 1963 3813 et
1988 3758 2208 3816 similia.
2241 3760 2524 3835 Praecepta

519 3854 703 3905 autem
725 3844 1011 3919 judicialia
1037 3851 1165 3903 sunt
1190 3860 1285 3916 per
1312 3859 1438 3917 quae
1459 3844 1673 3915 judicia.
1696 3845 2092 3905 exercebantur
2111 3865 2125 3921 ;
2145 3856 2296 3921 puta,
2325 3851 2374 3908 si
2401 3852 2526 3925 quis
