2800 4492
833 329 945 380 ΧΠ.
977 350 1058 364 --
1086 329 1511 386 ovonmsn'rtm
1552 332 1849 402 smmum
2226 325 2344 386 269

337 451 539 508 bonum
583 420 949 518 multitudinis
984 451 1273 524 praefertur'
1319 451 1460 511 bono
1500 452 1677 521 unius,
1721 455 1844 512 ideo
1891 445 2150 528 praelatus
2178 459 2341 516 debet

337 539 642 614 disquirere
681 541 970 619 veritatem
1014 539 1083 596 de
1124 539 1288 608 fact0,
1335 549 1397 598 ut
1458 542 1775 600 scandalum
1838 544 2203 606 multitudinis
2254 549 2341 607 vel

335 638 513 685 cesset
555 645 651 701 per
689 644 906 700 poenam
949 630 1245 701 peccantiS,
1272 629 1358 686 vel
1384 647 1480 702 per
1518 632 1635 704 eju-s
1663 633 2087 689 excusationem.
2115 635 2183 690 Et
2218 619 2358 693 ideo·

336 719 395 773 in
424 717 520 774 tali
550 733 679 774 casu
709 724 891 789 potest.
919 718 1217 792 praecipere
1246 720 1441 776 scienti
1468 712 1885 778 crimen'fratris
1904 724 2055 796 'quod
2080 726 2340 782 manifes-

341 814 448 876 tet;
475 813 532 862 et
559 807 648 861 ille
672 807 760 861 cui
783 807 1118 879 praecipitur,
1153 807 1369 863 tenetur
1393 807 1621 881 praelato
1649 810 1893 867 obedire.
1923 812 2013 869 Sic
2038 813 2183 868 enim
2214 827 2341 870 cum

340 912 446 951 non
474 897 545 960 sit
574 895 794 950 omnino
819 895 1091 951 occultum
1135 895 1360 964 crimen,
1394 897 1633 970 pertinet
1670 897 1738 954 ad
1781 899 2049 970 judicium
2091 901 2337 975 praelati3

338 993 393 1040 et
420 984 477 1039 in
503 985 606 1040 hoc
625 977 753 1040 casu
776 981 1018 1057 loquitur
1040 985 1361 1055 Decretaiis,
1384 1001 1491 1042 non
1521 994 1703 1043 autern
1736 987 1791 1042 in
1814 987 2010 1060 primo.

408 1071 562 1128 Unde
590 1079 740 1145 patet
766 1073 1046 1145 responsio
1073 1073 1140 1129 ad
1166 1073 1400 1146 objecta.

994 1251 1451 1313 ARTIGULUS
1502 1253 1671 1314 XIII.

586 1381 802 1448 Utrum
822 1382 1000 1463 Papa
1019 1383 1221 1461 possit
1247 1384 1589 1462 dispensare
1610 1401 1788 1463 super
1812 1384 2095 1466 bigamia.

835 1473 920 1552 (4,
953 1473 1100 1534 dist.
1130 1473 1231 1548 27,
1263 1478 1478 1551 quoest.
1505 1474 1567 1549 3,
1598 1479 1722 1536 art.
1748 1475 1833 1552 3).

407 1607 488 1664 Ad
514 1606 808 1662 secundum
839 1603 916 1661 sic
943 1604 1273 1677 proceditur.
1299 1604 1526 1660 Videtur
1552 1605 1695 1678 quod
1722 1607 1867 1679 Papa
1888 1623 1993 1663 non
2021 1609 2191 1681 possit
2219 1610 2337 1668 dis-

335 1711 565 1768 pensare
606 1693 662 1750 in
691 1693 942 1765 bigamiae
979 1690 1549 1764 irregularitateNon
1596 1694 1739 1749 enim
1783 1701 1963 1767 potest
2005 1697 2073 1752 ab
2120 1697 2336 1755 homine

335 1782 639 1856 dispensari
678 1782 731 1836 in
763 1782 847 1836 his
874 1796 998 1854 quae
1016 1787 1142 1836 sunt
1175 1771 1439 1836 divinitus
1464 1781 1733 1854 instituta,
1768 1787 1827 1836 ut
1864 1783 2169 1840 Bernardus
2200 1785 2337 1842 dicit

336 1872 393 1927 in
435 1871 527 1926 lib.
569 1870 636 1926 de
678 1870 1092 1942 Dispensatione
1123 1875 1178 1924 et
1217 1871 1514 1941 Praecepto.
1546 1869 1648 1925 Sed
1696 1870 1945 1926 doctrina
1984 1873 2249 1945 Apostoli,
2280 1874 2335 1929 in

335 1975 444 2032 qua
459 1959 768 2015 continetur
792 1957 934 2031 quod
963 1959 1212 2029 bigamus
1236 1973 1342 2013 non
1362 1964 1765 2030 promoveatur,
1786 1964 1843 2014 ut
1863 1960 2063 2035 patetl
2086 1962 2225 2018 Tim.
2244 1979 2331 2030 111,

335 2057 392 2104 et
417 2047 484 2103 ad
523 2047 631 2102 Tit.
657 2064 699 2117 1,
727 2054 810 2104 est
851 2046 1114 2102 divinitus
1157 2044 1518 2118 promulgata,
1551 2046 1851 2102 secundum
1896 2046 2027 2104 illud
2063 2052 2329 2122 Apostoli,

335 2137 384 2192 11
433 2136 498 2192 ad
544 2137 666 2193 Cor.
717 2135 815 2191 ult.
857 2151 972 2192 111:
1013 2135 1103 2190 An
1142 2133 1561 2206 experimentum
1588 2135 1833 2206 quaeritis
1871 2136 1983 2207 ejus
2024 2137 2115 2209 qui
2156 2137 2215 2194 in
2254 2157 2337 2196 me

337 2225 577 2298 loquitur
621 2222 910 2281 Christus?
939 2223 1078 2296 Ergo
1119 2224 1266 2295 Papa
1305 2237 1414 2278 non
1459 2228 1639 2294 potest
1676 2238 1799 2280 cum
1839 2224 2071 2296 bigamis
2114 2225 2337 2301 dispen-

335 2332 479 2372 sare.

407 2403 514 2460 Sed
553 2411 744 2459 contra
786 2407 869 2457 est
913 2400 1058 2474 quod
1096 2399 1150 2455 in
1198 2399 1463 2467 Decretis,
1492 2399 1621 2456 dist.
1662 2415 1717 2468 v,
1749 2399 1968 2468 dicitur,
2005 2403 2151 2474 quod
2192 2405 2338 2479 Papa

336 2508 460 2549 cum
486 2492 722 2566 quodam
745 2491 961 2562 bigamo
985 2487 1341 2561 dispensavit.

408 2580 728 2654 Respondeo
756 2578 1065 2645 dicendum,
1093 2577 1238 2650 quod
1269 2579 1413 2649 Papa
1441 2575 1606 2632 habet
1642 2577 2019 2648 plenitutidem
2051 2581 2339 2652 potestatis

338 2672 394 2727 in
419 2669 678 2736 Ecclesia,
699 2669 778 2725 ita
803 2667 1012 2723 scilicet
1041 2665 1186 2739 quod
1211 2681 1574 2740 quaecumque
1602 2673 1729 2722 sunt
1757 2665 2006 2724 instituta
2031 2685 2127 2743 per
2146 2669 2339 2727 Eccle-

337 2761 475 2816 siam
496 2758 579 2815 vel
603 2757 861 2813 Ecclesiae
882 2755 1157 2828 praelatOS,
1190 2761 1316 2809 sunt
1357 2753 1747 2827 dispensabilia
1780 2770 1813 2811 a
1843 2756 2006 2829 Papa.
2034 2758 2337 2840 Haecenim

337 2854 466 2904 sunt
487 2863 612 2920 qua}
635 2846 891 2902 dicuntur
915 2843 1202 2916 esse.juris
1241 2842 1485 2910 humani,
1520 2842 1604 2899 vel
1627 2842 1770 2915 juris
1810 2844 2049 2921 positivi.
2078 2847 2235 2904 Circa
2272 2864 2337 2904 ea

336 2952 466 2993 vero
509 2951 634 3010 quae
674 2941 800 2991 sunt
830 2933 971 3005 juris
1012 2929 1184 2989 divini
1227 2931 1313 2988 vel
1347 2931 1489 3004 juris
1534 2931 1816 3001 naturalis,
1866 2933 2181 3007 dispensare
2230 2953 2337 2992 non

338 3032 518 3098 potest
560 3041 573 3079 t
605 3025 734 3096 quia
777 3023 884 3078 ista
923 3021 1124 3078 habent
1162 3020 1462 3076 efficaciam
1508 3037 1574 3075 ex
1614 3020 1955 3077 institutione
1992 3023 2197 3081 divina.
2243 3027 2339 3081 Jus

339 3119 524 3170 autem
544 3111 788 3167 divinum
829 3114 913 3164 est
949 3108 1094 3180 quod
1125 3108 1364 3180 pertinet
1390 3107 1460 3164 ad
1493 3106 1666 3180 legem
1708 3123 1904 3165 novam
1947 3109 2033 3166 vel
2075 3119 2335 3174 veterem.

337 3201 444 3261 Sed
467 3199 586 3257 haec
612 3197 916 3254 differentia
944 3202 1027 3252 est
1054 3195 1196 3251 inter
1224 3195 1399 3267 legem
1425 3201 1713 3268 utramque
1743 3215 1755 3252 ε
1789 3198 1915 3270 quia
1946 3197 2033 3256 lex
2058 3206 2213 3256 vetus
2238 3201 2341 3257 de-

341 3289 668 3347 terminabat
691 3284 864 3342 multa
889 3289 1001 3340 tam
1031 3283 1084 3338 in
1126 3283 1417 3355 praeceptis
1444 3285 1913 3342 caeremonialibus
1936 3288 2337 3360 pertinentibus

339 3381 408 3438 ad
437 3379 646 3436 cultum
670 3375 970 3446 Dei,quam
993 3372 1160 3428 etiam
1176 3371 1231 3427 in
1256 3371 1545 3443 praeceptis
1561 3373 1914 3443 judicialibus
1942 3378 2339 3449 pertinentibus

340 3469 410 3525 ad
429 3467 700 3540 justitiam
731 3463 872 3524 inter
900 3459 1147 3517 homines
1169 3459 1634 3529 conservandam3
1666 3462 1762 3518 sed
1792 3463 1876 3519 lex
1915 3480 2077 3532 nova,
2104 3483 2228 3538 quae
2255 3473 2339 3523 est

340 3557 426 3613 lex
449 3552 737 3622 libertatis,
765 3545 1071 3624 hujusmodi
1109 3548 1593 3605 determinationes
1622 3567 1727 3606 non
1752 3550 1935 3620 habet,
1966 3553 2058 3608 sed
2090 3559 2173 3608 est
2202 3569 2339 3608 con-

340 3651 490 3700 tenta
537 3641 826 3715 praeceptis
873 3637 1168 3696 moralibus
1205 3636 1472 3694 naturalis
1520 3637 1676 3711 legiS,
1706 3645 1769 3695 et·
1796 3640 2042 3697 articulis
2092 3641 2241 3707 fidei,
2284 3650 2339 3697 et

341 3731 696 3789 sacramentis
717 3729 908 3802 gratiae
937 3746 950 3783 ε
979 3731 1120 3784 unde
1149 3732 1203 3783 et
1227 3726 1430 3783 dicitur
1456 3726 1542 3782 lex
1566 3723 1715 3794 fidei,
1748 3735 1802 3784 et
1828 3727 1912 3784 lex
1937 3729 2149 3800 gratiae,
2173 3745 2341 3802 prop-

344 3829 427 3878 ter
473 3817 981 3877 determinationem
1023 3814 1377 3872 articulorum
1416 3814 1563 3882 fidei,
1597 3820 1651 3870 et
1686 3813 1986 3871 efficaciam
2022 3832 2339 3874 sacramen-
2374 3872 2378 3876 .

344 3915 544 3965 torum.
579 3907 770 3962 Cetera
797 3919 947 3974 vero,
979 3919 1102 3977 quae
1127 3903 1402 3976 pertinent
1432 3901 1499 3959 ad
1530 3902 2039 3960 determinationem
2072 3903 2340 3963 humano-
2381 3925 2385 3930 ·
