2800 4492
718 347 832 400 111.
862 366 945 383 —
969 352 1398 405 ouonmaruu
1447 351 1719 402 mamm
2104 341 2245 408 225·

213 464 410 530 Beatus
435 463 581 528 dives
605 468 698 543 qui
722 469 974 539 inventus
995 470 1207 528 estsine
1229 471 1462 538 macula,
1486 475 1536 528 at
1558 479 1676 545 post
1699 489 1895 531 aarum
1919 491 2024 532 non
2052 477 2189 537 abiit
2200 496 2222 548 3

213 567 418 634 etpost
445 575 624 634 pauca
661 559 915 620 subditur
955 575 970 616 z
1000 559 1104 627 Qui
1140 559 1398 634 probatus
1422 568 1502 618 est·
1526 559 1589 618 in
1626 561 1738 629 illo,
1768 569 1820 620 et
1839 564 2109 638 perfectus
2130 567 2225 624 in-

212 656 394 707 ventus
421 655 521 706 est.
1778 676 1786 682 ·

278 736 386 794 Sed
415 735 836 806 advertendum,
866 732 1014 809 quod
1041 734 1191 792 aliud
1221 743 1306 792 est
1333 751 1455 793 esse
1482 736 1809 810 perfectum,
1839 744 1901 798 et.
1922 718 2083 798 aliudx
2104 693 2251 802 esse-

216 826 268 881 in
293 832 445 882 statu
487 823 858 896 perfectionis.
903 824 1042 882 Sunt
1082 824 1228 880 enim
1261 823 1434 897 aliqui
1473 825 1531 881 in
1564 831 1712 882 statu
1737 827 2091 901 perfectionis
2128 833 2225 904 qui

215 915 453 970 nondum
476 921 605 969 sunt
625 912 874 986 perfecti,
901 912 997 968 sed
1023 912 1296 968 interdum
1323 914 1491 969 etiam
1514 920 1831 987 peccatores
1862 934 1876 972 z
1904 927 2033 976 sunt
2056 920 2243 976 etiam*

217 1002 380 1076 aliqui
422 1000 653 1074 perfecti
696 1000 789 1073 qui
832 1000 889 1055 in
929 1006 1078 1056 statu
1117 1001 1470 1073 perfectionis
1510 1019 1616 1060 non
1642 1010 1810 1062 sunt.
1858 1006 1927 1064 Et
1974 1011 2227 1081 quamvis

217 1098 388 1147 status
417 1088 591 1146 multa
620 1089 908 1160 significet,
951 1095 1008 1144 et
1047 1089 1455 1159 rectitudinem,
1486 1097 1543 1148 et
1571 1091 1909 1162 firmitatem,
1948 1103 2007 1152 et
2032 1099 2078 1153 si
2114 1116 2223 1171 qua

215 1186 336 1236 sunt
377 1179 488 1235 alia
527 1178 872 1250 hujusmodi3
907 1185 1087 1234 tamen
1115 1193 1242 1235 eum
1285 1179 1523 1237 dicimus
1562 1181 1777 1254 aliquos
1814 1199 1932 1240 esse
1974 1185 2029 1240 in
2072 1194 2222 1244 statu

215 1267 582 1341 perfectionis,
631 1266 900 1338 accipitur
950 1281 1050 1338 pro
1083 1267 1416 1336 conditione,
1468 1271 1768 1328 secundum
1809 1273 1955 1346 quod
1998 1274 2224 1333 libertas

213 1355 292 1412 vel
321 1355 563 1411 servitus
592 1353 794 1410 dicitur
821 1359 1031 1422 status;
1064 1362 1224 1425 prout
1263 1357 1549 1413 consuevit
1582 1356 1712 1424 dici,
1742 1359 1889 1432 quod
1912 1376 2065 1416 error
2090 1379 2243 1435 per-·

215 1460 357 1501 sonae
382 1452 478 1500 aut
521 1441 851 1498 conditionis
872 1441 959 1499 vel
988 1446 1166 1498 status
1191 1443 1421 1516 impedit
1444 1445 1875 1514 matrimonium,
1900 1464 2009 1505 non
2036 1459 2219 1508 autem

214 1549 360 1590 error
403 1531 640 1588 sortunae
681 1536 779 1587 aut
824 1529 1130 1602 qualitatis.
1180 1530 1246 1585 Et
1291 1531 1397 1588 boc
1440 1533 1601 1590 modo
1642 1535 1909 1608 accipitur
1954 1543 2134 1596 status
2174 1555 2221 1596 u

215 1627 408 1694 quaest.
439 1624 474 1676 6
506 1637 520 1675 :
559 1619 620 1676 Si
650 1619 860 1692 quando
888 1618 948 1674 in
984 1635 1144 1676 causa
1169 1619 1392 1691 capitali
1421 1621 1501 1678 vel
1527 1637 1687 1678 causa
1707 1621 1880 1680 statas
1904 1625 2221 1700 intenpelta-

215 1717 320 1766 tum
356 1709 555 1782 fuerit,
593 1725 702 1764 non
719 1725 824 1781 per
863 1708 1245 1781 exploratores,
1275 1709 1332 1766 id
1364 1719 1451 1767 est
1486 1718 1888 1782 procuratores,
1918 1715 2007 1771 sed
2026 1732 2131 1789 per
2166 1722 2239 1775 80'

213 1799 347 1872 ipsos
371 1805 449 1856 est
477 1797 758 1871 ayendum.

275 1890 330 1946 Si
358 1903 492 1959 ergo
519 1885 837 1958 accipiendo
862 1891 1086 1954 statum,
1115 1885 1196 1942 illi
1219 1885 1440 1960 proprie
1467 1886 1523 1944 in
1544 1894 1693 1946 statu
1722 1890 2071 1963 perfectionis
2099 1913 2218 1954 esse
2314 1961 2319 1966 ⁸

214 1978 468 2035 dicuntur
509 1975 606 2048 qui
645 1990 705 2030 se
755 1974 1009 2032 servituti
1050 1973 1346 2048 subjiciunt
1391 1975 1464 2032 ad
1508 1993 1673 2050 opera
1718 1980 2069 2052 perfectionis
2106 1985 2215 2042 im-

212 2066 425 2138 plenda.
468 2063 814 2136 Manifestum
841 2068 928 2118 est
960 2070 1142 2119 autem
1171 2063 1319 2136 quod
1347 2066 1586 2122 servitus
1622 2066 1864 2127 libertati
1901 2075 2213 2145 opponitur.

212 2156 459 2213 Libertas
499 2158 684 2209 autem
711 2151 947 2208 faciendi
989 2151 1288 2224 quodlibet,
1318 2169 1415 2225 per
1454 2162 1645 2212 votum
1676 2157 1918 2230 tollitur;
1950 2162 2079 2233 quia
2118 2179 2219 2220 vo·

213 2243 436 2302 luntatis
463 2251 548 2299 est
578 2257 799 2307 vovere,
823 2241 1169 2297 necessitatis
1196 2249 1280 2297 est
1308 2242 1559 2311 reddere,
1586 2250 1649 2299 ut
1670 2259 1837 2321 supra
1870 2249 2078 2306 dictum
2112 2260 2217 2310 est.

211 2333 360 2391 Unde
399 2332 498 2406 qui
541 2346 600 2387 se
646 2329 714 2387 ad
753 2329 962 2402 aliquid
997 2337 1126 2386 voto
1155 2328 1379 2401 obligat,
1412 2329 1467 2386 in
1505 2340 1770 2404 quantum
1799 2340 2114 2395 necessitati
2156 2357 2215 2396 so

212 2423 447 2495 subjicit,
479 2419 882 2494 quodammodo
909 2417 1196 2476 constituit
1227 2433 1287 2472 se
1317 2433 1555 2487 servum,
1586 2419 1841 2479 libertate
1874 2439 1935 2479 se
1972 2427 2211 2497 privans.

142 2520 148 2525 '
212 2513 262 2570 Si
283 2511 510 2586 quidem
535 2525 665 2582 ergo
689 2509 888 2582 aliquis
909 2524 970 2564 se
993 2515 1121 2565 voto
1144 2505 1350 2578 obliget
1373 2508 1445 2564 ad
1472 2507 1694 2582 aliquod
1721 2512 2050 2585 particulare
2076 2531 2213 2588 opus

211 2601 565 2674 implendum,
600 2597 888 2655 constituit
923 2612 985 2654 se
1021 2596 1423 2669 quodammodo
1452 2613 1689 2667 servum,
1722 2615 1828 2656 non
1868 2601 2212 2674 simpliciter,

211 2691 302 2747 sed
335 2690 643 2748 secundum
676 2685 828 2760 quid,
867 2694 1122 2758 respectu
1160 2685 1371 2742 scilicet
1399 2685 1543 2742 illius
1572 2688 1639 2743 ad
1674 2689 1817 2761 quod
1844 2704 1905 2746 se
1928 2691 2212 2764 obligavit.

211 2781 262 2838 Si
291 2795 422 2836 vero
459 2775 782 2849 simpliciter
818 2791 916 2849 per
955 2783 1146 2832 votum
1185 2780 1354 2831 totam
1392 2774 1565 2832 vitam
1605 2791 1759 2832 suam
1800 2779 2044 2836 dedisset
2076 2782 2208 2848 Dec,

126 2901 134 2909 ·
213 2867 278 2923 ad
315 2864 595 2939 implenda
633 2879 697 2919 ea
725 2877 848 2935 quae
875 2867 1003 2918 sunt
1027 2876 1192 2933 opera
1222 2860 1575 2934 perfectionis
1602 2870 1823 2938 propter
1850 2865 2044 2938 Deum,
2075 2869 2214 2924 sim-

211 2956 424 3029 pliciter
461 2970 525 3010 se
555 2953 738 3024 ipsum.
769 2966 987 3009 servum
1015 2950 1331 3016 constitum
1359 2955 1415 3006 et
1454 2967 1551 3023 per
1577 2950 1679 3007 hoc
1716 2954 1933 3024 ponitur
1972 2956 2026 3010 in
2066 2964 2211 3013 statu

212 3041 586 3118 perfectionis;
627 3041 772 3096 unde
799 3046 855 3096 et
885 3045 1058 3096 totum
1077 3053 1145 3112 ¹se
1171 3038 1286 3094 Deo
1312 3038 1581 3109 vovendo,
1618 3038 1991 3098 holocaustum
2021 3045 2216 3100 offerre

211 3135 428 3200 dicitur,
461 3139 520 3187 ut
539 3129 836 3202 Gregorius
857 3127 1014 3184 dicit.
1041 3127 1157 3184 Hoc
1179 3133 1366 3184 autem
1391 3127 1555 3184 modo
1580 3127 1822 3201 obligant
1846 3137 2021 3188 totam
2043 3134 2213 3190 vitam

210 3237 362 3279 suam
388 3220 460 3278 ad
485 3235 551 3276 ea
584 3235 709 3292 quae
739 3225 867 3274 sunt
909 3215 1276 3289 porrectionis,
1304 3216 1559 3288 Episcopi
1590 3215 1645 3272 in
1666 3231 1770 3276 sua
1806 3221 2214 3281 consecratione

210 3310 602 3384 professionem
629 3306 922 3378 quamdam
950 3303 1212 3362 facientes
1238 3320 1348 3376 qua
1376 3303 1690 3375 obligantur
1723 3306 1792 3362 ad
1818 3322 2007 3365 curam
2034 3314 2215 3383 gregis

211 3399 471 3471 suscepti,
507 3395 808 3454 secundum
841 3392 976 3449 illud
1000 3393 1025 3448 1
1051 3391 1290 3449 Timoth.
1335 3392 1432 3448 ult.
1462 3407 1553 3450 κη
1582 3409 1599 3448 x
1632 3392 1798 3452 Certa
1821 3395 2011 3454 bonum
2036 3409 2215 3456 certa-

209 3504 336 3560 men,
350 3485 502 3559 fidei,
529 3481 856 3556 apprehende
881 3481 1046 3539 vitam
1069 3488 1343 3547 aeternam,
1364 3481 1425 3536 in
1447 3497 1551 3554 qua
1575 3491 1788 3540 vocatus
1806 3501 1859 3542 ee
1882 3494 1935 3544 et
1956 3488 2217 3559 confessus

213 3573 398 3630 bonam
431 3570 801 3644 consessionem
830 3584 1011 3624 coram
1037 3567 1217 3624 multis
1257 3567 1493 3634 testibus,
1525 3569 1611 3626 vel
1639 3570 1697 3626 in
1728 3571 2088 3640 ordinatione,
2128 3573 2215 3629 vel

173 3700 180 3706 -
212 3664 264 3720 in
289 3661 702 3737 praedicatione,
723 3666 785 3715 ut
811 3657 1009 3715 Glossa
1031 3655 1182 3713 dicit.
1209 3657 1471 3728 Religiosi
1494 3658 1661 3716 etiam
1686 3660 1744 3715 in
1760 3675 1859 3716 sua
1884 3660 2217 3733 professione

213 3759 382 3810 totam
401 3749 576 3808 vitam
597 3763 754 3804 suam
777 3746 1020 3818 obligant
1039 3746 1152 3802 Deo
1176 3745 1246 3801 ad
1275 3761 1339 3802 ea
1367 3762 1493 3818 quae
1521 3752 1647 3803 sunt
1666 3748 2045 3819 perfectionis3
2072 3749 2215 3808 unde

211 3852 266 3900 et
293 3842 514 3914 utrique
536 3837 683 3894 servi
711 3837 968 3893 dicuntur
996 3850 1012 3890 ε
1043 3834 1246 3891 dicitur
1269 3835 1416 3890 enim
1436 3836 1487 3890 11
1509 3834 1579 3892 ad
1608 3835 1851 3892 Corinth.
1881 3852 1957 3905 w,
1984 3837 2019 3891 5
2047 3854 2061 3892 z
2088 3838 2217 3897 Non

211 3931 348 3990 enim
385 3927 750 4004 praedicamus
801 3923 1157 4000 nosmetipsos,
1203 3922 1292 3978 sed
1333 3923 1515 3980 Iesum
1561 3923 1857 3994 Christum,
1903 3940 1998 3986 nos
2040 3933 2219 3987 autem

707 4042 760 4094 S.
791 4041 955 4095 Taou-
979 4043 1064 4098 Ao.
1100 4040 1362 4091 ornacum.
1391 4061 1444 4080 -
1482 4039 1541 4092 11.
1569 4061 1629 4078 —
1662 4039 1722 4090 15

2330 965 2437 1010 df
