2800 4492
537 320 629 412 181
1015 342 1066 392 s.
1104 342 1346 407 motem
1387 343 1714 404 nummus
1754 340 2065 389 orn-scum
2102 401 2107 408 ¹

497 463 501 468 '
537 455 672 531 quid
702 466 804 526 est,
837 475 962 516 curn
989 460 1550 535 multa2inquisitione
1578 461 1821 534 indigeat
1844 460 1925 517 ad·
1946 458 2386 531 cognoscendum
2412 453 2547 531 quid

538 557 623 603 est
669 547 978 626 intellec-tus
1021 567 1042 606 ·.
1074 567 1252 624 neque
1283 551 1594 623 cognitione
1641 566 1752 623 qua
1782 549 2133 622 cognoscitur
2181 565 2251 604 an
2288 557 2391 612 est,
2414 546 2547 619 quia

537 635 1006 711 intellectumnos
1047 637 1245 708 habere
1275 655 1380 696 non
1408 639 1756 712 percipimus,
1791 639 1896 694 nisi
1928 639 1979 694 in
2011 644 2277 711 quantum
2305 635 2547 710 percipi-

538 741 661 782 mus
707 742 808 784 nos
843 727 1180 800 intelligere,
1241 736 1302 785 ut
1355 735 1511 800 patet
1559 744 1659 802 per
1703 726 2109 800 Philosophum,
2162 741 2246 782 ix.
2294 715 2552 781 Ethicor.

537 814 731 872 Nullus
759 823 945 890 autem
967 816 1225 889 intelli-git
1261 833 1321 874 se
1345 816 1555 890 aliquid
1580 815 1905 888 intelligere,
1932 815 2053 879 nisi,
2078 815 2135 871 in
2166 809 2433 894 quantum
2456 813 2547 870 in·

538 903 738 980 telligit
767 905 986 980 aiiquod
1015 905 1379 978 intelligibile.
1403 906 1483 962 Ex
1506 923 1616 979 quo
1662 909 1815 978 patet
1850 904 1998 978 quod
2035 905 2277 976 cognitio
2314 903 2549 975 alicujus

539 993 897 1068 intelligibilis
921 995 1183 1069 praecedit
1219 994 1585 1066 cognitionem
1612 1009 1723 1073 qua
1761 994 1887 1067 quis
1924 994 2207 1065 cognoscit
2245 1009 2305 1050 se
2342 991 2549 1050 habere

538 1082 898 1160 intellectum,
945 1091 1005 1141 et
1055 1085 1136 1141 sic
1175 1083 1461 1152 influentia
1508 1083 1647 1140 lucis
1695 1082 2053 1154 intelligibilis
2098 1081 2385 1148 naturaliS‚
2436 1097 2548 1137 non

539 1180 732 1244 potest.
751 1189 870 1230 esse
897 1174 1136 1246 primum
1178 1175 1459 1246 cognitum
1486 1188 1519 1228 a
1564 1171 1740 1240 nobie,
1770 1178 1825 1228 et
1861 1171 2033 1229 multo
2078 1171 2257 1228 minus
2284 1171 2549 1245 quaelibet

541 1261 650 1317 alia
677 1261 961 1320 influentia
989 1261 1145 1325 lucis,
1174 1266 1230 1318 et
1263 1262 1386 1318 ideo
1416 1261 1727 1328 dicendum,
1762 1262 1907 1334 quod
1934 1262 2109 1334 primo
2137 1261 2417 1333 cognitum
2442 1260 2550 1316 ho-

543 1349 675 1414 mini
700 1359 881 1423 potest
909 1351 1084 1424 accipi
1113 1350 1423 1424 dupliciter,
1453 1356 1549 1408 aut
1588 1351 1888 1408 secundum
1916 1351 2162 1406 ordinem
2204 1351 2547 1406 diversarum

542 1439 931 1513 potentiarum,
963 1445 1060 1496 aut
1087 1439 1388 1496 secundum
1416 1439 1664 1495 ordinem
1688 1438 2027 1511 objectorum
2051 1437 2106 1495 in
2131 1453 2241 1494 una
2276 1439 2545 1510 potentia.

541 1518 725 1580 Primo
757 1525 979 1599 quidem
1003 1525 1187 1596 modo,
1215 1541 1340 1582 cum
1365 1523 1607 1597 cognitio
1632 1524 1943 1582 intellectus
1968 1524 2141 1582 nostri
2168 1529 2286 1580 tota
2328 1523 2551 1582 derive-

546 1620 634 1691 tur
663 1630 695 1670 a
721 1629 904 1683 sensu,
931 1614 1010 1682 id,
1033 1601 1181 1688 quod
1210 1613 1577 1686 cognoscibile
1600 1622 1682 1671 est
1706 1629 1741 1670 a
1768 1614 1943 1683 nobiS,
1972 1629 2004 1672 a
2040 1629 2202 1670 sensu
2250 1619 2334 1669 est
2368 1613 2549 1686 primo

543 1708 734 1757 notum
760 1703 933 1771 nobis,
969 1718 1133 1776 quam
1160 1703 1234 1770 id,
1265 1703 1412 1775 quod
1448 1711 1532 1760 est
1556 1702 1921 1774 cognoscibile
1950 1702 2020 1759 ab
2061 1701 2363 1768 intellectu,
2392 1701 2553 1758 scili-

545 1796 632 1857 cet
647 1791 922 1862 singulare
943 1791 1027 1847 vel
1043 1790 1299 1848 sensibile
1315 1791 1675 1863 intelligibile.
1692 1791 1812 1848 Alio
1829 1791 2007 1858 mod0,
2022 1791 2233 1848 scilicet
2248 1791 2550 1850 secundum

546 1878 794 1937 ordinem
817 1879 1154 1952 objectorum
1179 1879 1234 1936 in
1263 1897 1370 1937 una
1397 1881 1642 1954 potentia
1670 1879 1893 1938 cuilibet
1915 1880 2177 1955 potentiae
2198 1886 2282 1936 est
2311 1895 2552 1951 cognos-

547 1957 910 2040 cibileprimo
939 1984 1099 2026 suum
1127 1961 1404 2043 proprium
1444 1970 1735 2042 objectum.
1766 1971 1902 2026 Cum
1938 1975 2123 2026 autem
2166 1969 2225 2024 in
2266 1967 2551 2026 intellectu

543 2055 784 2113 humano
817 2058 889 2112 sit
927 2059 1174 2130 potentia
1216 2060 1396 2116 activa
1440 2065 1497 2115 et
1528 2059 1767 2133 passiva,
1797 2059 2070 2131 objectum
2113 2057 2375 2131 potentiae
2416 2073 2553 2128 pas·

536 2144 698 2212 sivae,
747 2144 958 2202 scilicet
1003 2146 1312 2204 intellectus
1357 2147 1651 2222 possibilie,
1682 2140 1903 2224 erit'id,
1953 2147 2099 2221 quod
2144 2154 2229 2205 est
2274 2155 2402 2204 actu
2444 2161 2569 2218 per.

545 2235 849 2306 potentiam
887 2235 1145 2303 activam,
1190 2238 1400 2294 scilicet
1435 2236 1771 2302 intellectum
1815 2243 2085 2308 agentem,
2114 2234 2245 2309 quia
2268 2237 2553 2308 potentiae

542 2323 780 2396 passivae
807 2324 969 2382 debet
995 2326 1322 2398 respondere
1347 2342 1506 2382 suum
1535 2332 1796 2402 activum.
1828 2325 2142 2390 Intellectus
2170 2333 2355 2382 autem
2379 2340 2552 2396 agens

543 2421 652 2489 non
681 2411 814 2469 facit
843 2413 1205 2496 intelligibilia
1233 2415 1439 2472 formas
1458 2421 1759 2488 separataS,
1782 2430 1907 2488 quae
1936 2420 2065 2472 sunt
2084 2429 2153 2470 ex
2168 2413 2361 2486 seipsis
2381 2414 2555 2469 intel-

543 2499 800 2573 ligibiles,
829 2503 924 2560 sed
944 2500 1148 2561 formas
1169 2521 1307 2577 quas
1335 2503 1607 2561 abstrahit
1634 2520 1666 2561 a
1689 2503 2180 2578 phantasmatibuS,
2210 2510 2265 2559 et
2293 2501 2417 2564 ideo
2443 2503 2564 2559 hum

535 2584 776 2662 jusmodi
805 2585 952 2659 sun‘t,
972 2608 1096 2665 quae
1125 2595 1276 2664 prius
1299 2592 1609 2650 intellectus
1638 2599 1823 2650 noster
1847 2591 2121 2664 intelligit.
2145 2591 2211 2646 Et
2240 2591 2382 2647 inter
2406 2591 2547 2660 haec,

543 2678 636 2734 illa
665 2685 793 2734 sunt
817 2681 1016 2751 priora,
1041 2697 1166 2752 quae
1194 2680 1494 2738 intellectui
1525 2681 1859 2739 abstrahenti
1884 2683 2057 2754 primo
2078 2687 2391 2742 occurrunt.
2419 2682 2555 2738 Haec

543 2773 730 2842 autem
757 2776 884 2824 sunt
908 2784 1034 2842 quae
1063 2769 1217 2842 plura
1236 2770 1721 2842 comprehendunt,
1744 2771 1829 2828 vel
1852 2787 1949 2844 per
1972 2771 2193 2828 modum
2223 2771 2393 2828 totius
2418 2771 2555 2826 uni·-

545 2855 793 2926 versaliS,
824 2857 910 2913 vel
941 2874 1035 2930 per
1066 2858 1286 2915 modum
1318 2859 1487 2916 totius
1519 2859 1819 2932 integralis,
1849 2867 1908 2939 et
1949 2859 2073 2922 ideo
2101 2859 2276 2931 magis
2321 2860 2555 2918 univer-

547 2943 684 3022 salia
711 2950 840 3001 'sunt
864 2946 1039 3018 primo
1067 2951 1198 3004 nota
1227 2946 1547 3017 intellectui,
1574 2946 1629 3004 et
1653 2949 1956 3021 composita
1983 2948 2455 3021 componentibus,
2487 2957 2553 3006 ut

549 3032 834 3094 definitum
869 3034 1114 3106 partibus
1146 3035 1495 3094 definitionis.
1526 3037 1605 3094 Et·
1630 3038 1930 3095 secundum
1971 3037 2091 3104 hoc,
2121 3037 2375 3110 quaedam
2418 3039 2555 3095 imi-

547 3122 686 3180 tatio
727 3122 1036 3180 intellectus
1064 3125 1118 3179 in
1149 3141 1308 3182 sensu
1351 3133 1457 3198 est,
1488 3127 1583 3200 qui
1626 3127 1795 3184 etiam
1834 3126 2237 3200 quodammodo
2267 3126 2553 3186 abstracta

544 3225 577 3267 a
603 3211 834 3282 materia
861 3212 1072 3285 recipit.
1089 3212 1272 3271 Etiam
1297 3216 1441 3288 apud
1468 3229 1689 3272 sensum
1712 3215 2010 3288 singularia
2039 3215 2213 3288 magis
2236 3218 2553 3275 communia

543 3304 672 3372 sunt
707 3306 836 3356 nota
877 3302 1070 3373 primo,
1104 3309 1164 3358 ut
1198 3303 1302 3359 hoc
1342 3320 1543 3378 corpus
1588 3320 1753 3378 quarn
1803 3304 1909 3362 hoc
1948 3303 2170 3362 animal.
2200 3304 2553 3380 Unde-patet

543 3387 690 3460 quod
719 3388 866 3444 Deus
892 3397 948 3446 et
976 3389 1100 3448 aliae
1123 3392 1449 3450 substantiae
1482 3400 1751 3466 separatae
1772 3393 1928 3450 nullo
1972 3394 2135 3450 modo
2176 3400 2403 3466 possunt
2426 3409 2555 3452 esse

542 3477 716 3550 primo
741 3478 1035 3548 intellecta,
1065 3482 1160 3537 sed
1203 3481 1589 3554 intelliguntur
1623 3499 1690 3538 ex
1719 3483 1863 3550 aliis,
1893 3489 1955 3539 ut
1984 3481 2187 3540 dicitur
2212 3483 2447 3540 Roman.
2478 3499 2500 3540 1
2535 3501 2550 3540 ι

500 3607 510 3614 .
541 3566 846 3640 Invisibilia
869 3569 970 3625 Dei
997 3585 1032 3625 a
1059 3577 1312 3630 creatura
1339 3571 1529 3648 mundi
1556 3588 1659 3646 per
1687 3581 1749 3629 ea
1776 3588 1892 3646 quae
1925 3570 2075 3647 facta
2114 3579 2241 3630 sunt
2279 3571 2556 3632 intellecta

541 3654 962 3728 conspiciuntur.

579 3799 584 3806 .
612 3745 695 3817 Ad
716 3746 952 3818 primu-m
975 3764 1104 3820 ergo
1127 3747 1438 3818 dicendum,
1458 3752 1603 3824 quod
1624 3767 1691 3810 ex
1709 3749 1891 3810 verbis
1913 3751 2022 3810 illis
2050 3755 2282 3825 August.
2308 3756 2366 3810 et
2387 3752 2557 3810 simi-
2578 3827 2583 3832 ⁸

543 3832 704 3902 libus,
733 3851 838 3906 non
869 3843 955 3893 est
981 3837 1392 3910 intelligendum
1420 3840 1565 3913 quod
1604 3841 1723 3914 ipsa
1746 3841 1995 3900 increata
2024 3843 2229 3899 veritas
2252 3842 2324 3898 sit
2352 3843 2557 3914 proxi-

543 3936 694 3996 mum
728 3923 1088 4006 principium,
1119 3941 1230 4001 quo
1271 3917 1625 4002 intelligimus
1667 3937 1722 3994 et
1752 3931 2095 4003 .jud.icamu3‚
2127 3931 2222 3988 sed
2272 3929 2403 4004 quia
2453 3947 2576 4009 per·
