2800 4492
746 365 857 410 ιιι.
887 377 967 397 -
997 363 1419 417 ouonmenruu
1469 357 1745 417 ommuni
2128 351 2243 412 341

231 499 352 541 non
376 482 616 557 imputat
642 480 878 538 debitori
907 481 960 538 in
989 481 1297 558 culpam,‚si
1329 480 1574 541 debitum
1593 481 1696 539 sibi
1727 480 1919 540 reddat
1948 491 2075 541 ante
2104 491 2248 542 tem-

230 589 362 646 pus·
389 573 534 644 Ergo
557 570 729 628 multo
753 571 933 626 minus
956 571 1121 626 Deus·
1252 577 1257 582 ’
2175 617 2183 626 .

259 707 265 714 .
306 661 635 734 Respondeo
659 659 968 726 dicendum,
997 658 1143 732 quod
1167 657 1256 716 hic
1292 658 1689 716 consideranda
1726 663 1811 716 esi
1853 659 2083 717 intentio
2128 663 2247 734 ejus

232 751 332 823 qui
361 750 629 822 praevenit
655 756 869 820 tempus
900 749 955 802 in
991 747 1274 804 matutinis
1302 747 1567 815 dicendi3‚
1600 747 1682 804 vel
1722 747 1775 803 in
1814 749 2247 823 quibuscumque

233 840 388 896 horis
414 837 716 894 canonicis.
747 837 802 895 Si
841 836 987 892 enim
1017 835 1123 892 hoe
1153 835 1282 894 facit
1331 842 1551 908 propter
1595 835 1899 904 lasciviam,
1929 847 1988 894 ut
2034 839 2246 894 scilicet

234 928 482 1001 quietius
511 925 886 982 somnolentiae
913 931 968 980 et
990 922 1256 997 voluptati
1286 931 1499 991 vacent,
1527 941 1633 981 non
1663 931 1747 982 est
1768 925 1974 999 absque
1998 933 2241 999 peccato.

234 1018 292 1074 Si
323 1031 456 1073 vero
483 1015 588 1070 hoe
615 1013 782 1070 faciet
813 1021 1036 1086 propter
1065 1013 1469 1080 necessitatem,
1497 1019 1551 1069 el.
1590 1011 1863 1069 licitarum
1892 1013 2244 1072 honestarum
2312 1021 2321 1029 '

235 1105 678 1179 occupationum,
695 1109 824 1176 puta
849 1105 893 1158 si
924 1097 1156 1158 clericus
1179 1111 1274 1159 aut
1302 1102 1562 1174 magister
1586 1103 1749 1159 debet
1774 1104 1959 1161 videre
1984 1105 2245 1164 lectiones

235 1211 366 1251 suas
393 1194 466 1250 de
499 1198 677 1260 noete,
706 1190 792 1247 vel
834 1200 1056 1264 propter
1073 1190 1290 1270 *aliquid
1334 1191 1481 1248 aliud
1510 1191 2023 1263 hujusmodi.-licite
2067 1201 2247 1267 potest

235 1285 306 1338 de
333 1298 458 1339 sero
484 1281 667 1337 dioere
697 1280 1012 1346 matutinas,
1045 1286 1100 1335 et
1131 1279 1340 1334 inullis
1369 1279 1517 1334 horis
1545 1281 1821 1337 canonicis
1855 1289 2069 1355 tempus
2099 1299 2245 1356 prae-

239 1373 446 1437 venire,
473 1369 618 1427 sieut
645 1369 813 1425 etiam
850 1368 953 1424 hoc
995 1368 1052 1425 in
1091 1367 1423 1424 solemnibus
1458 1368 1719 1426 Ecclesiis
1748 1369 1807 1424 lit
1836 1387 1849 1424 ε
1884 1370 2012 1442 quia
2050 1370 2243 1428 melius

237 1468 322 1518 est
369 1462 488 1518 Deo
535 1451 830 1530 utrumque
873 1456 1120 1523 reddere,
1162 1455 1372 1514 scilicet
1419 1464 1475 1512 et
1516 1456 1729 1513 debitas
1781 1456 1985 1526 laudeS,
2027 1465 2083 1514 ot
2135 1459 2243 1517 alia

237 1549 468 1607 honesta
497 1546 693 1613 officia,
727 1562 890 1619 quam
920 1545 1065 1618 quod
1093 1559 1186 1616 per
1216 1561 1380 1600 unum
1403 1543 1549 1600 aliud
1582 1544 1929 1619 impediatur.
2012 1563 2026 1580 ·

307 1637 392 1694 Ad
423 1637 658 1709 primum
686 1634 993 1700 dicendum,
1023 1634 1168 1708 quod
1192 1643 1458 1708 quantum
1486 1633 1555 1690 ad
1586 1641 1899 1691 contractus
1923 1642 1977 1691 et
2003 1636 2111 1693 alia
2136 1637 2240 1693 liu-

231 1725 495 1799 jusmodi‚
528 1725 647 1780 dies
683 1723 873 1796 incipit
899 1739 931 1779 a
967 1723 1146 1780 media
1187 1729 1376 1792 no‘cte;
1407 1723 1505 1779 sed
1537 1730 1802 1796 quantum
1840 1724 1911 1780 ad
1948 1725 2241 1784 ecclesias-

241 1817 410 1872 ticum
436 1813 678 1871 officium
709 1820 766 1870 et
794 1813 1202 1870 solemnitatum
1227 1805 1576 1869 celebritates
1609 1813 1799 1887 incipit
1825 1813 1944 1870 dies
1980 1830 2013 1870 a
2042 1829 2239 1888 vespe·-

239 1907 312 1961 ris
339 1923 352 1959 :
375 1904 543 1972 unde,
569 1904 616 1961 si
645 1903 844 1978 aliquis
883 1910 1004 1976 post
1034 1903 1212 1963 dictas
1236 1918 1491 1976 vesperas
1534 1909 1589 1958 et
1628 1903 2067 1977 completorium‚-
2092 1904 2240 1964 dicat

240 1993 562 2059 matutinas,
589 1996 704 2064 jam
728 1991 831 2049 hoe
853 1991 1090 2065 pertinet
1118 1992 1187 2050 ad
1216 1992 1359 2050 diem
1387 2005 1729 2067 sequentem.

637 3063 646 3098 l
685 3073 709 3100 ἢ
759 3051 818 3102 „7
