2800 4492
765 386 880 439 xn.
910 403 993 423 —
1019 387 1447 445 accensurum
1487 390 1707 443 nomm
2102 340 2237 443 '481

215 504 468 581 fluxium
500 511 718 585 oportet
748 508 895 584 quod
925 508 1056 567 illud
1083 507 1230 584 quod
1273 508 1525 580 influunt,
1562 528 1657 584 per
1682 507 1921 569 medium
1952 516 2199 573 transeat

218 601 475 659 medium
516 606 702 658 autem
740 594 1022 672 corporale
1055 614 1162 656 non
1197 606 1280 657 est
1315 600 1651 673 receptivum
1680 602 1979 674 spiritualis
2008 601 2241 679 impres-

217 690 422 748 sionis.
453 688 596 764 Ergo
640 688 788 745 nullo
831 688 992 745 modo
1041 694 1268 761 possunt
1293 690 1484 763 Angeli
1524 706 1685 762 agere
1724 690 1779 747 in
1826 691 1944 749 haec
1986 692 2241 751 iuferiora

217 762 482 853 corpora,
515 794 692 851 neque
723 776 776 833 in
807 776 1018 834 animas
1041 784 1278 834 nostras.

296 874 355 925 3.
379 870 791 937 Praeterea,non
820 873 1046 939 possunt
1073 867 1180 923 dici
1207 882 1368 939 agere
1391 863 1477 924 vel
1504 866 1729 925 influere
1751 868 1893 927 sicut
1920 870 2037 929 sous
2064 869 2243 933 influit

221 960 370 1026 rivo,
405 964 465 1013 ut
496 957 638 1013 idem
680 972 906 1011 numero
955 954 1100 1028 quod
1145 956 1294 1027 prius
1323 961 1404 1011 est
1445 956 1500 1011 in
1544 956 1769 1029 Angelo,
1799 962 2147 1031 postmodum
2183 965 2240 1021 in
2337 952 2340 956 ¹

221 1050 313 1105 his
345 1048 398 1102 in
425 1045 772 1102 inferioribus
817 1044 940 1113 fiat3
970 1044 1098 1116 quia
1128 1042 1207 1099 sic
1233 1044 1285 1099 in
1316 1044 1526 1115 agendo
1552 1044 1759 1119 aliquid
1790 1048 2068 1106 amitteret
2098 1068 2111 1106 ε
2140 1046 2243 1109 nec

223 1139 432 1193 iterum
473 1134 607 1191 illud
651 1132 795 1206 quod
839 1134 892 1187 in
933 1133 1016 1189 bis
1059 1124 1404 1189 inferioribus
1446 1134 1615 1206 recipi
1654 1133 1875 1204 dicitur,
1916 1154 2013 1209 per
2052 1155 2241 1197 eorum

226 1226 500 1281 influxum
535 1222 800 1289 creand03
833 1216 962 1293 quia
1007 1222 1197 1293 Angeli
1242 1228 1516 1279 creatores
1561 1239 1667 1279 non
1702 1231 1869 1281 sunt:
1899 1242 2000 1283 nec
2039 1226 2240 1286 iterum

225 1313 514 1372 educendo
543 1312 610 1367 de
632 1311 876 1383 potentia
915 1310 968 1365 in
999 1318 1203 1381 actum,
1237 1310 1365 1385 quia
1395 1312 1465 1367 ad
1492 1310 1595 1369 hoc
1622 1306 1819 1371 natura
1844 1310 2063 1373 sufficit.
2096 1318 2239 1391 Ergo

225 1404 424 1476 Angeli
455 1388 600 1458 nullo
631 1399 828 1455 modo'
817 1416 870 1454 in
898 1398 1156 1455 inferiora
1186 1406 1375 1471 agunt.

297 1493 408 1551 Sed
433 1496 624 1549 contra
653 1494 735 1544 est
760 1488 902 1561 quod
939 1488 1278 1559 Augustinus
1307 1489 1479 1547 dicit
1468 1506 1522 1545 m
1566 1506 1631 1547 ιιι
1663 1491 1729 1547 de
1759 1490 1953 1549 Trinit.
1942 1534 1977 1563 .,
2006 1497 2149 1569 quod
2175 1513 2240 1553 ea

225 1598 355 1656 quae
397 1578 662 1636 divinitus
704 1574 1076 1649 corporalibus
1128 1576 1282 1643 fiunt,
1339 1578 1640 1635 ministerio
1696 1581 2025 1652 Angelorum
2079 1586 2237 1641 fiunt.

227 1668 533 1741 Gregorius
558 1668 724 1723 etiam
752 1665 928 1722 dicit
915 1682 968 1719 in
995 1681 1053 1720 ιν
1082 1663 1248 1732 Dial.,
1282 1666 1427 1739 quod
1463 1666 1645 1724 omnia
1675 1670 1979 1743 corporalia
2005 1688 2099 1745 per
2123 1676 2241 1749 spi*

227 1758 460 1817 rituales
487 1756 820 1813 substantias
845 1754 1320 1811 administrantur.

298 1846 624 1921 Respondeo
653 1840 963 1910 dicendum,
994 1843 1140 1915 quod
1169 1843 1236 1899 de
1267 1844 1483 1901 actione
1508 1832 1839 1919 Angelorum
1870 1849 1924 1905 iu
1949 1848 2067 1909 haec
2096 1853 2239 1913 inse-

226 1938 376 1995 riora
406 1950 637 2007 corpora
673 1930 872 2005 duplex
905 1939 987 1987 est
1017 1932 1200 2003 opinio
1244 1934 1389 2005 apud
1431 1934 1795 2009 philosophOS,
1830 1938 2239 2001 Commentator

229 2028 379 2097 enim
408 2024 544 2091 vult,
577 2023 634 2077 in
661 2020 988 2092 xMetaph.,
1019 2013 1161 2093 quod
1187 2022 1511 2079 substantiae
1534 2026 1845 2096 spirituales
1876 2042 1983 2084 non
2008 2041 2237 2103 possunt

228 2114 546 2188 imprimere
573 2110 628 2167 in
659 2110 777 2167 haec
823 2108 1080 2164 iuferiora
1119 2125 1348 2181 corpora
1388 2111 1491 2165 nisi
1532 2112 1897 2169 mediantibus
1922 2120 2238 2190 corporibus

229 2201 568 2268 coelesthuS,
619 2201 744 2273 q'uae
789 2214 821 2254 a
857 2197 1179 2255 substantiis
1226 2198 1558 2272 incorpereis
1600 2209 1903 2272 moventur,
1942 2210 2241 2267 secundum

227 2287 602 2369 philosophos·
635 2287 912 2345 Avicenna
942 2302 1070 2344 vero
1111 2284 1246 2354 vult,
1273 2286 1326 2342 in
1356 2303 1455 2343 sua
1482 2288 1787 2364 Metapbys.
1818 2300 1872 2349 et
1898 2294 1953 2349 in
1982 2299 2013 2351 6
2040 2297 2107 2354 de
2136 2316 2240 2357 na-

229 2380 522 2446 turalibuS,
557 2377 700 2450 quod
730 2374 1019 2448 dupliciter
1047 2373 1364 2447 imprimunt
1389 2375 1445 2430 in
1469 2376 1585 2433 haec
1614 2370 1871 2437 inferiora
1899 2398 1912 2437 z
1946 2399 2053 2439 uno
2078 2388 2238 2443 modo

228 2488 329 2544 per
360 2473 570 2525 motum
601 2464 844 2545 orbium3
872 2470 927 2520 et
963 2463 1069 2521 alio
1109 2463 1270 2520 modo
1295 2480 1390 2537 per
1419 2462 1706 2539 imperium
1732 2468 2081 2529 immediate:
2108 2476 2238 2546 quia

230 2559 428 2615 formae
454 2554 764 2611 intellectus
789 2568 975 2609 eorum
1000 2557 1128 2608 sunt
1158 2552 1393 2619 factivae,
1422 2555 1722 2611 secundum
1748 2573 1889 2626 eum,
1924 2566 1979 2614 et
2008 2550 2239 2618 materia

231 2644 510 2703 sensibilis
565 2642 750 2699 obedit
807 2657 996 2699 eorum
1056 2640 1504 2713 conceptionibus
1565 2641 1851 2717 plusquam
1907 2646 2241 2719 quibuslibet

234 2732 597 2809 qualitatibus
639 2730 836 2789 activis
881 2737 936 2785 et
984 2728 1216 2803 passivis
1245 2745 1256 2784 :
1285 2736 1340 2785 et
1379 2730 1572 2787 exinde
1616 2739 1717 2798 est,
1750 2736 2048 2793 secundum
2090 2754 2235 2806 eum,

234 2825 383 2899 quod
408 2822 464 2877 in
489 2822 611 2878 istis
639 2818 986 2876 inferioribus
1014 2818 1148 2874 liunt
1178 2818 1376 2893 aliquae
1407 2824 1888 2881 transmutationes
1912 2827 2241 2903 quandoque

235 2931 302 2971 ex
332 2908 780 2983 conceptionibus
794 2907 1224 2979 substantiarum
1255 2916 1454 2981 praeter
1484 2904 1659 2966 totum
1684 2911 1930 2970 ordinem
1953 2932 2243 2973 causarum

235 2996 726 3060 naturalium.Sed
770 2996 888 3053 haec
930 2995 1111 3068 opinio
1154 2996 1392 3053 secunda
1440 3006 1707 3071 repugnat
1748 3000 1913 3058 dictis
1953 3007 2245 3075 Augustini

235 3092 292 3149 in
319 3106 388 3147 ιιι
415 3089 482 3145 de
511 3085 739 3152 Trinit.;
767 3084 859 3141 ubi
896 3082 1118 3150 dicitur,
1149 3082 1294 3157 quod
1329 3085 1551 3156 Angelis
1597 3102 1703 3142 non
1746 3090 1913 3146 servit
1953 3092 2021 3147 ad
2050 3101 2247 3150 nutum
2311 3146 2317 3151 .

236 3178 472 3238 materia
499 3174 817 3249 corporalis.
843 3163 1133 3244 Repugnat
1160 3173 1328 3227 etiam
1353 3174 1551 3228 rationi
1586 3191 1599 3228 :
1628 3172 1776 3247 quia,
1806 3180 2057 3249 quamvis
2098 3180 2246 3255 quod

237 3278 324 3327 est
357 3266 602 3341 potentia
642 3264 696 3320 in
743 3260 994 3327 materia,
1023 3260 1095 3315 sit
1138 3265 1294 3316 actus
1335 3260 1390 3315 in
1432 3260 1775 3332 substantiis,
1811 3264 1981 3324 multo
2012 3269 2245 3329 nobilius

241 3365 427 3415 tamen
459 3352 686 3410 materia
715 3347 1012 3424 corporalis
1036 3364 1142 3404 non
1173 3355 1256 3403 est
1279 3343 1693 3421 proportionata
1720 3358 1965 3427 potentia
1995 3354 2248 3433 respectu

239 3446 370 3504 talis
399 3450 574 3511 actus,
607 3457 716 3515 quo
750 3436 1076 3497 substantiae
1103 3436 1417 3509 spirituales
1462 3438 1518 3495 in
1544 3450 1672 3497 actu
1709 3455 1856 3501 sunt.
1890 3448 2121 3520 Oportet
2146 3466 2249 3506 au-

241 3544 357 3594 tem
383 3547 550 3605 agens
585 3526 944 3604 quod'educit
985 3526 1054 3583 de
1081 3524 1326 3599 potentia
1353 3527 1412 3583 in
1450 3535 1653 3599 actum,
1686 3548 1805 3589 esse
1837 3537 2251 3609 materiae'pro-

240 3624 646 3699 portionatum;
673 3618 816 3675 unde
846 3632 950 3672 non
977 3620 1155 3689 potest
1180 3630 1299 3673 esse
1329 3617 1476 3689 quod
1515 3620 1691 3675 virtus
1720 3621 2042 3679 substantiae
2085 3626 2254 3697 spiri-

244 3711 413 3767 tualis
436 3716 638 3765 creatae
664 3722 722 3763 se
741 3704 1000 3763 extendat
1021 3704 1089 3760 ad
1111 3704 1358 3761 materiae
1383 3708 1895 3765 transmutationem
1913 3710 2247 3781 immediate,

243 3800 342 3857 sed
373 3796 651 3856 mediante
677 3784 870 3868 aliquo
889 3800 1084 3867 agente
1113 3785 1371 3850 naturali.
1404 3792 1665 3862 Quamvis
1690 3796 1833 3851 enim
1870 3797 1920 3853 ei
1973 3813 2079 3855 non
2119 3800 2256 3857 obe-

241 3886 364 3944 diat
387 3884 689 3958 corporalis
713 3873 944 3940 materia
969 3883 1038 3939 ad
1068 3880 1350 3939 formalem
1377 3882 1905 3958 transmutationem,
1939 3888 2253 3948 immediate

249 3982 434 4035 tamen
459 3973 646 4033 obedit
673 3974 723 4031 ei
753 3972 997 4051 localiter
1023 3971 1091 4028 ad
1131 3979 1339 4028 motum
1375 3970 1638 4043 localem3
1670 3981 1725 4031 et
1752 3992 1851 4049 per
1894 3976 2037 4037 hanc
2076 3980 2259 4039 virtu.

748 4090 798 4140 S.
829 4090 982 4141 Tuon.
1021 4090 1102 4145 Ao.
1139 4089 1407 4145 ornacum.
1436 4112 1479 4130 -·
1527 4091 1582 4143 11.
1615 4115 1671 4131 -
1704 4091 1759 4142 31
