2800 4492
675 388 766 434 11.
798 403 877 418 —
903 390 970 435 m
1019 390 1302 436 nonnum.
1328 391 1407 436 nn
1448 390 1778 437 mmmmm
2152 374 2235 439 51

215 502 492 560 catholica
529 519 635 559 non
661 503 859 561 debeat
887 505 1154 562 nominari
1191 523 1206 561 :
1242 508 1372 579 quia
1397 507 1636 579 cognitio
1661 506 1825 563 debet
1854 522 1972 564 esse
1996 521 2235 579 cognos-

217 592 370 647 cibili
397 593 828 665 proportionata.
858 594 976 649 Non
1009 596 1152 650 enim
1178 596 1459 668 quodlibet
1484 595 1729 669 quolibet
1756 596 1919 652 modo
1948 595 2237 667 cognosci-

219 686 357 735 tur.
401 681 501 736 sed
539 681 672 738 fides
711 690 798 739 est
841 683 1082 766 cognitio
1117 684 1236 749 Dei,
1267 686 1363 757 qui
1406 701 1512 742 non
1544 692 1627 741 est
1666 684 2009 750 universalis,
2056 699 2235 756 neque

213 767 583 838 particularis,
609 772 916 841 utAugust.
938 760 1115 826 dicit
1100 786 1156 827 ιιι
1177 770 1272 827 lib
1291 772 1360 828 de
1375 770 1573 828 Trinit.
1597 786 1761 843 ;ergo
1786 786 1889 828 nec
1911 770 2047 827 fides
2066 768 2235 827 debet

217 854 332 911 dici
369 856 712 913 universalis·

290 950 345 1002 2.
375 946 532 1013 Item,
561 946 631 1002 de
660 946 1026 1019 singularibus
1057 964 1160 1003 non
1201 955 1382 1020 potest
1409 946 1598 1005 haberi
1626 946 1869 1020 cognitio
1896 946 2002 1003 nisi
2040 946 2235 1017 singu-

217 1034 353 1090 laris
391 1035 532 1089 :sed
573 1034 680 1090 fide
716 1036 968 1107 quaedam
997 1036 1296 1107 singularia
1327 1036 1472 1093 facta
1519 1043 1785 1102 tenemuS,
1834 1040 1895 1091 ut
1925 1035 2235 1108 passionem

216 1122 440 1188 Christi,
485 1124 958 1186 resurrectionem.
999 1132 1054 1181 et
1081 1124 1393 1197 hujusmodi
1428 1142 1443 1180 ε
1474 1141 1605 1197 ergo
1639 1125 1775 1181 fides
1803 1140 1908 1181 non
1931 1122 2095 1180 debet
2122 1122 2233 1178 dici

216 1210 564 1267 universalis.
2238 1264 2245 1269 .

289 1303 344 1355 3.
365 1300 523 1365 Item,
551 1299 623 1356 ab
647 1316 714 1356 eo
737 1300 883 1374 quod
907 1307 993 1373 est
1015 1316 1302 1358 commune
1327 1301 1515 1359 multis
1532 1317 1639 1358 non
1668 1301 1831 1359 debet
1856 1300 2021 1358 alicui
2040 1314 2232 1356 eorum

217 1404 416 1445 nomen
466 1390 746 1461 proprium
787 1391 1011 1463 imponi,
1059 1406 1185 1447 cum
1240 1404 1438 1446 nomen
1484 1406 1654 1447 causa
1701 1390 2107 1446 innotescendae
2153 1388 2234 1445 rei

216 1478 568 1549 imponatur:
595 1478 691 1533 sed
717 1478 976 1551 quaelibet
1003 1479 1244 1547 traditio,
1270 1476 1354 1533 vel
1381 1486 1532 1535 secta
1556 1478 1807 1551 proponit
1830 1493 1893 1533 ea
1913 1492 2039 1549 quae
2064 1476 2235 1532 tradit

217 1574 280 1623 ut
310 1565 694 1623 universaliter
717 1566 789 1621 ab
821 1567 1074 1623 omnibus
1101 1566 1394 1634 credenda,
1429 1565 1513 1622 vel
1542 1563 1884 1622 observanda
1915 1571 1975 1620 ut
2010 1564 2233 1621 univer-

216 1654 408 1710 saliter
451 1670 614 1723 vera3
654 1669 784 1726 ergo
828 1670 934 1712 non
963 1654 1126 1712 debet
1166 1655 1302 1713 fides
1347 1654 1649 1711 christiana
1694 1654 2009 1727 specialiter
2036 1652 2233 1709 catho-

217 1741 324 1799 lica
350 1742 479 1799 dici.
835 1779 840 1785 -
1878 1782 1883 1787 -

290 1832 344 1887 t.
370 1831 526 1897 Item,
552 1830 808 1888 idolatria
831 1832 902 1888 ad
921 1846 1108 1888 omnes
1135 1832 1320 1889 mundi
1347 1831 1576 1904 angulos
1602 1831 1849 1904 pervenit
1877 1848 1890 1886 ε
1921 1829 2019 1886 sed
2051 1828 2230 1886 chris-

129 1944 137 1951 ·
215 1919 370 1977 tiana
411 1918 547 1975 fides
589 1920 828 1975 nondum
870 1920 1142 1977 invenitur
1170 1921 1240 1978 ad
1270 1936 1460 1977 omnes
1486 1920 1674 1975 mnudi
1716 1920 1852 1975 fines
1893 1918 2228 1991 pervenisse,

213 2024 344 2064 cum
381 2008 552 2080 aliqui
587 2008 808 2064 barbari
845 2010 974 2076 sint,
1007 2009 1102 2083 qui
1143 2010 1305 2066 fidem
1335 2010 1535 2067 Christi
1564 2025 1673 2064 non
1701 2020 2069 2080 cognoscunt;
2100 2021 2231 2077 ergo

214 2104 370 2155 secta
398 2095 666 2153 idolatriae
697 2096 872 2169 magis
907 2098 1070 2154 debet
1097 2097 1204 2154 dici
1230 2099 1501 2155 catholica
1540 2112 1704 2170 quam
1734 2096 2033 2153 christiana
2070 2094 2227 2151 fides·

286 2188 344 2242 5.
372 2186 531 2253 Item,
576 2186 719 2258 quod
765 2202 868 2241 non
899 2188 1154 2243 convenit
1182 2187 1450 2253 omnibus,
1491 2202 1595 2243 non
1639 2193 1819 2258 potest
1863 2185 1971 2240 dici
2002 2184 2231 2239 univer-

213 2273 331 2331 sale
363 2291 378 2329 :
409 2274 506 2329 sed
540 2274 675 2329 fides
703 2274 998 2331 christiana
1029 2291 1061 2331 a
1091 2274 1277 2331 multis
1322 2290 1429 2331 non
1473 2273 1765 2345 recipitur3
1792 2288 1921 2345 ergo
1960 2273 2229 2329 inconve-

213 2362 434 2419 nienter
457 2362 782 2420 universalis
807 2363 892 2419 vel
918 2364 1187 2420 catholica
1216 2364 1438 2422 dicitur.

283 2451 394 2507 Sed
415 2458 607 2507 contra
632 2458 716 2507 est
752 2452 898 2525 quod
923 2453 1057 2509 dicit
1086 2452 1392 2524 Augu.·lib.
1424 2451 1493 2508 de
1516 2452 1657 2508 Vera
1690 2450 1971 2521 Religione
2005 2466 2018 2503 :
2052 2468 2080 2501 α
2116 2449 2229 2503 Te-

214 2539 397 2596 neuda
423 2546 508 2595 est
534 2540 690 2596 nobis
717 2540 1014 2597 christiana
1041 2541 1252 2611 religio,
1280 2546 1336 2595 et
1375 2542 1496 2611 ejus
1522 2538 1783 2595 Ecclesiae
1806 2537 2229 2593 communicatio

214 2642 344 2701 quae
366 2626 634 2683 catholica
655 2634 757 2695 est,
781 2636 836 2684 et
854 2627 1124 2685 catholica
1149 2628 1465 2684 nominatur
1487 2642 1593 2683 non
1614 2625 1791 2683 solum
1820 2640 1851 2681 a
1880 2625 2013 2693 suis,
2040 2638 2228 2681 verum

213 2717 387 2772 etiam
409 2714 481 2771 ab
503 2714 791 2771 omnibns
777 2716 1096 2773 inimicia.»

283 2804 446 2869 Item,
477 2804 784 2860 universale
828 2812 885 2861 et
925 2820 1212 2861 commune
1265 2804 1411 2861 idem
1460 2820 1581 2861 esse
1624 2804 1841 2859 videtur
1888 2820 1901 2856 ε
1948 2802 2044 2858 sed
2092 2803 2227 2859 fides

211 2892 516 2947 christiana
544 2892 616 2948 ab
639 2892 902 2964 Apostolo
930 2893 1068 2949 fides
1093 2893 1399 2950 communis
1427 2893 1628 2949 dicitur
1656 2893 1765 2947 Tit.
1800 2907 1819 2947 ι
1847 2908 1861 2947 :
1894 2891 2013 2947 Tito
2040 2892 2229 2948 dilecto

207 2979 330 3051 filio
355 2979 644 3035 secundum
677 2997 999 3039 communem
1036 2981 1224 3053 fidem3
1260 2996 1391 3053 ergo
1418 2981 1809 3039 convenienter.
1834 2979 2106 3036 catholiea
2134 2980 2230 3035 di·

207 3070 382 3124 citur.

282 3157 443 3223 Item,
489 3158 636 3229 quod
676 3157 1060 3214 universaliter
1101 3157 1352 3213 omnibus
1398 3158 1738 3230 proponitur,
1779 3156 2017 3213 maxime
2062 3154 2225 3213 debet

204 3245 324 3302 dici
346 3245 652 3301 universale
679 3264 694 3301 :
720 3246 819 3301 sed
846 3246 981 3302 fides
1004 3246 1302 3302 christiana
1329 3244 1580 3301 omnibus
1618 3243 1997 3303 universaliter
2027 3260 2227 3317 propo-

199 3336 383 3399 nitur,
421 3340 484 3388 ut
523 3340 676 3405 patet
708 3334 1315 3391 Matth.u1t.·.Docete
1343 3350 1519 3389 omnes
1542 3340 1738 3406 qantos,
1768 3341 1910 3415 etcx
1895 3348 2073 3405 ,ergo
2106 3334 2229 3407 ipsa

199 3423 411 3479 merito
439 3422 604 3477 debet
630 3422 740 3479 dici
768 3422 1057 3491 catholica,
1083 3422 1170 3481 vel
1196 3420 1539 3479 universalis·

273 3510 606 3583 Respondeo
641 3510 952 3579 dicendum,
999 3512 1145 3585 quod
1179 3511 1315 3567 fides
1355 3512 1500 3567 sicut
1540 3511 1799 3585 quaelibet
1836 3512 1945 3569 alia
1984 3470 2223 3585 cognitio

196 3598 489 3671 duplicem
513 3598 677 3655 babet
705 3601 1012 3667 materiam,
1043 3598 1292 3658 scilicet
1277 3617 1332 3655 m
1361 3616 1491 3673 qua,
1524 3600 1579 3656 id
1602 3609 1706 3666 est,
1739 3601 1887 3675 ipsos
1914 3602 2222 3667 credentes,

192 3694 256 3745 et
283 3686 362 3742 de
385 3702 516 3759 qua,
543 3686 599 3742 id
625 3694 730 3753 est,
757 3704 845 3744 res
867 3688 1123 3757 creditas,
1146 3697 1204 3744 et
1231 3704 1298 3745 ex
1319 3696 1475 3761 parte
1504 3689 1790 3762 utriusque
1817 3690 2065 3745 materiae
2091 3688 2227 3744 fides

191 3774 514 3833 christiana
550 3774 820 3833 catholica
857 3777 967 3833 dici
1005 3784 1204 3850 potest.
1249 3778 1330 3832 Ex
1359 3787 1515 3849 parte
1558 3778 1781 3851 quidem
1822 3776 2162 3833 credentium
2207 3793 2223 3833 z

193 3864 336 3938 quia
373 3862 528 3918 illam
562 3862 729 3920 fidem
763 3880 948 3921 veram
976 3868 1173 3945 asserit
1213 3866 1524 3939 ApostoluS,
1556 3867 1695 3923 Rom
1727 3881 1815 3933 ιιι,
1860 3879 1986 3937 qnae
2022 3865 2227 3921 testifi-

191 3961 332 4014 cata
359 3957 450 4013 est
475 3968 510 4011 a
536 3953 658 4024 lege
684 3959 740 4010 et
768 3953 1066 4028 prophetis.
1094 3956 1232 4013 Cum
1257 3960 1443 4013 autem
1469 3953 1857 4027 prophetarum
1886 3952 2226 4027 temporibus
