2800 4492
715 359 809 407 11.
839 375 920 392 —
944 359 1012 406 m
1053 359 1323 406 nonnum
1364 360 1445 406 nn
1484 360 1812 412 ruituram
2190 345 2270 410 25

248 479 434 547 Deus;
469 496 497 530 ιι
521 477 579 533 id
599 485 686 534 est
703 477 883 550 ipsum
903 476 1180 534 silentium
1201 485 1281 534 est
1309 477 1429 576 laus
1454 483 1569 546 tua,
1601 479 1777 548 Deus;
1802 493 1934 552 ergo
1952 475 2215 537 debemus
2236 493 2269 536 a

251 563 698 641 perscrutatione
725 565 1035 622 divinorum
1065 565 1244 622 silere.

319 655 374 710 ’1.
391 651 552 722 Item,
577 654 760 712 nullus
777 661 1028 711 movetur
1049 655 1120 711 ad
1141 655 1435 724 infinitum,
1461 663 1520 714 ut
1536 655 1891 729 Philosophus
1914 657 2058 714 dicit·
2068 672 2109 714 ι.
2128 655 2264 716 coel.

247 751 305 799 et
351 744 502 800 Mun.
550 744 681 818 quia
724 744 902 800 omnis
943 749 1128 801 motus
1163 750 1248 802 est
1275 754 1497 818 propter
1535 746 1979 803 consecutionem
2024 746 2263 814 termini,

243 832 343 906 qui
386 847 496 888 non
538 833 814 890 invenitur
852 833 910 889 in
952 831 1164 900 infinito
1213 834 1374 890 2¹·sed
1422 835 1571 890 Deus
1609 834 1977 892 ininlinitum
2023 834 2193 890 distat
2230 849 2265 893 n

245 921 425 990 nobis,
451 937 582 978 cum
602 937 734 993 ergo
757 922 1124 994 perscrutatio
1146 923 1224 979 sit
1248 923 1475 996 quidam
1498 929 1681 980 motus
1709 923 1939 980 rationis
1962 923 2017 986 in
2043 923 2097 981 id
2117 923 2263 997 quod

243 1015 645 1081 perscrutatur,
677 1007 896 1068 videtur
919 1007 1276 1081 quoddivina
1302 1010 1635 1082 perscrutari
1662 1023 1770 1066 non
1795 1009 2112 1072 debeamus.

311 1096 424 1154 Sed
449 1102 648 1154 contra·
671 1102 758 1152 est
785 1098 933 1169 quod
959 1097 1212 1153 dicitur]
1239 1098 1356 1154 Pet.
1385 1115 1455 1156 ιιι
1485 1115 1501 1153 :
1537 1097 1739 1154 Parati
1766 1114 1971 1170 semper
1996 1098 2066 1156 ad
2098 1101 2265 1156 satis-

238 1185 534 1258 factionem
560 1183 707 1242 omni
723 1184 962 1258 poscenti
1001 1202 1093 1241 vos
1131 1185 1398 1243 rationem
1440 1187 1502 1244 de
1530 1203 1591 1242 ea
1619 1202 1735 1260 quw
1757 1187 1819 1244 in
1860 1186 2004 1244 vobis
2043 1195 2121 1246 est
2160 1187 2265 1260 fide

239 1282 291 1332 et
309 1291 404 1348 epo
427 1292 447 1332 .-
477 1274 576 1330 sed
595 1274 700 1332 hoc
725 1289 833 1331 non
857 1279 1038 1347 potest
1063 1273 1201 1341 fieri,
1229 1275 1335 1332 nisi
1355 1291 1423 1334 ea
1448 1291 1575 1349 quae
1596 1282 1725 1334 sunt
1750 1275 1897 1342 fidei,
1926 1278 2263 1349 argumentis

241 1369 684 1438 perscrutemur3
725 1379 856 1436 ergo
896 1358 1264 1438 perscrutatio
1289 1379 1386 1437 per
1424 1360 1843 1437 argumentatio
1870 1364 1957 1422 his
1984 1381 2109 1438 quae
2135 1373 2261 1426 sunt

239 1454 370 1513 fidei
401 1461 496 1510 est·
513 1453 845 1509 necessaria.

307 1544 472 1610 Item,
525 1550 588 1599 ut
617 1541 820 1598 dicitur
847 1541 958 1598 Tit.
989 1557 1030 1609 1,
1071 1539 1144 1598 ad
1189 1538 1505 1614 episcopum
1544 1541 1802 1615 pertinet,
1842 1547 1904 1598 ut
1948 1543 2023 1600 sit
2066 1550 2263 1616 potens

239 1631 522 1690 exhortari
547 1631 604 1687 in
634 1630 887 1688 doctrina
917 1645 1070 1697 sane,
1103 1635 1160 1688 et
1188 1630 1635 1688 contradicentes
1659 1631 1983 1694 revincere:
2024 1632 2120 1694 sed
2158 1631 2262 1691 hoc
2325 1632 2330 1637 ’

238 1739 347 1780 non
369 1727 554 1796 potest
589 1720 710 1777 fieri
746 1720 854 1778 nisi
883 1719 1237 1792 argumentis,
1267 1735 1398 1793 ergo
1431 1720 1488 1778 iu
1510 1720 1598 1780 his
1634 1735 1761 1795 quae
1786 1726 1914 1780 sunt
1939 1720 2065 1782 lidei
2090 1738 2259 1796 ergu-

237 1813 444 1870 mentis
469 1815 692 1885 oportet
714 1812 817 1867 uti.
2268 1857 2273 1861 .

306 1904 469 1970 Item,
503 1903 740 1973 August.
765 1899 901 1956 dicit
929 1915 950 1957 1
974 1899 1044 1957 de
1065 1899 1308 1956 Trinit.:
1339 1919 1366 1953 α
1399 1900 1713 1973 Adjuvante
1739 1901 1969 1960 Domino
1988 1902 2104 1958 Deo
2126 1917 2257 1960 nos·-

235 2002 324 2048 tro
352 1990 723 2063 suscipiamus
740 1995 796 2045 et
819 2005 945 2046 eam
964 2004 1128 2061 quam
1154 1987 1406 2060 flagitant
1432 1990 1723 2057 rationem,
1746 1991 1893 2064 quod
1914 1990 2155 2049 Trinitas
2181 1994 2255 2049 sit

233 2097 382 2139 unus
404 2082 580 2147 Deus;
609 2097 636 2130 n
663 2093 794 2150 ergo
821 2078 1147 2135 Trinitatem
1176 2086 1356 2150 potest
1383 2078 1546 2136 homo
1571 2078 1877 2136 rationibus
1895 2081 2251 2153 perscrutari.

302 2171 468 2236 Item,
501 2171 641 2240 Aug.
675 2174 866 2223 contra
906 2166 1274 2223 Felicianum:
1309 2187 1334 2220 α
1363 2166 1503 2237 Quia
1534 2183 1640 2225 non
1668 2167 1830 2224 nimis
1866 2167 2253 2232 inconvenien-

235 2267 322 2316 ter
345 2259 462 2315 duo
487 2258 596 2313 ista
609 2256 896 2323 discernis,
912 2271 1040 2313 cum
1064 2256 1276 2312 ratione
1302 2255 1589 2328 prr-‚emissa
1610 2256 1777 2314 etiam
1808 2257 2119 2318 testimonia
2141 2273 2250 2314 non

235 2347 470 2413 omittiS‚
517 2345 696 2428 fateqr
731 2351 1049 2400 secuturum
1089 2359 1200 2417 quo
1243 2345 1360 2416 ipse
1387 2344 1727 2418 probaveris,
1782 2365 1810 2399 ι
1852 2345 2064 2410 scilicet
2104 2347 2249 2420 quod

237 2435 544 2494 rationibus
566 2439 624 2490 et
646 2433 1070 2490 auctoritatibus
1093 2441 1238 2500 utar,
1269 2438 1327 2488 et
1351 2434 1447 2490 sic·
1461 2432 1607 2489 idem
1630 2433 1777 2505 quod
1804 2434 1973 2506 prius.
2082 2448 2088 2452 ·
2226 2489 2233 2498 ,

305 2521 632 2597 Respondeo
661 2521 972 2588 dicendum,
1004 2521 1152 2594 quod
1179 2535 1305 2577 cum
1349 2519 1611 2593 perfectio
1637 2518 1875 2577 hominis
1900 2520 2165 2582 consistat
2192 2523 2249 2579 in

238 2612 623 2686 conjunctione
663 2610 732 2668 ad
779 2611 974 2678 Deum,
1010 2615 1227 2684 oportet
1256 2607 1401 2682 quod
1443 2607 1606 2664 homo
1632 2623 1701 2666 ex
1741 2608 1995 2674 omnibus
2030 2625 2167 2684 quae
2190 2611 2247 2668 in

237 2705 355 2777 ipso
397 2709 530 2758 sunt
565 2703 832 2773 quantum
865 2707 1045 2772 potest
1090 2697 1159 2755 ad
1201 2698 1388 2756 divina
1429 2696 1697 2755 innitatur
1736 2705 1793 2756 et
1829 2698 2153 2768 adducatur,
2186 2707 2246 2759 ut

237 2791 549 2848 intellectus
575 2787 1046 2861 contemplationi,
1085 2794 1145 2843 et
1171 2788 1312 2844 ratio
1349 2785 1692 2861 inquisitioni
1718 2787 2027 2848 divinorum
2063 2796 2242 2858 vacet,

236 2879 540 2937 secundum
561 2876 715 2944 illud,
739 2876 882 2933 Psal.
899 2891 1066 2934 nxxu
1091 2875 1265 2935 :Mihi
1290 2874 1564 2934 adherere
1580 2877 1689 2932 Deo
1702 2875 1894 2938 bonum
1911 2882 2007 2934 est.
2036 2877 2107 2934 Et
2124 2877 2247 2936 ideo

233 2966 596 3040 Philosophus
615 2967 673 3022 in
710 2981 752 3022 x
777 2965 927 3022 Ethi.
962 2965 1202 3022 excludit
1227 2965 1437 3022 dictum
1462 2965 1845 3040 quorumdam.
1863 2966 1968 3038 ‘qui
1992 2965 2247 3039 dicebant

235 3057 384 3131 quod
427 3056 590 3114 homo
636 3053 1012 3126 non‘debebat
1049 3069 1124 3111 se
1164 3053 1234 3111 de
1275 3054 1437 3112 rebus
1475 3053 1678 3111 divinis
1713 3054 2101 3124 intromittere,
2148 3056 2244 3117 sed

235 3146 422 3202 solum-
453 3144 521 3200 de
546 3142 831 3212 humanis3
859 3144 941 3200 sic
969 3142 1156 3200 dicens
1190 3160 1204 3198 ς
1240 3162 1267 3197 α
1311 3142 1544 3217 Oportet
1574 3151 1760 3200 autem
1798 3157 1907 3200 nou
1946 3143 2247 3204 secundum

233 3235 531 3292 suadentes
557 3232 796 3290 humana
823 3247 1016 3306 sapere
1043 3232 1336 3300 hominem,
1366 3238 1431 3287 ut
1456 3231 1707 3289 mortalia
1727 3230 2033 3300 mortalem,
2064 3234 2161 3291 sed
2189 3234 2244 3294 in

215 3330 504 3398 quantum
529 3322 788 3378 convenit
819 3320 1070 3378 mortale.
1081 3320 1283 3390 facere,
1317 3325 1376 3380 et
1397 3321 1583 3379 omnia
1609 3319 1791 3380 facere
1818 3321 2119 3400 secundum
2138 3337 2245 3396 op-

233 3412 434 3470 timum
459 3426 650 3468 eorum
677 3425 802 3484 quae
830 3409 886 3466 in
914 3411 1053 3482 ipso.
1084 3429 1112 3463 ι

304 3498 619 3572 'tripliciter
655 3504 838 3556 tam'en
877 3504 1059 3572 potest
1085 3497 1246 3556 homo
1283 3497 1337 3555 in
1373 3497 1481 3556 hoc
1507 3514 1759 3576 peccare,
1788 3499 1971 3558 Primo
1995 3516 2063 3557 ex
2099 3516 2245 3574 μιαι-

233 3589 562 3660 sumptione,
591 3587 723 3661 quia
754 3586 966 3646 scilicet
997 3588 1079 3644 sic
1105 3603 1171 3644 ea
1195 3593 1473 3647 scrutatur
1498 3587 1700 3662 aliquis
1726 3589 1883 3663 quasi
1912 3604 1979 3646 ea
2007 3589 2246 3662 perfecte

233 3676 746 3750 comprehensurus,
773 3682 829 3733 et
850 3676 1012 3748 hujus
1025 3676 1172 3733 modi
1195 3677 1546 3750 praesumptio
1567 3676 1981 3750 arguuunsob.
2010 3691 2053 3733 ιι
2071 3693 2086 3732 2
2112 3677 2247 3732 For·

229 3765 386 3822 sitan
397 3765 618 3838 vestigia
630 3764 1164 3838 Detcomprehendes,
1187 3773 1238 3822 et
1253 3781 1417 3838 usque
1434 3765 1505 3828 ad
1516 3764 1813 3838 perlectum
1828 3762 2246 3834 Omnipotemem

235 3853 490 3926 reperies,
519 3861 575 3911 et
598 3853 772 3911 Hilar.
815 3854 952 3912 dicit
982 3869 1008 3911 ε,
1041 3873 1068 3906 α
1095 3855 1177 3912 Ne
1207 3859 1262 3912 te
1291 3854 1501 3920 inseras
1526 3854 1581 3910 in
1608 3853 1745 3910 illud
1769 3857 2039 3910 secretum
2068 3857 2123 3907 et
2150 3868 2246 3909 ar·-

213 3957 440 4001 .canum
465 3941 812 4016 inopinabilis
850 3942 1190 4016 nativitatis;
1215 3959 1284 4002 ne
1315 3949 1372 4008 te
1399 3943 1715 4015 immergas,
1744 3953 2016 4006 summam
2038 3939 2245 4011 intelli·
