2800 4492
764 318 856 362 11.
884 333 964 348 -
989 317 1053 362 m
1106 317 1376 364 eon-rium
1418 319 1497 364 nn
1538 318 1871 364 rmum-m
2242 303 2323 364 75

377 437 431 491 2.
480 435 640 500 Item,
685 433 980 491 diversitas
1019 433 1264 504 iocorum
1305 435 1608 491 secundum
1642 434 2323 508 speciem'concomitatur

305 523 686 580 diversitatem
713 539 1003 596 corporum
1027 523 1324 580 seeundum
1353 523 1611 596 speciem,
1638 525 1782 580 sicut
1808 530 1957 596 patet
1984 526 2037 580 in
2062 525 2321 596 gravibus

307 620 359 673 et
381 611 627 680 levibus;
656 627 792 683 ergo
815 620 871 668 et
895 612 1186 669 diversitas
1212 611 1455 669 locorum
1484 614 1784 671 secundum
1810 629 2094 670 numerum
2116 612 2321 669 indivi-

307 699 538 755 sibiliter
564 701 864 756 comitatur
888 699 1264 758 diversitatem
1287 715 1578 774 corporum
1600 701 1901 758 secundum
1928 717 2234 768 numerum,
2264 705 2321 756 et

303 788 382 842 sic
405 787 554 843 idem
588 787 736 860 quod
765 787 937 858 prius.

371 879 423 930 3.
459 877 620 944 Item,
647 876 793 932 sicut
821 881 1038 949 tempus
1066 880 1148 931 est
1173 890 1429 932 mensura
1455 882 1653 943 motus,
1681 875 1759 933 ita
1780 877 1930 934 locus
1959 882 2043 934 est
2064 892 2317 934 mensura

300 965 596 1036 corporis·
627 964 727 1020 sed
767 971 945 1020 motus
984 963 1250 1020 dividitur
1279 980 1505 1020 numero
1528 966 1829 1022 secundum
1870 972 2100 1037 tempus,
2137 973 2197 1020 ut
2228 965 2319 1020 di-

301 1053 443 1109 citur
473 1069 511 1108 v
535 1053 704 1124 Phys.
729 1070 744 1122 3
777 1067 906 1124 ergo
935 1062 990 1108 et
1019 1067 1218 1125 corpus
1245 1052 1509 1109 dividitur
1534 1069 1758 1110 numero
1788 1053 2087 1111 secundum
2118 1054 2317 1111 locum.

367 1141 700 1214 Respondeo
745 1140 1056 1210 dicendum,
1101 1142 1246 1215 quod
1274 1143 1418 1198 sicut
1460 1158 1526 1198 ex
1568 1143 1901 1216 supradictis
1930 1150 2099 1215 patet,
2131 1143 2317 1198 diver-

301 1231 434 1286 sitas
463 1229 771 1285 secundum
809 1245 1093 1286 numerum
1123 1237 1380 1288 causatur
1416 1247 1483 1286 ex
1516 1231 1781 1288 divisione
1822 1233 2067 1288 materiae
2097 1230 2200 1288 sub
2228 1231 2317 1286 di-

302 1318 680 1376 mensionibus
719 1318 1024 1375 existentis.
1055 1319 1178 1391 Ipsa
1216 1319 1385 1375 etiam
1426 1320 1660 1377 materia
1688 1319 2173 1392 secundum'quod
2215 1318 2318 1376 sub

303 1407 737 1464 dimensionibus
771 1407 974 1472 existit,
1009 1407 1257 1478 prohibet
1284 1407 1396 1464 duo
1438 1423 1666 1480 corpora
1700 1423 1821 1462 esse
1862 1407 1917 1463 in
1946 1408 2137 1464 eodem
2177 1407 2315 1474 loce,

304 1496 356 1552 in
385 1502 664 1569 quantum
693 1502 910 1568 oportet
943 1495 1176 1552 duorum
1217 1510 1506 1567 corporum
1546 1496 1836 1566 distinctas
1866 1511 1985 1552 esse
2020 1495 2319 1551 secundum

303 1586 438 1641 situs
484 1588 770 1641 materias,
802 1584 870 1640 Et
910 1584 990 1639 sic
1025 1590 1176 1657 patet
1219 1585 1364 1656 quod
1410 1601 1476 1640 ex
1500 1584 1691 1640 eodem
1733 1589 1992 1640 causatur
2028 1583 2321 1640 diversitas

303 1673 606 1730 secundum
629 1688 937 1739 numerum,
965 1689 1031 1728 ex
1059 1688 1168 1745 quo
1193 1679 1453 1730 causatur
1478 1673 1777 1747 necessitas
1805 1672 2143 1728 diversitatis
2168 1671 2321 1729 loco-

305 1778 420 1818 rum
452 1763 508 1817 in
534 1761 773 1818 diversis
806 1761 1144 1834 corporibus.
1170 1761 1240 1817 Et
1269 1762 1392 1818 ideo
1418 1762 1535 1835 ipsa
1564 1761 1855 1818 diversitas
1894 1761 2137 1817 locorum
2167 1760 2223 1817 in
2258 1776 2318 1818 se

303 1850 674 1920 considerata,
701 1857 785 1906 est
814 1849 1030 1922 signum
1063 1849 1398 1906 diversitatis
1427 1850 1727 1906 secundum
1754 1865 2057 1917 numerum,
2091 1850 2233 1906 sicut
2262 1856 2318 1906 et

304 1938 368 1994 de
391 1937 518 1994 aliis
543 1937 921 1994 accidentibus
956 1943 1158 2010 praeter
1184 1937 1552 1994 dimensiones
1582 1938 1784 2011 primas
1817 1939 2196 1995 interminatas
2218 1953 2317 1993 su-

305 2027 616 2099 pradictum
643 2033 730 2082 est
757 2026 895 2082 :sed
921 2027 966 2082 si
997 2027 1290 2084 diversitas
1314 2026 1419 2083 loci
1442 2027 1818 2083 consideretur
1843 2027 2140 2084 secundum
2161 2041 2317 2083 suam

305 2132 549 2183 causam,
582 2116 665 2172 sic
692 2115 914 2187 pianum
942 2122 1026 2173 est
1054 2115 1200 2188 quod
1233 2116 1525 2172 diversitas
1550 2115 1653 2184 loci
1683 2123 1765 2172 est
1790 2131 1956 2173 causa
1979 2116 2319 2172 diversitatis

305 2204 607 2262 secundum
644 2219 928 2260 numerum
969 2221 984 2260 ε
1021 2211 1078 2260 et
1105 2203 1228 2261 ideo
1267 2205 1395 2260 Boe.
1429 2205 1584 2272 dicit,'
1612 2204 1759 2277 quod
1789 2204 2028 2261 varietas
2065 2203 2319 2260 acciden-

308 2295 438 2349 tium
463 2292 602 2349 facit
629 2291 1010 2350 diversitatem
1034 2293 1334 2350 secundum
1359 2309 1666 2349 numerum.
1691 2293 1957 2350 Omnibus
1982 2292 2105 2349 aliis
2135 2307 2319 2348 remo-

309 2389 375 2437 tis
409 2384 464 2438 in
507 2382 754 2437 locorum
792 2380 1110 2438 diversitate
1151 2379 1254 2438 hoc
1291 2381 1682 2438 inevitabiliter
1708 2381 1978 2438 verificari
2009 2379 2316 2448 constituit,

310 2471 432 2546 quia
469 2469 688 2526 scilicet
721 2468 924 2524 nulium
964 2469 1108 2526 aliud
1141 2469 1507 2541 accidentium
1546 2484 1671 2541 quae
1698 2468 1938 2524 exterius
1972 2473 2236 2540 apparent
2262 2467 2317 2522 in

309 2577 364 2616 re
391 2557 668 2630 completa
691 2564 772 2612 est
803 2559 881 2615 ita
905 2557 1270 2630 propinquum
1300 2557 1368 2613 ad
1407 2572 1631 2613 causam
1658 2555 1995 2612 diversitatis
2018 2554 2319 2612 secundum

245 2648 252 2656 '
312 2662 613 2712 numerum,
647 2646 791 2702 sicut
814 2646 1104 2702 diversitas
1135 2646 1395 2702 locorum.

374 2737 458 2793 Ad
487 2736 728 2810 primum
753 2735 920 2806 igitur
953 2744 1008 2791 et
1037 2735 1333 2792 secundum
1357 2743 1414 2791 et
1445 2735 1669 2792 tertium
1700 2734 2010 2801 dicendum,
2046 2733 2194 2807 quod
2223 2749 2316 2792 ra-

314 2826 482 2880 tiones
512 2824 624 2880 iliae
646 2815 995 2892 concludunt,
1026 2824 1170 2896 quod
1197 2823 1489 2880 diversitas
1520 2823 1621 2880 loci
1652 2839 1758 2880 non
1783 2829 1866 2879 est
1889 2837 2056 2879 causa
2080 2823 2317 2878 diversi-

313 2915 436 2970 tatis
459 2913 869 2970 individuorum
892 2913 1192 2968 secundum
1216 2928 1295 2977 se,
1321 2912 1419 2968 sed
1445 2929 1539 2984 per
1562 2912 1666 2968 hoc
1689 2928 1795 2968 non
1824 2920 2151 2978 removetur,
2184 2913 2316 2984 quin

312 3018 472 3059 causa
514 3001 858 3058 diversitatis
897 3000 1140 3057 locorum
1185 3001 1257 3057 sit
1284 3016 1450 3057 causa
1494 3000 1833 3058 diversitatis
1872 3001 2173 3058 secundum
2211 3018 2315 3056 nu-

315 3106 543 3146 merum.

377 3179 458 3235 Ad
497 3185 759 3252 quartum
796 3178 1106 3246 dicendum,
1133 3179 1279 3251 quod
1321 3193 1513 3234 omnes
1543 3177 1770 3234 effectus
1795 3191 2086 3234 causarum
2116 3192 2318 3234 secun-

313 3269 504 3325 darum
530 3268 706 3338 magis
733 3267 1039 3339 dependent
1065 3283 1097 3323 a
1119 3268 1254 3333 Dee,
1281 3282 1447 3340 quam
1471 3267 1637 3322 etiam
1658 3265 1729 3322 ab
1753 3266 1885 3339 ipsis
1908 3267 2091 3322 causis
2118 3282 2320 3323 secun-

314 3357 412 3419 dis,
459 3363 518 3412 et
557 3356 786 3411 remotis
827 3355 959 3427 ipsis
987 3355 1166 3412 causis
1203 3354 1458 3412 secundis
1498 3355 1615 3427 ipse
1652 3342 1979 3412 miraculose
2019 3355 2319 3427 producere

315 3453 490 3516 potest
515 3445 744 3500 effectus
766 3459 904 3518 quos
932 3443 1068 3501 vult.
2233 3465 2241 3474 ·

381 3534 462 3590 Ad
507 3533 760 3606 quintum
803 3532 1110 3600 dicendum,
1159 3532 1304 3606 quod
1351 3533 1403 3588 in
1432 3531 1751 3590 substantiis
1778 3531 2055 3605 corporeis
2082 3530 2317 3586 diversi-

321 3629 481 3679 tatem
503 3622 806 3678 secumdum
831 3637 1114 3678 numerum
1137 3622 1385 3694 sequitur
1409 3621 1700 3678 diversitas
1728 3621 2027 3678 secundum
2055 3617 2314 3688 speciem,

322 3717 540 3784 excepta
575 3711 760 3768 anima
801 3710 1074 3773 rationaii,
1113 3725 1238 3783 quae
1279 3710 1529 3782 sequitur
1569 3709 1893 3767 divisionem
1938 3705 2182 3760 materiae
2212 3704 2316 3760 sibi

326 3801 614 3871 dispositae.
644 3799 746 3856 Hic
769 3804 953 3855 autem
985 3797 1226 3871 loquitur
1252 3799 1404 3856 Boot.
1432 3798 1501 3856 de
1533 3797 1853 3901 diversitate
1879 3792 2180 3852 secundum
2210 3808 2318 3851 nu·-

329 3905 547 3961 merum,
578 3889 674 3948 ubi
697 3896 782 3946 est
805 3889 998 3950 eadem
1029 3888 1258 3964 species.
