<?xml version="1.0" encoding="UTF-8"?>
<!DOCTYPE html PUBLIC "-//W3C//DTD XHTML 1.0 Transitional//EN"
    "http://www.w3.org/TR/xhtml1/DTD/xhtml1-transitional.dtd">
<html xmlns="http://www.w3.org/1999/xhtml" xml:lang="en" lang="en">
 <head>
  <title>
</title>
<meta http-equiv="Content-Type" content="text/html;charset=utf-8" />
  <meta name='ocr-system' content='tesseract 3.04.00' />
  <meta name='ocr-capabilities' content='ocr_page ocr_carea ocr_par ocr_line ocrx_word'/>
</head>
<body>
  <div class='ocr_page' id='page_1' title='image "./sthomaquinatisd00thomgoog_0116.png"; bbox 0 0 2800 4492; ppageno 0'>
   <div class='ocr_carea' id='block_1_1' title="bbox 548 339 2077 413">
    <p class='ocr_par' dir='ltr' id='par_1_1' title="bbox 548 339 2077 413">
     <span class='ocr_line' id='line_1_1' title="bbox 548 339 2077 413; baseline 0.003 -8"><span class='ocrx_word' id='word_1_1' title='bbox 548 344 668 412; x_wconf 81' lang='lat'><strong>102</strong></span> <span class='ocrx_word' id='word_1_2' title='bbox 999 359 1078 410; x_wconf 68' lang='grc'><strong>,8.</strong></span> <span class='ocrx_word' id='word_1_3' title='bbox 1119 360 1353 408; x_wconf 57' lang='lat' dir='ltr'><strong>meum</strong></span> <span class='ocrx_word' id='word_1_4' title='bbox 1389 357 1721 413; x_wconf 55' lang='lat' dir='ltr'><strong>&amp;cumane</strong></span> <span class='ocrx_word' id='word_1_5' title='bbox 1761 339 2077 410; x_wconf 60' lang='lat' dir='ltr'><strong>croscum</strong></span> 
     </span>
    </p>
   </div>
   <div class='ocr_carea' id='block_1_2' title="bbox 513 469 2600 4018">
    <p class='ocr_par' dir='ltr' id='par_1_2' title="bbox 545 469 2560 1175">
     <span class='ocr_line' id='line_1_2' title="bbox 547 469 2558 552; baseline -0.001 -21"><span class='ocrx_word' id='word_1_6' title='bbox 547 481 803 550; x_wconf 81' lang='lat' dir='ltr'><strong>separata</strong></span> <span class='ocrx_word' id='word_1_7' title='bbox 830 491 865 536; x_wconf 78' lang='lat' dir='ltr'><strong>a</strong></span> <span class='ocrx_word' id='word_1_8' title='bbox 907 477 1237 537; x_wconf 75' lang='lat' dir='ltr'><strong>materiaet</strong></span> <span class='ocrx_word' id='word_1_9' title='bbox 1263 487 1451 548; x_wconf 86' lang='lat' dir='ltr'><strong>motu,</strong></span> <span class='ocrx_word' id='word_1_10' title='bbox 1494 478 1625 552; x_wconf 87' lang='lat' dir='ltr'><strong>quia</strong></span> <span class='ocrx_word' id='word_1_11' title='bbox 1664 478 1964 535; x_wconf 87' lang='lat' dir='ltr'><strong>secundum</strong></span> <span class='ocrx_word' id='word_1_12' title='bbox 1991 490 2129 548; x_wconf 65' lang='lat' dir='ltr'><strong>esse</strong></span> <span class='ocrx_word' id='word_1_13' title='bbox 2163 489 2198 534; x_wconf 86' lang='lat' dir='ltr'><strong>a</strong></span> <span class='ocrx_word' id='word_1_14' title='bbox 2234 469 2477 530; x_wconf 85' lang='lat' dir='ltr'><strong>materia</strong></span> <span class='ocrx_word' id='word_1_15' title='bbox 2500 473 2558 528; x_wconf 88' lang='lat' dir='ltr'><strong>et</strong></span> 
     </span>
     <span class='ocr_line' id='line_1_3' title="bbox 547 565 2558 641; baseline -0 -20"><span class='ocrx_word' id='word_1_16' title='bbox 547 571 700 622; x_wconf 86' lang='lat' dir='ltr'><strong>motu</strong></span> <span class='ocrx_word' id='word_1_17' title='bbox 725 583 833 625; x_wconf 85' lang='lat' dir='ltr'><strong>non</strong></span> <span class='ocrx_word' id='word_1_18' title='bbox 855 566 1183 641; x_wconf 89' lang='lat' dir='ltr'><strong>dependent,</strong></span> <span class='ocrx_word' id='word_1_19' title='bbox 1205 569 1348 626; x_wconf 84' lang='lat' dir='ltr'><strong>sicut</strong></span> <span class='ocrx_word' id='word_1_20' title='bbox 1367 567 1757 626; x_wconf 88' lang='lat' dir='ltr'><strong>mathematica</strong></span> <span class='ocrx_word' id='word_1_21' title='bbox 1774 565 2104 640; x_wconf 85' lang='lat' dir='ltr'><strong>dependent,</strong></span> <span class='ocrx_word' id='word_1_22' title='bbox 2133 579 2257 638; x_wconf 82' lang='lat' dir='ltr'><strong>quae</strong></span> <span class='ocrx_word' id='word_1_23' title='bbox 2272 577 2558 636; x_wconf 85' lang='lat' dir='ltr'><strong>nunquam</strong></span> 
     </span>
     <span class='ocr_line' id='line_1_4' title="bbox 547 651 2559 731; baseline -0.001 -22"><span class='ocrx_word' id='word_1_24' title='bbox 547 653 666 710; x_wconf 88' lang='lat' dir='ltr'><strong>sine</strong></span> <span class='ocrx_word' id='word_1_25' title='bbox 693 654 938 730; x_wconf 79' lang='lat' dir='ltr'><strong>materia·</strong></span> <span class='ocrx_word' id='word_1_26' title='bbox 955 671 1075 714; x_wconf 85' lang='lat' dir='ltr'><strong>esse</strong></span> <span class='ocrx_word' id='word_1_27' title='bbox 1099 663 1348 731; x_wconf 82' lang='lat' dir='ltr'><strong>possunt,</strong></span> <span class='ocrx_word' id='word_1_28' title='bbox 1378 655 1631 731; x_wconf 89' lang='lat' dir='ltr'><strong>quamvis</strong></span> <span class='ocrx_word' id='word_1_29' title='bbox 1657 657 1776 713; x_wconf 89' lang='lat' dir='ltr'><strong>sine</strong></span> <span class='ocrx_word' id='word_1_30' title='bbox 1802 654 2036 712; x_wconf 85' lang='lat' dir='ltr'><strong>materia</strong></span> <span class='ocrx_word' id='word_1_31' title='bbox 2060 652 2307 711; x_wconf 82' lang='lat' dir='ltr'>sensibili</span> <span class='ocrx_word' id='word_1_32' title='bbox 2342 651 2559 724; x_wconf 85' lang='lat' dir='ltr'><strong>possint</strong></span> 
     </span>
     <span class='ocr_line' id='line_1_5' title="bbox 545 739 2560 819; baseline -0 -22"><span class='ocrx_word' id='word_1_33' title='bbox 545 742 799 816; x_wconf 76' lang='lat' dir='ltr'><strong>intelligi.</strong></span> <span class='ocrx_word' id='word_1_34' title='bbox 853 745 1146 818; x_wconf 85' lang='lat' dir='ltr'><strong>Theologia</strong></span> <span class='ocrx_word' id='word_1_35' title='bbox 1207 762 1336 819; x_wconf 89' lang='lat' dir='ltr'><strong>ergo</strong></span> <span class='ocrx_word' id='word_1_36' title='bbox 1378 745 1751 819; x_wconf 87' lang='lat' dir='ltr'><strong>philosophica</strong></span> <span class='ocrx_word' id='word_1_37' title='bbox 1790 744 2121 801; x_wconf 72' lang='lat' dir='ltr'><strong>determinat</strong></span> <span class='ocrx_word' id='word_1_38' title='bbox 2166 743 2235 800; x_wconf 87' lang='lat' dir='ltr'><strong>de</strong></span> <span class='ocrx_word' id='word_1_39' title='bbox 2283 739 2560 813; x_wconf 86' lang='lat' dir='ltr'><strong>separatis</strong></span> 
     </span>
     <span class='ocr_line' id='line_1_6' title="bbox 547 829 2559 908; baseline -0.001 -21"><span class='ocrx_word' id='word_1_40' title='bbox 547 833 788 888; x_wconf 87' lang='lat' dir='ltr'><strong>secundo</strong></span> <span class='ocrx_word' id='word_1_41' title='bbox 829 835 990 891; x_wconf 90' lang='lat' dir='ltr'><strong>modo</strong></span> <span class='ocrx_word' id='word_1_42' title='bbox 1008 875 1022 904; x_wconf 90' lang='lat'><strong>,</strong></span> <span class='ocrx_word' id='word_1_43' title='bbox 1069 836 1212 892; x_wconf 90' lang='lat' dir='ltr'><strong>sicut</strong></span> <span class='ocrx_word' id='word_1_44' title='bbox 1267 834 1479 892; x_wconf 88' lang='lat' dir='ltr'><strong>scilicet</strong></span> <span class='ocrx_word' id='word_1_45' title='bbox 1529 834 1599 892; x_wconf 92' lang='lat' dir='ltr'><strong>de</strong></span> <span class='ocrx_word' id='word_1_46' title='bbox 1638 833 1923 908; x_wconf 81' lang='lat' dir='ltr'><strong>principiis</strong></span> <span class='ocrx_word' id='word_1_47' title='bbox 1970 831 2235 905; x_wconf 78' lang='lat' dir='ltr'><strong>subjecti3</strong></span> <span class='ocrx_word' id='word_1_48' title='bbox 2280 829 2559 900; x_wconf 80' lang='lat' dir='ltr'><strong>theologia</strong></span> 
     </span>
     <span class='ocr_line' id='line_1_7' title="bbox 547 918 2558 999; baseline -0.002 -21"><span class='ocrx_word' id='word_1_49' title='bbox 547 937 679 978; x_wconf 79' lang='lat' dir='ltr'><strong>vero</strong></span> <span class='ocrx_word' id='word_1_50' title='bbox 707 938 880 981; x_wconf 81' lang='lat' dir='ltr'><strong>sacrae</strong></span> <span class='ocrx_word' id='word_1_51' title='bbox 915 925 1214 999; x_wconf 80' lang='lat' dir='ltr'><strong>Scripturae</strong></span> <span class='ocrx_word' id='word_1_52' title='bbox 1242 930 1447 982; x_wconf 86' lang='lat' dir='ltr'><strong>tractat</strong></span> <span class='ocrx_word' id='word_1_53' title='bbox 1486 923 1556 979; x_wconf 92' lang='lat' dir='ltr'><strong>de</strong></span> <span class='ocrx_word' id='word_1_54' title='bbox 1597 923 1867 996; x_wconf 86' lang='lat' dir='ltr'><strong>separatis</strong></span> <span class='ocrx_word' id='word_1_55' title='bbox 1896 921 2073 995; x_wconf 87' lang='lat' dir='ltr'><strong>primo</strong></span> <span class='ocrx_word' id='word_1_56' title='bbox 2110 919 2290 987; x_wconf 90' lang='lat' dir='ltr'><strong>modo,</strong></span> <span class='ocrx_word' id='word_1_57' title='bbox 2319 919 2467 975; x_wconf 85' lang='lat' dir='ltr'><strong>sicut</strong></span> <span class='ocrx_word' id='word_1_58' title='bbox 2488 918 2558 973; x_wconf 91' lang='lat' dir='ltr'><strong>de</strong></span> 
     </span>
     <span class='ocr_line' id='line_1_8' title="bbox 547 1007 2557 1086; baseline -0.002 -18"><span class='ocrx_word' id='word_1_59' title='bbox 547 1010 828 1084; x_wconf 80' lang='lat' dir='ltr'><strong>subjectis,</strong></span> <span class='ocrx_word' id='word_1_60' title='bbox 872 1013 1125 1086; x_wconf 83' lang='lat' dir='ltr'><strong>quamvis</strong></span> <span class='ocrx_word' id='word_1_61' title='bbox 1151 1015 1206 1069; x_wconf 90' lang='lat' dir='ltr'><strong>in</strong></span> <span class='ocrx_word' id='word_1_62' title='bbox 1235 1027 1300 1070; x_wconf 90' lang='lat' dir='ltr'><strong>ea</strong></span> <span class='ocrx_word' id='word_1_63' title='bbox 1347 1016 1655 1069; x_wconf 78' lang='lat' dir='ltr'><strong>tractentur</strong></span> <span class='ocrx_word' id='word_1_64' title='bbox 1690 1011 1876 1085; x_wconf 83' lang='lat' dir='ltr'><strong>aliqua</strong></span> <span class='ocrx_word' id='word_1_65' title='bbox 1916 1025 2041 1084; x_wconf 80' lang='lat' dir='ltr'><strong>quae</strong></span> <span class='ocrx_word' id='word_1_66' title='bbox 2068 1009 2281 1066; x_wconf 86' lang='lat' dir='ltr'><strong>suntin</strong></span> <span class='ocrx_word' id='word_1_67' title='bbox 2322 1007 2557 1064; x_wconf 86' lang='lat' dir='ltr'><strong>materia</strong></span> 
     </span>
     <span class='ocr_line' id='line_1_9' title="bbox 549 1097 2556 1175; baseline -0 -19"><span class='ocrx_word' id='word_1_68' title='bbox 549 1105 607 1156; x_wconf 87' lang='lat' dir='ltr'><strong>et</strong></span> <span class='ocrx_word' id='word_1_69' title='bbox 633 1106 802 1170; x_wconf 89' lang='lat' dir='ltr'><strong>motu,</strong></span> <span class='ocrx_word' id='word_1_70' title='bbox 831 1102 1130 1159; x_wconf 89' lang='lat' dir='ltr'><strong>secundum</strong></span> <span class='ocrx_word' id='word_1_71' title='bbox 1160 1101 1310 1174; x_wconf 87' lang='lat' dir='ltr'><strong>quod</strong></span> <span class='ocrx_word' id='word_1_72' title='bbox 1343 1100 1577 1175; x_wconf 81' lang='lat' dir='ltr'><strong>requirit</strong></span> <span class='ocrx_word' id='word_1_73' title='bbox 1603 1115 1787 1157; x_wconf 88' lang='lat' dir='ltr'><strong>rerum</strong></span> <span class='ocrx_word' id='word_1_74' title='bbox 1821 1100 2131 1157; x_wconf 87' lang='lat' dir='ltr'><strong>divinarum</strong></span> <span class='ocrx_word' id='word_1_75' title='bbox 2159 1097 2556 1155; x_wconf 84' lang='lat' dir='ltr'><strong>manifestatio.</strong></span> 
     </span>
    </p>

    <p class='ocr_par' dir='ltr' id='par_1_3' title="bbox 547 1185 2559 1618">
     <span class='ocr_line' id='line_1_10' title="bbox 618 1185 2556 1263; baseline -0.003 -17"><span class='ocrx_word' id='word_1_76' title='bbox 618 1191 704 1246; x_wconf 89' lang='lat' dir='ltr'><strong>Ad</strong></span> <span class='ocrx_word' id='word_1_77' title='bbox 732 1190 967 1263; x_wconf 89' lang='lat' dir='ltr'><strong>primum</strong></span> <span class='ocrx_word' id='word_1_78' title='bbox 1003 1192 1170 1262; x_wconf 88' lang='lat' dir='ltr'><strong>igitur</strong></span> <span class='ocrx_word' id='word_1_79' title='bbox 1196 1189 1508 1260; x_wconf 86' lang='lat' dir='ltr'><strong>dicendum,</strong></span> <span class='ocrx_word' id='word_1_80' title='bbox 1543 1189 1689 1263; x_wconf 92' lang='lat' dir='ltr'><strong>quod</strong></span> <span class='ocrx_word' id='word_1_81' title='bbox 1718 1204 1784 1245; x_wconf 90' lang='lat' dir='ltr'><strong>ea</strong></span> <span class='ocrx_word' id='word_1_82' title='bbox 1823 1203 1949 1262; x_wconf 83' lang='lat' dir='ltr'><strong>quae</strong></span> <span class='ocrx_word' id='word_1_83' title='bbox 1976 1204 2085 1244; x_wconf 90' lang='lat' dir='ltr'><strong>non</strong></span> <span class='ocrx_word' id='word_1_84' title='bbox 2120 1193 2473 1245; x_wconf 83' lang='lat' dir='ltr'><strong>assumuntur</strong></span> <span class='ocrx_word' id='word_1_85' title='bbox 2500 1185 2556 1241; x_wconf 91' lang='lat' dir='ltr'><strong>in</strong></span> 
     </span>
     <span class='ocr_line' id='line_1_11' title="bbox 549 1271 2558 1348; baseline -0.001 -16"><span class='ocrx_word' id='word_1_86' title='bbox 549 1275 780 1332; x_wconf 87' lang='lat' dir='ltr'><strong>scientia</strong></span> <span class='ocrx_word' id='word_1_87' title='bbox 803 1277 907 1333; x_wconf 86' lang='lat' dir='ltr'><strong>nisi</strong></span> <span class='ocrx_word' id='word_1_88' title='bbox 932 1277 1001 1334; x_wconf 88' lang='lat' dir='ltr'><strong>ad</strong></span> <span class='ocrx_word' id='word_1_89' title='bbox 1031 1277 1527 1334; x_wconf 81' lang='lat' dir='ltr'><strong>manifestationem</strong></span> <span class='ocrx_word' id='word_1_90' title='bbox 1554 1275 1807 1343; x_wconf 90' lang='lat' dir='ltr'><strong>aliorum,</strong></span> <span class='ocrx_word' id='word_1_91' title='bbox 1832 1291 1939 1332; x_wconf 91' lang='lat' dir='ltr'><strong>non</strong></span> <span class='ocrx_word' id='word_1_92' title='bbox 1960 1275 2237 1348; x_wconf 86' lang='lat' dir='ltr'><strong>pertinent</strong></span> <span class='ocrx_word' id='word_1_93' title='bbox 2262 1289 2361 1346; x_wconf 91' lang='lat' dir='ltr'><strong>per</strong></span> <span class='ocrx_word' id='word_1_94' title='bbox 2396 1289 2459 1330; x_wconf 87' lang='lat' dir='ltr'><strong>se</strong></span> <span class='ocrx_word' id='word_1_95' title='bbox 2486 1271 2558 1331; x_wconf 84' lang='lat' dir='ltr'><strong>ad</strong></span> 
     </span>
     <span class='ocr_line' id='line_1_12' title="bbox 547 1362 2559 1441; baseline -0 -21"><span class='ocrx_word' id='word_1_96' title='bbox 547 1364 856 1441; x_wconf 84' lang='lat' dir='ltr'><strong>scientiam,</strong></span> <span class='ocrx_word' id='word_1_97' title='bbox 879 1366 977 1422; x_wconf 89' lang='lat' dir='ltr'><strong>sed</strong></span> <span class='ocrx_word' id='word_1_98' title='bbox 1001 1366 1158 1439; x_wconf 86' lang='lat' dir='ltr'><strong>quasi</strong></span> <span class='ocrx_word' id='word_1_99' title='bbox 1184 1383 1280 1439; x_wconf 86' lang='lat' dir='ltr'><strong>per</strong></span> <span class='ocrx_word' id='word_1_100' title='bbox 1308 1367 1585 1424; x_wconf 83' lang='lat' dir='ltr'><strong>accidens.</strong></span> <span class='ocrx_word' id='word_1_101' title='bbox 1608 1363 1699 1424; x_wconf 83' lang='lat' dir='ltr'><strong>Sic</strong></span> <span class='ocrx_word' id='word_1_102' title='bbox 1721 1363 1946 1421; x_wconf 89' lang='lat' dir='ltr'><strong>enimin</strong></span> <span class='ocrx_word' id='word_1_103' title='bbox 1970 1362 2373 1420; x_wconf 76' lang='lat' dir='ltr'><strong>mathematicis</strong></span> <span class='ocrx_word' id='word_1_104' title='bbox 2398 1377 2559 1435; x_wconf 81' lang='lat' dir='ltr'><strong>quae-</strong></span> 
     </span>
     <span class='ocr_line' id='line_1_13' title="bbox 549 1449 2557 1528; baseline -0.002 -19"><span class='ocrx_word' id='word_1_105' title='bbox 549 1452 677 1510; x_wconf 83' lang='lat' dir='ltr'><strong>dam</strong></span> <span class='ocrx_word' id='word_1_106' title='bbox 713 1454 984 1512; x_wconf 88' lang='lat' dir='ltr'><strong>naturalia</strong></span> <span class='ocrx_word' id='word_1_107' title='bbox 1016 1455 1384 1523; x_wconf 77' lang='lat' dir='ltr'><strong>assumuntur,</strong></span> <span class='ocrx_word' id='word_1_108' title='bbox 1418 1460 1475 1512; x_wconf 91' lang='lat' dir='ltr'><strong>et</strong></span> <span class='ocrx_word' id='word_1_109' title='bbox 1501 1469 1600 1528; x_wconf 88' lang='lat' dir='ltr'><strong>per</strong></span> <span class='ocrx_word' id='word_1_110' title='bbox 1626 1453 1771 1511; x_wconf 89' lang='lat' dir='ltr'><strong>hunc</strong></span> <span class='ocrx_word' id='word_1_111' title='bbox 1802 1451 2029 1510; x_wconf 87' lang='lat' dir='ltr'><strong>modum</strong></span> <span class='ocrx_word' id='word_1_112' title='bbox 2055 1451 2189 1507; x_wconf 90' lang='lat' dir='ltr'><strong>nihil</strong></span> <span class='ocrx_word' id='word_1_113' title='bbox 2222 1449 2477 1523; x_wconf 88' lang='lat' dir='ltr'><strong>prohibet</strong></span> <span class='ocrx_word' id='word_1_114' title='bbox 2501 1450 2557 1506; x_wconf 93' lang='lat' dir='ltr'><strong>in</strong></span> 
     </span>
     <span class='ocr_line' id='line_1_14' title="bbox 549 1542 2338 1618; baseline -0.002 -20"><span class='ocrx_word' id='word_1_115' title='bbox 549 1542 780 1602; x_wconf 87' lang='lat' dir='ltr'><strong>scientia</strong></span> <span class='ocrx_word' id='word_1_116' title='bbox 805 1543 988 1604; x_wconf 85' lang='lat' dir='ltr'><strong>divina</strong></span> <span class='ocrx_word' id='word_1_117' title='bbox 1013 1560 1133 1602; x_wconf 88' lang='lat' dir='ltr'><strong>esse</strong></span> <span class='ocrx_word' id='word_1_118' title='bbox 1157 1546 1412 1618; x_wconf 80' lang='lat' dir='ltr'><strong>qu’aedam</strong></span> <span class='ocrx_word' id='word_1_119' title='bbox 1438 1560 1567 1617; x_wconf 73' lang='lat' dir='ltr'><strong>quae</strong></span> <span class='ocrx_word' id='word_1_120' title='bbox 1592 1549 1720 1601; x_wconf 85' lang='lat' dir='ltr'><strong>sunt</strong></span> <span class='ocrx_word' id='word_1_121' title='bbox 1748 1543 1802 1600; x_wconf 88' lang='lat' dir='ltr'><strong>in</strong></span> <span class='ocrx_word' id='word_1_122' title='bbox 1830 1542 2065 1600; x_wconf 87' lang='lat' dir='ltr'><strong>materia</strong></span> <span class='ocrx_word' id='word_1_123' title='bbox 2083 1545 2142 1598; x_wconf 91' lang='lat' dir='ltr'><strong>et</strong></span> <span class='ocrx_word' id='word_1_124' title='bbox 2166 1549 2338 1598; x_wconf 88' lang='lat' dir='ltr'><strong>motu.</strong></span> 
     </span>
    </p>

    <p class='ocr_par' dir='ltr' id='par_1_4' title="bbox 513 1629 2600 3215">
     <span class='ocr_line' id='line_1_15' title="bbox 617 1629 2561 1707; baseline -0.002 -19"><span class='ocrx_word' id='word_1_125' title='bbox 617 1633 703 1689; x_wconf 89' lang='lat' dir='ltr'><strong>Ad</strong></span> <span class='ocrx_word' id='word_1_126' title='bbox 729 1634 1027 1691; x_wconf 86' lang='lat' dir='ltr'><strong>secundum</strong></span> <span class='ocrx_word' id='word_1_127' title='bbox 1053 1634 1364 1702; x_wconf 88' lang='lat' dir='ltr'><strong>dicendum,</strong></span> <span class='ocrx_word' id='word_1_128' title='bbox 1391 1633 1538 1707; x_wconf 90' lang='lat' dir='ltr'><strong>quod</strong></span> <span class='ocrx_word' id='word_1_129' title='bbox 1567 1632 1775 1690; x_wconf 85' lang='lat' dir='ltr'><strong>moveri</strong></span> <span class='ocrx_word' id='word_1_130' title='bbox 1802 1633 1915 1689; x_wconf 89' lang='lat' dir='ltr'><strong>Deo</strong></span> <span class='ocrx_word' id='word_1_131' title='bbox 1939 1645 2050 1688; x_wconf 87' lang='lat' dir='ltr'><strong>non</strong></span> <span class='ocrx_word' id='word_1_132' title='bbox 2078 1629 2399 1688; x_wconf 83' lang='lat' dir='ltr'><strong>attribuitur</strong></span> <span class='ocrx_word' id='word_1_133' title='bbox 2426 1643 2561 1704; x_wconf 62' lang='lat' dir='ltr'><strong>pro-</strong></span> 
     </span>
     <span class='ocr_line' id='line_1_16' title="bbox 550 1718 2558 1795; baseline -0.002 -19"><span class='ocrx_word' id='word_1_134' title='bbox 550 1721 688 1794; x_wconf 89' lang='lat' dir='ltr'><strong>prie,</strong></span> <span class='ocrx_word' id='word_1_135' title='bbox 721 1721 817 1778; x_wconf 88' lang='lat' dir='ltr'><strong>sed</strong></span> <span class='ocrx_word' id='word_1_136' title='bbox 846 1721 1233 1795; x_wconf 72' lang='lat' dir='ltr'><strong>metaphorice,</strong></span> <span class='ocrx_word' id='word_1_137' title='bbox 1281 1728 1338 1779; x_wconf 86' lang='lat' dir='ltr'><strong>et</strong></span> <span class='ocrx_word' id='word_1_138' title='bbox 1376 1720 1483 1778; x_wconf 92' lang='lat' dir='ltr'><strong>hoc</strong></span> <span class='ocrx_word' id='word_1_139' title='bbox 1520 1721 1829 1795; x_wconf 84' lang='lat' dir='ltr'><strong>dupliciter.</strong></span> <span class='ocrx_word' id='word_1_140' title='bbox 1871 1721 1991 1778; x_wconf 87' lang='lat' dir='ltr'><strong>Uno</strong></span> <span class='ocrx_word' id='word_1_141' title='bbox 2029 1718 2209 1786; x_wconf 91' lang='lat' dir='ltr'><strong>modo,</strong></span> <span class='ocrx_word' id='word_1_142' title='bbox 2256 1718 2558 1774; x_wconf 87' lang='lat' dir='ltr'><strong>secundum</strong></span> 
     </span>
     <span class='ocr_line' id='line_1_17' title="bbox 550 1806 2553 1884; baseline -0.002 -20"><span class='ocrx_word' id='word_1_143' title='bbox 550 1809 696 1882; x_wconf 80' lang='lat' dir='ltr'><strong>qued</strong></span> <span class='ocrx_word' id='word_1_144' title='bbox 731 1809 1027 1883; x_wconf 87' lang='lat' dir='ltr'><strong>improprie</strong></span> <span class='ocrx_word' id='word_1_145' title='bbox 1055 1811 1300 1884; x_wconf 83' lang='lat' dir='ltr'><strong>operatio</strong></span> <span class='ocrx_word' id='word_1_146' title='bbox 1327 1809 1658 1878; x_wconf 76' lang='lat' dir='ltr'><strong>intellectae,</strong></span> <span class='ocrx_word' id='word_1_147' title='bbox 1684 1809 1773 1868; x_wconf 81' lang='lat' dir='ltr'><strong>vel</strong></span> <span class='ocrx_word' id='word_1_148' title='bbox 1796 1809 2092 1868; x_wconf 83' lang='lat' dir='ltr'><strong>voluntatis</strong></span> <span class='ocrx_word' id='word_1_149' title='bbox 2119 1813 2303 1864; x_wconf 89' lang='lat' dir='ltr'><strong>motus</strong></span> <span class='ocrx_word' id='word_1_150' title='bbox 2330 1806 2553 1873; x_wconf 88' lang='lat' dir='ltr'><strong>dicitur,</strong></span> 
     </span>
     <span class='ocr_line' id='line_1_18' title="bbox 550 1895 2559 1973; baseline -0.001 -19"><span class='ocrx_word' id='word_1_151' title='bbox 550 1906 608 1954; x_wconf 90' lang='lat' dir='ltr'><strong>et</strong></span> <span class='ocrx_word' id='word_1_152' title='bbox 631 1899 931 1956; x_wconf 89' lang='lat' dir='ltr'><strong>secundum</strong></span> <span class='ocrx_word' id='word_1_153' title='bbox 955 1899 1057 1956; x_wconf 85' lang='lat' dir='ltr'><strong>hoc</strong></span> <span class='ocrx_word' id='word_1_154' title='bbox 1079 1895 1282 1957; x_wconf 87' lang='lat' dir='ltr'><strong>dicitur</strong></span> <span class='ocrx_word' id='word_1_155' title='bbox 1305 1900 1507 1972; x_wconf 81' lang='lat' dir='ltr'><strong>aliquis</strong></span> <span class='ocrx_word' id='word_1_156' title='bbox 1528 1916 1747 1959; x_wconf 88' lang='lat' dir='ltr'><strong>movere</strong></span> <span class='ocrx_word' id='word_1_157' title='bbox 1768 1901 2027 1973; x_wconf 87' lang='lat' dir='ltr'><strong>seipsum,</strong></span> <span class='ocrx_word' id='word_1_158' title='bbox 2056 1897 2274 1970; x_wconf 87' lang='lat' dir='ltr'><strong>quando</strong></span> <span class='ocrx_word' id='word_1_159' title='bbox 2300 1895 2559 1967; x_wconf 87' lang='lat' dir='ltr'><strong>intelligit</strong></span> 
     </span>
     <span class='ocr_line' id='line_1_19' title="bbox 552 1985 2555 2062; baseline -0.001 -19"><span class='ocrx_word' id='word_1_160' title='bbox 552 1992 608 2043; x_wconf 89' lang='lat' dir='ltr'><strong>et</strong></span> <span class='ocrx_word' id='word_1_161' title='bbox 633 1985 811 2059; x_wconf 85' lang='lat' dir='ltr'><strong>diligit</strong></span> <span class='ocrx_word' id='word_1_162' title='bbox 829 2003 908 2043; x_wconf 90' lang='lat' dir='ltr'><strong>se.</strong></span> <span class='ocrx_word' id='word_1_163' title='bbox 933 1988 1002 2044; x_wconf 90' lang='lat' dir='ltr'><strong>Et</strong></span> <span class='ocrx_word' id='word_1_164' title='bbox 1029 2001 1128 2062; x_wconf 81' lang='lat' dir='ltr'><strong>per</strong></span> <span class='ocrx_word' id='word_1_165' title='bbox 1149 1989 1293 2046; x_wconf 88' lang='lat' dir='ltr'><strong>hunc</strong></span> <span class='ocrx_word' id='word_1_166' title='bbox 1317 1989 1543 2046; x_wconf 90' lang='lat' dir='ltr'><strong>modum</strong></span> <span class='ocrx_word' id='word_1_167' title='bbox 1562 1994 1744 2062; x_wconf 89' lang='lat' dir='ltr'><strong>potest</strong></span> <span class='ocrx_word' id='word_1_168' title='bbox 1762 1988 2035 2046; x_wconf 82' lang='lat' dir='ltr'><strong>verificari</strong></span> <span class='ocrx_word' id='word_1_169' title='bbox 2054 1987 2263 2045; x_wconf 87' lang='lat' dir='ltr'><strong>dictum</strong></span> <span class='ocrx_word' id='word_1_170' title='bbox 2290 1985 2555 2052; x_wconf 80' lang='lat' dir='ltr'><strong>PlatoniS,</strong></span> 
     </span>
     <span class='ocr_line' id='line_1_20' title="bbox 552 2073 2559 2152; baseline -0 -22"><span class='ocrx_word' id='word_1_171' title='bbox 552 2077 646 2148; x_wconf 89' lang='lat' dir='ltr'><strong>qui</strong></span> <span class='ocrx_word' id='word_1_172' title='bbox 681 2076 816 2132; x_wconf 87' lang='lat' dir='ltr'><strong>dicit</strong></span> <span class='ocrx_word' id='word_1_173' title='bbox 851 2076 998 2149; x_wconf 87' lang='lat' dir='ltr'><strong>quod</strong></span> <span class='ocrx_word' id='word_1_174' title='bbox 1025 2079 1233 2152; x_wconf 87' lang='lat' dir='ltr'><strong>primus</strong></span> <span class='ocrx_word' id='word_1_175' title='bbox 1263 2085 1441 2138; x_wconf 88' lang='lat' dir='ltr'><strong>motor</strong></span> <span class='ocrx_word' id='word_1_176' title='bbox 1466 2085 1649 2136; x_wconf 86' lang='lat' dir='ltr'><strong>movet</strong></span> <span class='ocrx_word' id='word_1_177' title='bbox 1676 2079 1935 2152; x_wconf 87' lang='lat' dir='ltr'><strong>seipsum,</strong></span> <span class='ocrx_word' id='word_1_178' title='bbox 1975 2076 2107 2150; x_wconf 87' lang='lat' dir='ltr'><strong>quia</strong></span> <span class='ocrx_word' id='word_1_179' title='bbox 2140 2074 2355 2132; x_wconf 87' lang='lat' dir='ltr'><strong>scilicet</strong></span> <span class='ocrx_word' id='word_1_180' title='bbox 2388 2073 2559 2132; x_wconf 87' lang='lat' dir='ltr'><strong>intel-</strong></span> 
     </span>
     <span class='ocr_line' id='line_1_21' title="bbox 554 2162 2555 2250; baseline 0 -32"><span class='ocrx_word' id='word_1_181' title='bbox 554 2163 673 2235; x_wconf 86' lang='lat' dir='ltr'><strong>ligit</strong></span> <span class='ocrx_word' id='word_1_182' title='bbox 703 2169 762 2220; x_wconf 89' lang='lat' dir='ltr'><strong>et</strong></span> <span class='ocrx_word' id='word_1_183' title='bbox 781 2165 960 2238; x_wconf 85' lang='lat' dir='ltr'><strong>diligit</strong></span> <span class='ocrx_word' id='word_1_184' title='bbox 980 2182 1058 2236; x_wconf 87' lang='lat' dir='ltr'><strong>se,</strong></span> <span class='ocrx_word' id='word_1_185' title='bbox 1088 2174 1150 2224; x_wconf 91' lang='lat' dir='ltr'><strong>ut</strong></span> <span class='ocrx_word' id='word_1_186' title='bbox 1177 2170 1587 2226; x_wconf 82' lang='lat' dir='ltr'><strong>commentator</strong></span> <span class='ocrx_word' id='word_1_187' title='bbox 1608 2167 1815 2224; x_wconf 87' lang='lat' dir='ltr'><strong>dicitin</strong></span> <span class='ocrx_word' id='word_1_188' title='bbox 1838 2181 1951 2224; x_wconf 79' lang='lat' dir='ltr'><strong>vm</strong></span> <span class='ocrx_word' id='word_1_189' title='bbox 1972 2165 2191 2250; x_wconf 80' lang='lat' dir='ltr'><strong>Physic.</strong></span> <span class='ocrx_word' id='word_1_190' title='bbox 2216 2162 2341 2220; x_wconf 88' lang='lat' dir='ltr'><strong>Alio</strong></span> <span class='ocrx_word' id='word_1_191' title='bbox 2369 2163 2555 2240; x_wconf 85' lang='lat' dir='ltr'><strong>modo,</strong></span> 
     </span>
     <span class='ocr_line' id='line_1_22' title="bbox 551 2252 2563 2331; baseline 0.001 -24"><span class='ocrx_word' id='word_1_192' title='bbox 551 2252 851 2310; x_wconf 87' lang='lat' dir='ltr'><strong>secundum</strong></span> <span class='ocrx_word' id='word_1_193' title='bbox 893 2257 1040 2328; x_wconf 91' lang='lat' dir='ltr'><strong>quod</strong></span> <span class='ocrx_word' id='word_1_194' title='bbox 1080 2257 1197 2331; x_wconf 84' lang='lat' dir='ltr'><strong>ipse</strong></span> <span class='ocrx_word' id='word_1_195' title='bbox 1232 2257 1465 2314; x_wconf 83' lang='lat' dir='ltr'><strong>effluxus</strong></span> <span class='ocrx_word' id='word_1_196' title='bbox 1506 2266 1856 2316; x_wconf 87' lang='lat' dir='ltr'><strong>causatorum</strong></span> <span class='ocrx_word' id='word_1_197' title='bbox 1881 2271 1913 2313; x_wconf 84' lang='lat' dir='ltr'><strong>a</strong></span> <span class='ocrx_word' id='word_1_198' title='bbox 1932 2254 2123 2329; x_wconf 90' lang='lat' dir='ltr'><strong>primis</strong></span> <span class='ocrx_word' id='word_1_199' title='bbox 2155 2253 2348 2311; x_wconf 66' lang='lat' dir='ltr'><strong>causis</strong></span> <span class='ocrx_word' id='word_1_200' title='bbox 2375 2259 2563 2324; x_wconf 86' lang='lat' dir='ltr'><strong>potest</strong></span> 
     </span>
     <span class='ocr_line' id='line_1_23' title="bbox 551 2340 2561 2419; baseline 0 -24"><span class='ocrx_word' id='word_1_201' title='bbox 551 2340 818 2399; x_wconf 80' lang='lat' dir='ltr'><strong>nominari</strong></span> <span class='ocrx_word' id='word_1_202' title='bbox 863 2345 1154 2416; x_wconf 83' lang='lat' dir='ltr'><strong>processio,</strong></span> <span class='ocrx_word' id='word_1_203' title='bbox 1199 2346 1316 2404; x_wconf 86' lang='lat' dir='ltr'><strong>eive</strong></span> <span class='ocrx_word' id='word_1_204' title='bbox 1355 2355 1539 2404; x_wconf 88' lang='lat' dir='ltr'><strong>motus</strong></span> <span class='ocrx_word' id='word_1_205' title='bbox 1578 2346 1803 2419; x_wconf 85' lang='lat' dir='ltr'><strong>quidam</strong></span> <span class='ocrx_word' id='word_1_206' title='bbox 1842 2359 2027 2403; x_wconf 80' lang='lat' dir='ltr'><strong>causae</strong></span> <span class='ocrx_word' id='word_1_207' title='bbox 2067 2345 2123 2399; x_wconf 91' lang='lat' dir='ltr'><strong>in</strong></span> <span class='ocrx_word' id='word_1_208' title='bbox 2159 2351 2471 2409; x_wconf 84' lang='lat' dir='ltr'><strong>causatum,</strong></span> <span class='ocrx_word' id='word_1_209' title='bbox 2501 2343 2561 2397; x_wconf 88' lang='lat' dir='ltr'><strong>in</strong></span> 
     </span>
     <span class='ocr_line' id='line_1_24' title="bbox 553 2431 2600 2508; baseline 0 -22"><span class='ocrx_word' id='word_1_210' title='bbox 553 2440 817 2503; x_wconf 85' lang='lat' dir='ltr'><strong>quantum</strong></span> <span class='ocrx_word' id='word_1_211' title='bbox 842 2433 898 2489; x_wconf 90' lang='lat' dir='ltr'><strong>in</strong></span> <span class='ocrx_word' id='word_1_212' title='bbox 926 2434 1042 2508; x_wconf 87' lang='lat' dir='ltr'><strong>ipso</strong></span> <span class='ocrx_word' id='word_1_213' title='bbox 1069 2436 1268 2493; x_wconf 83' lang='lat' dir='ltr'><strong>effectu</strong></span> <span class='ocrx_word' id='word_1_214' title='bbox 1295 2435 1625 2508; x_wconf 87' lang='lat' dir='ltr'><strong>relinquitur</strong></span> <span class='ocrx_word' id='word_1_215' title='bbox 1647 2433 1948 2491; x_wconf 87' lang='lat' dir='ltr'><strong>similitudo</strong></span> <span class='ocrx_word' id='word_1_216' title='bbox 1970 2433 2172 2500; x_wconf 78' lang='lat' dir='ltr'><strong>causae,</strong></span> <span class='ocrx_word' id='word_1_217' title='bbox 2199 2438 2257 2488; x_wconf 89' lang='lat' dir='ltr'><strong>et</strong></span> <span class='ocrx_word' id='word_1_218' title='bbox 2279 2431 2362 2488; x_wconf 85' lang='lat' dir='ltr'><strong>sio</strong></span> <span class='ocrx_word' id='word_1_219' title='bbox 2389 2445 2562 2488; x_wconf 83' lang='lat' dir='ltr'><strong>causa</strong></span> <span class='ocrx_word' id='word_1_220' title='bbox 2584 2471 2600 2478; x_wconf 75' lang='lat'><em>-</em></span> 
     </span>
     <span class='ocr_line' id='line_1_25' title="bbox 552 2518 2565 2597; baseline 0.002 -23"><span class='ocrx_word' id='word_1_221' title='bbox 552 2536 678 2593; x_wconf 82' lang='lat' dir='ltr'><strong>qnae</strong></span> <span class='ocrx_word' id='word_1_222' title='bbox 707 2523 859 2594; x_wconf 89' lang='lat' dir='ltr'><strong>prius</strong></span> <span class='ocrx_word' id='word_1_223' title='bbox 885 2530 1005 2581; x_wconf 87' lang='lat' dir='ltr'><strong>erat</strong></span> <span class='ocrx_word' id='word_1_224' title='bbox 1037 2526 1092 2580; x_wconf 90' lang='lat' dir='ltr'><strong>in</strong></span> <span class='ocrx_word' id='word_1_225' title='bbox 1121 2525 1319 2597; x_wconf 87' lang='lat' dir='ltr'><strong>seipsa,</strong></span> <span class='ocrx_word' id='word_1_226' title='bbox 1346 2524 1694 2597; x_wconf 88' lang='lat' dir='ltr'><strong>postmodum</strong></span> <span class='ocrx_word' id='word_1_227' title='bbox 1723 2523 1787 2579; x_wconf 85' lang='lat' dir='ltr'><strong>fit</strong></span> <span class='ocrx_word' id='word_1_228' title='bbox 1810 2523 1868 2580; x_wconf 89' lang='lat' dir='ltr'><strong>in</strong></span> <span class='ocrx_word' id='word_1_229' title='bbox 1891 2523 2089 2579; x_wconf 82' lang='lat' dir='ltr'><strong>effectu</strong></span> <span class='ocrx_word' id='word_1_230' title='bbox 2112 2536 2211 2594; x_wconf 86' lang='lat' dir='ltr'><strong>per</strong></span> <span class='ocrx_word' id='word_1_231' title='bbox 2236 2518 2565 2578; x_wconf 82' lang='lat' dir='ltr'><strong>similitudi-</strong></span> 
     </span>
     <span class='ocr_line' id='line_1_26' title="bbox 553 2607 2563 2685; baseline 0 -21"><span class='ocrx_word' id='word_1_232' title='bbox 553 2624 678 2667; x_wconf 89' lang='lat' dir='ltr'><strong>nem</strong></span> <span class='ocrx_word' id='word_1_233' title='bbox 705 2625 882 2668; x_wconf 89' lang='lat' dir='ltr'><strong>suam.</strong></span> <span class='ocrx_word' id='word_1_234' title='bbox 909 2612 979 2667; x_wconf 91' lang='lat' dir='ltr'><strong>Et</strong></span> <span class='ocrx_word' id='word_1_235' title='bbox 1000 2613 1102 2669; x_wconf 90' lang='lat' dir='ltr'><strong>hoc</strong></span> <span class='ocrx_word' id='word_1_236' title='bbox 1129 2613 1289 2669; x_wconf 92' lang='lat' dir='ltr'><strong>modo</strong></span> <span class='ocrx_word' id='word_1_237' title='bbox 1313 2613 1464 2668; x_wconf 89' lang='lat' dir='ltr'><strong>Deus</strong></span> <span class='ocrx_word' id='word_1_238' title='bbox 1487 2613 1581 2685; x_wconf 89' lang='lat' dir='ltr'><strong>qui</strong></span> <span class='ocrx_word' id='word_1_239' title='bbox 1606 2627 1761 2669; x_wconf 87' lang='lat' dir='ltr'><strong>suam</strong></span> <span class='ocrx_word' id='word_1_240' title='bbox 1784 2611 2196 2668; x_wconf 88' lang='lat' dir='ltr'><strong>similitudinem</strong></span> <span class='ocrx_word' id='word_1_241' title='bbox 2224 2609 2283 2664; x_wconf 90' lang='lat' dir='ltr'><strong>in</strong></span> <span class='ocrx_word' id='word_1_242' title='bbox 2304 2607 2563 2664; x_wconf 88' lang='lat' dir='ltr'><strong>omnibus</strong></span> 
     </span>
     <span class='ocr_line' id='line_1_27' title="bbox 513 2698 2557 2774; baseline 0 -22"><span class='ocrx_word' id='word_1_243' title='bbox 513 2727 520 2730; x_wconf 94' lang='lat'>-</span> <span class='ocrx_word' id='word_1_244' title='bbox 551 2698 820 2754; x_wconf 86' lang='lat' dir='ltr'><strong>creaturis</strong></span> <span class='ocrx_word' id='word_1_245' title='bbox 847 2699 1160 2770; x_wconf 86' lang='lat' dir='ltr'><strong>impartitus</strong></span> <span class='ocrx_word' id='word_1_246' title='bbox 1195 2705 1299 2768; x_wconf 86' lang='lat' dir='ltr'><strong>est,</strong></span> <span class='ocrx_word' id='word_1_247' title='bbox 1329 2705 1599 2773; x_wconf 86' lang='lat' dir='ltr'><strong>qnantum</strong></span> <span class='ocrx_word' id='word_1_248' title='bbox 1635 2701 1705 2757; x_wconf 83' lang='lat' dir='ltr'><strong>ad</strong></span> <span class='ocrx_word' id='word_1_249' title='bbox 1740 2700 1947 2774; x_wconf 87' lang='lat' dir='ltr'><strong>aliquid</strong></span> <span class='ocrx_word' id='word_1_250' title='bbox 1978 2715 2074 2772; x_wconf 88' lang='lat' dir='ltr'><strong>per</strong></span> <span class='ocrx_word' id='word_1_251' title='bbox 2103 2698 2285 2755; x_wconf 89' lang='lat' dir='ltr'><strong>omnia</strong></span> <span class='ocrx_word' id='word_1_252' title='bbox 2326 2698 2557 2764; x_wconf 88' lang='lat' dir='ltr'><strong>moveri,</strong></span> 
     </span>
     <span class='ocr_line' id='line_1_28' title="bbox 551 2784 2563 2864; baseline 0 -24"><span class='ocrx_word' id='word_1_253' title='bbox 551 2784 639 2840; x_wconf 84' lang='lat' dir='ltr'><strong>vel</strong></span> <span class='ocrx_word' id='word_1_254' title='bbox 676 2785 746 2840; x_wconf 90' lang='lat' dir='ltr'><strong>ad</strong></span> <span class='ocrx_word' id='word_1_255' title='bbox 776 2786 957 2842; x_wconf 88' lang='lat' dir='ltr'><strong>omnia</strong></span> <span class='ocrx_word' id='word_1_256' title='bbox 994 2789 1288 2858; x_wconf 89' lang='lat' dir='ltr'><strong>procedere</strong></span> <span class='ocrx_word' id='word_1_257' title='bbox 1325 2789 1545 2858; x_wconf 88' lang='lat' dir='ltr'><strong>dicitur,</strong></span> <span class='ocrx_word' id='word_1_258' title='bbox 1579 2805 1687 2864; x_wconf 90' lang='lat' dir='ltr'><strong>quo</strong></span> <span class='ocrx_word' id='word_1_259' title='bbox 1732 2790 1895 2846; x_wconf 91' lang='lat' dir='ltr'><strong>modo</strong></span> <span class='ocrx_word' id='word_1_260' title='bbox 1941 2786 2201 2861; x_wconf 87' lang='lat' dir='ltr'><strong>loquendi</strong></span> <span class='ocrx_word' id='word_1_261' title='bbox 2228 2787 2405 2843; x_wconf 85' lang='lat' dir='ltr'><strong>utitur</strong></span> <span class='ocrx_word' id='word_1_262' title='bbox 2444 2786 2563 2842; x_wconf 87' lang='lat' dir='ltr'><strong>fre-</strong></span> 
     </span>
     <span class='ocr_line' id='line_1_29' title="bbox 553 2874 2565 2948; baseline 0.001 -20"><span class='ocrx_word' id='word_1_263' title='bbox 553 2878 784 2945; x_wconf 88' lang='lat' dir='ltr'><strong>quenter</strong></span> <span class='ocrx_word' id='word_1_264' title='bbox 817 2874 1018 2948; x_wconf 81' lang='lat' dir='ltr'><strong>Diony.</strong></span> <span class='ocrx_word' id='word_1_265' title='bbox 1059 2876 1127 2931; x_wconf 85' lang='lat' dir='ltr'><strong>Et</strong></span> <span class='ocrx_word' id='word_1_266' title='bbox 1153 2877 1457 2934; x_wconf 86' lang='lat' dir='ltr'><strong>secundum</strong></span> <span class='ocrx_word' id='word_1_267' title='bbox 1487 2878 1631 2936; x_wconf 91' lang='lat' dir='ltr'><strong>hunc</strong></span> <span class='ocrx_word' id='word_1_268' title='bbox 1652 2878 1873 2935; x_wconf 87' lang='lat' dir='ltr'><strong>modum</strong></span> <span class='ocrx_word' id='word_1_269' title='bbox 1908 2877 2125 2934; x_wconf 84' lang='lat' dir='ltr'><strong>videtur</strong></span> <span class='ocrx_word' id='word_1_270' title='bbox 2150 2875 2387 2947; x_wconf 58' lang='lat' dir='ltr'><strong>intelligi*</strong></span> <span class='ocrx_word' id='word_1_271' title='bbox 2411 2875 2565 2948; x_wconf 84' lang='lat' dir='ltr'><strong>quod</strong></span> 
     </span>
     <span class='ocr_line' id='line_1_30' title="bbox 553 2962 2559 3043; baseline 0 -25"><span class='ocrx_word' id='word_1_272' title='bbox 553 2962 755 3018; x_wconf 86' lang='lat' dir='ltr'><strong>dicitur</strong></span> <span class='ocrx_word' id='word_1_273' title='bbox 781 2963 910 3036; x_wconf 90' lang='lat' dir='ltr'><strong>Sap.</strong></span> <span class='ocrx_word' id='word_1_274' title='bbox 947 2977 1051 3020; x_wconf 85' lang='lat' dir='ltr'><strong>vn.</strong></span> <span class='ocrx_word' id='word_1_275' title='bbox 1087 2965 1234 3038; x_wconf 85' lang='lat' dir='ltr'><strong>quod</strong></span> <span class='ocrx_word' id='word_1_276' title='bbox 1267 2967 1520 3023; x_wconf 87' lang='lat' dir='ltr'><strong>omnibus</strong></span> <span class='ocrx_word' id='word_1_277' title='bbox 1547 2967 1837 3023; x_wconf 87' lang='lat' dir='ltr'><strong>mobilibus</strong></span> <span class='ocrx_word' id='word_1_278' title='bbox 1872 2965 2123 3022; x_wconf 90' lang='lat' dir='ltr'><strong>mobilior</strong></span> <span class='ocrx_word' id='word_1_279' title='bbox 2146 2971 2235 3043; x_wconf 84' lang='lat' dir='ltr'><strong>est</strong></span> <span class='ocrx_word' id='word_1_280' title='bbox 2261 2964 2559 3036; x_wconf 83' lang='lat' dir='ltr'><strong>sapientia,</strong></span> 
     </span>
     <span class='ocr_line' id='line_1_31' title="bbox 553 3039 2565 3128; baseline 0 -22"><span class='ocrx_word' id='word_1_281' title='bbox 553 3056 608 3106; x_wconf 87' lang='lat' dir='ltr'><strong>et</strong></span> <span class='ocrx_word' id='word_1_282' title='bbox 637 3050 783 3124; x_wconf 90' lang='lat' dir='ltr'><strong>quod</strong></span> <span class='ocrx_word' id='word_1_283' title='bbox 807 3051 1030 3124; x_wconf 88' lang='lat' dir='ltr'><strong>attingit</strong></span> <span class='ocrx_word' id='word_1_284' title='bbox 1057 3069 1089 3109; x_wconf 89' lang='lat' dir='ltr'><strong>a</strong></span> <span class='ocrx_word' id='word_1_285' title='bbox 1112 3053 1220 3110; x_wconf 86' lang='lat' dir='ltr'><strong>fine</strong></span> <span class='ocrx_word' id='word_1_286' title='bbox 1241 3069 1417 3128; x_wconf 85' lang='lat' dir='ltr'><strong>usque</strong></span> <span class='ocrx_word' id='word_1_287' title='bbox 1440 3055 1510 3112; x_wconf 88' lang='lat' dir='ltr'><strong>ad</strong></span> <span class='ocrx_word' id='word_1_288' title='bbox 1533 3055 1716 3112; x_wconf 86' lang='lat' dir='ltr'><strong>finem.</strong></span> <span class='ocrx_word' id='word_1_289' title='bbox 1738 3057 1864 3111; x_wconf 79' lang='lat' dir='ltr'><strong>Hoc</strong></span> <span class='ocrx_word' id='word_1_290' title='bbox 1888 3059 2072 3111; x_wconf 89' lang='lat' dir='ltr'><strong>autem</strong></span> <span class='ocrx_word' id='word_1_291' title='bbox 2098 3069 2201 3110; x_wconf 90' lang='lat' dir='ltr'><strong>non</strong></span> <span class='ocrx_word' id='word_1_292' title='bbox 2230 3058 2316 3109; x_wconf 89' lang='lat' dir='ltr'><strong>est</strong></span> <span class='ocrx_word' id='word_1_293' title='bbox 2340 3039 2565 3126; x_wconf 84' lang='lat' dir='ltr'><strong>propri&#39;e</strong></span> 
     </span>
     <span class='ocr_line' id='line_1_32' title="bbox 551 3141 1608 3215; baseline 0.005 -20"><span class='ocrx_word' id='word_1_294' title='bbox 551 3141 779 3208; x_wconf 84' lang='lat' dir='ltr'><strong>moveri,</strong></span> <span class='ocrx_word' id='word_1_295' title='bbox 807 3145 862 3196; x_wconf 91' lang='lat' dir='ltr'><strong>et</strong></span> <span class='ocrx_word' id='word_1_296' title='bbox 890 3141 1012 3197; x_wconf 87' lang='lat' dir='ltr'><strong>ideo</strong></span> <span class='ocrx_word' id='word_1_297' title='bbox 1040 3143 1182 3198; x_wconf 80' lang='lat' dir='ltr'><strong>ratio</strong></span> <span class='ocrx_word' id='word_1_298' title='bbox 1206 3157 1315 3198; x_wconf 86' lang='lat' dir='ltr'><strong>non</strong></span> <span class='ocrx_word' id='word_1_299' title='bbox 1339 3143 1608 3215; x_wconf 87' lang='lat' dir='ltr'><strong>sequitur.</strong></span> 
     </span>
    </p>

    <p class='ocr_par' dir='ltr' id='par_1_5' title="bbox 545 3219 2573 4018">
     <span class='ocr_line' id='line_1_33' title="bbox 621 3219 2563 3305; baseline 0.001 -21"><span class='ocrx_word' id='word_1_300' title='bbox 621 3227 704 3284; x_wconf 92' lang='lat' dir='ltr'><strong>Ad</strong></span> <span class='ocrx_word' id='word_1_301' title='bbox 731 3219 954 3284; x_wconf 85' lang='lat' dir='ltr'><strong>tertium</strong></span> <span class='ocrx_word' id='word_1_302' title='bbox 991 3229 1300 3296; x_wconf 81' lang='lat' dir='ltr'><strong>dicendum,</strong></span> <span class='ocrx_word' id='word_1_303' title='bbox 1333 3232 1483 3304; x_wconf 85' lang='lat' dir='ltr'><strong>quod</strong></span> <span class='ocrx_word' id='word_1_304' title='bbox 1508 3231 1737 3288; x_wconf 86' lang='lat' dir='ltr'><strong>scientia</strong></span> <span class='ocrx_word' id='word_1_305' title='bbox 1770 3232 1953 3291; x_wconf 80' lang='lat' dir='ltr'><strong>divina</strong></span> <span class='ocrx_word' id='word_1_306' title='bbox 1993 3247 2120 3305; x_wconf 86' lang='lat' dir='ltr'><strong>quae</strong></span> <span class='ocrx_word' id='word_1_307' title='bbox 2147 3237 2230 3288; x_wconf 88' lang='lat' dir='ltr'><strong>est</strong></span> <span class='ocrx_word' id='word_1_308' title='bbox 2257 3247 2359 3305; x_wconf 90' lang='lat' dir='ltr'><strong>per</strong></span> <span class='ocrx_word' id='word_1_309' title='bbox 2382 3229 2563 3302; x_wconf 86' lang='lat' dir='ltr'><strong>inspi-</strong></span> 
     </span>
     <span class='ocr_line' id='line_1_34' title="bbox 552 3317 2562 3394; baseline 0 -22"><span class='ocrx_word' id='word_1_310' title='bbox 552 3317 820 3372; x_wconf 86' lang='lat' dir='ltr'><strong>rationem</strong></span> <span class='ocrx_word' id='word_1_311' title='bbox 847 3317 1088 3374; x_wconf 85' lang='lat' dir='ltr'><strong>divinam</strong></span> <span class='ocrx_word' id='word_1_312' title='bbox 1120 3325 1365 3392; x_wconf 83' lang='lat' dir='ltr'><strong>accepta,</strong></span> <span class='ocrx_word' id='word_1_313' title='bbox 1398 3335 1505 3375; x_wconf 90' lang='lat' dir='ltr'><strong>non</strong></span> <span class='ocrx_word' id='word_1_314' title='bbox 1537 3327 1621 3376; x_wconf 92' lang='lat' dir='ltr'><strong>est</strong></span> <span class='ocrx_word' id='word_1_315' title='bbox 1650 3320 1718 3376; x_wconf 90' lang='lat' dir='ltr'><strong>de</strong></span> <span class='ocrx_word' id='word_1_316' title='bbox 1753 3321 1974 3394; x_wconf 87' lang='lat' dir='ltr'><strong>Angelis</strong></span> <span class='ocrx_word' id='word_1_317' title='bbox 2016 3321 2160 3377; x_wconf 85' lang='lat' dir='ltr'><strong>sicut</strong></span> <span class='ocrx_word' id='word_1_318' title='bbox 2186 3321 2255 3377; x_wconf 92' lang='lat' dir='ltr'><strong>de</strong></span> <span class='ocrx_word' id='word_1_319' title='bbox 2286 3319 2562 3391; x_wconf 86' lang='lat' dir='ltr'><strong>subjecto,</strong></span> 
     </span>
     <span class='ocr_line' id='line_1_35' title="bbox 551 3402 2569 3482; baseline 0.001 -21"><span class='ocrx_word' id='word_1_320' title='bbox 551 3404 648 3461; x_wconf 90' lang='lat' dir='ltr'><strong>sed</strong></span> <span class='ocrx_word' id='word_1_321' title='bbox 677 3404 852 3461; x_wconf 90' lang='lat' dir='ltr'><strong>solum</strong></span> <span class='ocrx_word' id='word_1_322' title='bbox 876 3405 1017 3462; x_wconf 88' lang='lat' dir='ltr'><strong>sicut</strong></span> <span class='ocrx_word' id='word_1_323' title='bbox 1044 3402 1114 3463; x_wconf 80' lang='lat' dir='ltr'><strong>de</strong></span> <span class='ocrx_word' id='word_1_324' title='bbox 1145 3408 1234 3464; x_wconf 86' lang='lat' dir='ltr'><strong>his</strong></span> <span class='ocrx_word' id='word_1_325' title='bbox 1262 3423 1386 3482; x_wconf 85' lang='lat' dir='ltr'><strong>quae</strong></span> <span class='ocrx_word' id='word_1_326' title='bbox 1416 3416 1766 3464; x_wconf 88' lang='lat' dir='ltr'><strong>assumuntur</strong></span> <span class='ocrx_word' id='word_1_327' title='bbox 1792 3410 1863 3466; x_wconf 84' lang='lat' dir='ltr'><strong>ad</strong></span> <span class='ocrx_word' id='word_1_328' title='bbox 1892 3409 2391 3466; x_wconf 84' lang='lat' dir='ltr'><strong>manifestationem</strong></span> <span class='ocrx_word' id='word_1_329' title='bbox 2422 3407 2569 3464; x_wconf 84' lang='lat' dir='ltr'><strong>sub-</strong></span> 
     </span>
     <span class='ocr_line' id='line_1_36' title="bbox 545 3493 2568 3570; baseline 0.002 -22"><span class='ocrx_word' id='word_1_330' title='bbox 545 3493 700 3565; x_wconf 86' lang='lat' dir='ltr'><strong>jecti.</strong></span> <span class='ocrx_word' id='word_1_331' title='bbox 737 3493 826 3550; x_wconf 89' lang='lat' dir='ltr'><strong>Sic</strong></span> <span class='ocrx_word' id='word_1_332' title='bbox 854 3494 1018 3566; x_wconf 86' lang='lat' dir='ltr'><strong>igitur</strong></span> <span class='ocrx_word' id='word_1_333' title='bbox 1045 3495 1100 3552; x_wconf 90' lang='lat' dir='ltr'><strong>in</strong></span> <span class='ocrx_word' id='word_1_334' title='bbox 1127 3512 1284 3554; x_wconf 87' lang='lat' dir='ltr'><strong>sacra</strong></span> <span class='ocrx_word' id='word_1_335' title='bbox 1312 3497 1595 3569; x_wconf 85' lang='lat' dir='ltr'><strong>Scriptura</strong></span> <span class='ocrx_word' id='word_1_336' title='bbox 1632 3498 1811 3570; x_wconf 89' lang='lat' dir='ltr'><strong>agitur</strong></span> <span class='ocrx_word' id='word_1_337' title='bbox 1838 3497 1908 3554; x_wconf 89' lang='lat' dir='ltr'><strong>de</strong></span> <span class='ocrx_word' id='word_1_338' title='bbox 1949 3498 2173 3570; x_wconf 84' lang='lat' dir='ltr'><strong>Angelis</strong></span> <span class='ocrx_word' id='word_1_339' title='bbox 2207 3499 2353 3555; x_wconf 87' lang='lat' dir='ltr'><strong>sicut</strong></span> <span class='ocrx_word' id='word_1_340' title='bbox 2391 3504 2451 3554; x_wconf 88' lang='lat' dir='ltr'><strong>et</strong></span> <span class='ocrx_word' id='word_1_341' title='bbox 2490 3496 2568 3552; x_wconf 90' lang='lat' dir='ltr'><strong>de</strong></span> 
     </span>
     <span class='ocr_line' id='line_1_37' title="bbox 550 3583 2563 3660; baseline 0.002 -22"><span class='ocrx_word' id='word_1_342' title='bbox 550 3583 766 3640; x_wconf 84' lang='lat' dir='ltr'><strong>caeteris</strong></span> <span class='ocrx_word' id='word_1_343' title='bbox 787 3585 1054 3640; x_wconf 86' lang='lat' dir='ltr'><strong>creaturis</strong></span> <span class='ocrx_word' id='word_1_344' title='bbox 1085 3586 1216 3642; x_wconf 79' lang='lat' dir='ltr'><strong>:sed</strong></span> <span class='ocrx_word' id='word_1_345' title='bbox 1244 3587 1300 3641; x_wconf 91' lang='lat' dir='ltr'><strong>in</strong></span> <span class='ocrx_word' id='word_1_346' title='bbox 1325 3587 1556 3643; x_wconf 85' lang='lat' dir='ltr'><strong>scientia</strong></span> <span class='ocrx_word' id='word_1_347' title='bbox 1580 3587 1766 3643; x_wconf 89' lang='lat' dir='ltr'><strong>divina</strong></span> <span class='ocrx_word' id='word_1_348' title='bbox 1790 3601 1957 3660; x_wconf 88' lang='lat' dir='ltr'><strong>quam</strong></span> <span class='ocrx_word' id='word_1_349' title='bbox 1977 3585 2281 3660; x_wconf 86' lang='lat' dir='ltr'><strong>philosophi</strong></span> <span class='ocrx_word' id='word_1_350' title='bbox 2308 3585 2563 3652; x_wconf 86' lang='lat' dir='ltr'><strong>tradunt,</strong></span> 
     </span>
     <span class='ocr_line' id='line_1_38' title="bbox 551 3671 2569 3747; baseline 0.001 -19"><span class='ocrx_word' id='word_1_351' title='bbox 551 3671 928 3729; x_wconf 87' lang='lat' dir='ltr'><strong>consideratur</strong></span> <span class='ocrx_word' id='word_1_352' title='bbox 953 3673 1023 3729; x_wconf 91' lang='lat' dir='ltr'><strong>de</strong></span> <span class='ocrx_word' id='word_1_353' title='bbox 1052 3673 1272 3746; x_wconf 85' lang='lat' dir='ltr'><strong>Angelis</strong></span> <span class='ocrx_word' id='word_1_354' title='bbox 1299 3689 1437 3746; x_wconf 87' lang='lat' dir='ltr'><strong>quos</strong></span> <span class='ocrx_word' id='word_1_355' title='bbox 1469 3674 1859 3747; x_wconf 86' lang='lat' dir='ltr'><strong>intelligentias</strong></span> <span class='ocrx_word' id='word_1_356' title='bbox 1887 3681 2086 3733; x_wconf 86' lang='lat' dir='ltr'><strong>vocant</strong></span> <span class='ocrx_word' id='word_1_357' title='bbox 2114 3676 2305 3732; x_wconf 88' lang='lat' dir='ltr'><strong>eadem</strong></span> <span class='ocrx_word' id='word_1_358' title='bbox 2344 3675 2569 3732; x_wconf 88' lang='lat' dir='ltr'><strong>ratione</strong></span> 
     </span>
     <span class='ocr_line' id='line_1_39' title="bbox 551 3763 2569 3839; baseline 0.001 -22"><span class='ocrx_word' id='word_1_359' title='bbox 551 3779 659 3834; x_wconf 89' lang='lat' dir='ltr'><strong>qua</strong></span> <span class='ocrx_word' id='word_1_360' title='bbox 687 3768 743 3818; x_wconf 89' lang='lat' dir='ltr'><strong>et</strong></span> <span class='ocrx_word' id='word_1_361' title='bbox 785 3763 854 3819; x_wconf 91' lang='lat' dir='ltr'><strong>de</strong></span> <span class='ocrx_word' id='word_1_362' title='bbox 894 3777 1062 3818; x_wconf 87' lang='lat' dir='ltr'><strong>causa</strong></span> <span class='ocrx_word' id='word_1_363' title='bbox 1097 3763 1271 3834; x_wconf 87' lang='lat' dir='ltr'><strong>prima</strong></span> <span class='ocrx_word' id='word_1_364' title='bbox 1313 3777 1439 3833; x_wconf 83' lang='lat' dir='ltr'><strong>quae</strong></span> <span class='ocrx_word' id='word_1_365' title='bbox 1480 3769 1563 3819; x_wconf 89' lang='lat' dir='ltr'><strong>est</strong></span> <span class='ocrx_word' id='word_1_366' title='bbox 1602 3765 1767 3834; x_wconf 82' lang='lat' dir='ltr'><strong>Beue,</strong></span> <span class='ocrx_word' id='word_1_367' title='bbox 1800 3765 1855 3820; x_wconf 90' lang='lat' dir='ltr'><strong>in</strong></span> <span class='ocrx_word' id='word_1_368' title='bbox 1885 3773 2152 3839; x_wconf 88' lang='lat' dir='ltr'><strong>quantum</strong></span> <span class='ocrx_word' id='word_1_369' title='bbox 2198 3764 2411 3820; x_wconf 88' lang='lat' dir='ltr'><strong>scilicet</strong></span> <span class='ocrx_word' id='word_1_370' title='bbox 2460 3764 2569 3836; x_wconf 90' lang='lat' dir='ltr'><strong>ipsi</strong></span> 
     </span>
     <span class='ocr_line' id='line_1_40' title="bbox 552 3849 2570 3926; baseline 0.002 -22"><span class='ocrx_word' id='word_1_371' title='bbox 552 3850 717 3906; x_wconf 89' lang='lat' dir='ltr'><strong>etiam</strong></span> <span class='ocrx_word' id='word_1_372' title='bbox 745 3859 870 3906; x_wconf 91' lang='lat' dir='ltr'><strong>sunt</strong></span> <span class='ocrx_word' id='word_1_373' title='bbox 893 3849 1162 3923; x_wconf 84' lang='lat' dir='ltr'><strong>principia</strong></span> <span class='ocrx_word' id='word_1_374' title='bbox 1194 3851 1454 3918; x_wconf 88' lang='lat' dir='ltr'><strong>secunda,</strong></span> <span class='ocrx_word' id='word_1_375' title='bbox 1494 3849 1687 3908; x_wconf 89' lang='lat' dir='ltr'><strong>saltem</strong></span> <span class='ocrx_word' id='word_1_376' title='bbox 1716 3869 1812 3926; x_wconf 91' lang='lat' dir='ltr'><strong>per</strong></span> <span class='ocrx_word' id='word_1_377' title='bbox 1850 3861 2058 3910; x_wconf 88' lang='lat' dir='ltr'><strong>motum</strong></span> <span class='ocrx_word' id='word_1_378' title='bbox 2086 3853 2322 3919; x_wconf 90' lang='lat' dir='ltr'><strong>orbium,</strong></span> <span class='ocrx_word' id='word_1_379' title='bbox 2362 3854 2570 3924; x_wconf 83' lang='lat' dir='ltr'><strong>quibus</strong></span> 
     </span>
     <span class='ocr_line' id='line_1_41' title="bbox 551 3937 2573 4018; baseline 0.002 -22"><span class='ocrx_word' id='word_1_380' title='bbox 551 3938 729 3996; x_wconf 90' lang='lat' dir='ltr'><strong>nullus</strong></span> <span class='ocrx_word' id='word_1_381' title='bbox 756 3938 978 4012; x_wconf 88' lang='lat' dir='ltr'><strong>quidem</strong></span> <span class='ocrx_word' id='word_1_382' title='bbox 1022 3943 1202 3996; x_wconf 83' lang='lat' dir='ltr'><strong>motus</strong></span> <span class='ocrx_word' id='word_1_383' title='bbox 1237 3937 1497 4012; x_wconf 70' lang='lat' dir='ltr'><strong>physicus</strong></span> <span class='ocrx_word' id='word_1_384' title='bbox 1524 3941 1772 3999; x_wconf 87' lang='lat' dir='ltr'><strong>accidere</strong></span> <span class='ocrx_word' id='word_1_385' title='bbox 1800 3949 1999 4016; x_wconf 89' lang='lat' dir='ltr'><strong>potest.</strong></span> <span class='ocrx_word' id='word_1_386' title='bbox 2038 3943 2215 4000; x_wconf 82' lang='lat' dir='ltr'><strong>Motus</strong></span> <span class='ocrx_word' id='word_1_387' title='bbox 2248 3946 2441 4000; x_wconf 85' lang='lat' dir='ltr'><strong>autem</strong></span> <span class='ocrx_word' id='word_1_388' title='bbox 2471 3943 2573 4018; x_wconf 88' lang='lat' dir='ltr'><strong>qui</strong></span> 
     </span>
    </p>
   </div>
   <div class='ocr_carea' id='block_1_3' title="bbox 2750 41 2757 1196">
    <p class='ocr_par' dir='ltr' id='par_1_6' title="bbox 2750 41 2757 1196">
     <span class='ocr_line' id='line_1_42' title="bbox 2750 41 2757 1196; baseline 0 0"><span class='ocrx_word' id='word_1_389' title='bbox 2750 41 2757 1196; x_wconf 95' lang='lat' dir='ltr'><strong> </strong></span> 
     </span>
    </p>
   </div>
   <div class='ocr_carea' id='block_1_4' title="bbox 2749 1861 2758 3080">
    <p class='ocr_par' dir='ltr' id='par_1_7' title="bbox 2749 1861 2758 3080">
     <span class='ocr_line' id='line_1_43' title="bbox 2749 1861 2758 3080; baseline 0 0"><span class='ocrx_word' id='word_1_390' title='bbox 2749 1861 2758 3080; x_wconf 95' lang='lat' dir='ltr'><strong> </strong></span> 
     </span>
    </p>
   </div>
  </div>
 </body>
</html>
