2800 4492
699 319 830 410 'xm
862 377 942 394 --
969 359 1395 413 ouonmen‘ruu
1438 359 1766 404 snoummm
1919 325 1925 330 ’
2130 342 2245 404 169

949 601 1348 684 QUAESTIO
1393 600 1511 668 III.

317 782 524 840 Deinde
551 780 848 854 quaesitum
875 783 960 834 est
987 778 1056 834 de
1085 782 1348 850 tempore,
1379 791 1478 849 per
1506 774 1653 848 quod
1690 775 1837 832 Deus
1876 780 2059 832 movet
2088 755 2245 832 crea·-

244 879 426 934 turam
449 870 810 948 spiritualem,
842 867 1141 926 secundum
1165 865 1552 938 Augustinum.

961 1037 1416 1128 ARTIGULI'JS
1456 1065 1535 1125 v.

253 1226 476 1290 Utrum
505 1227 734 1301 tempus
755 1237 988 1284 movens
1016 1223 1356 1286 ereaturam
1383 1215 1768 1294 spiritualem
1806 1219 1864 1278 et
1902 1231 2253 1278 mensurans

329 1313 708 1392 temporalem
751 1309 837 1374 sit
877 1310 1053 1372 idem.
1079 1343 1159 1354 --
1203 1309 1286 1388 (1,
1329 1306 1479 1368 dist.
1532 1305 1629 1378 17,
1674 1308 1883 1384 quaest.
1928 1308 1987 1377 4,
2014 1309 2149 1366 ‘aiut-
2178 1306 2247 1380 33

327 1405 367 1463 2
408 1404 552 1465 dist.
597 1402 659 1475 2,
705 1403 921 1480 quaest
963 1399 1024 1474 2,
1057 1402 1181 1462 art.
1228 1397 1296 1472 1;
1331 1397 1363 1456 1
1383 1399 1586 1475 part„
1620 1398 1831 1474 quaest.
1870 1393 1967 1469 10,
2018 1398 2139 1456 ara
2186 1351 2249 1469 5}

331 1493 413 1555 ad
443 1495 510 1566 1;
539 1505 738 1570 opusc.
771 1489 872 1564 36,
901 1504 1032 1566 cap.
1061 1485 1150 1566 4.)

317 1647 516 1703 Utrum
543 1641 616 1699 sit
645 1641 790 1697 idem
819 1653 944 1696 cum
991 1643 1236 1709 tempore
1264 1634 1411 1708 quod
1450 1637 1729 1690 mensurat
1769 1637 1951 1689 motus
1991 1648 2253 1706 corpora·

248 1737 384 1792 lium
415 1748 615 1790 rerum.
643 1733 697 1786 ⁴.
726 1730 794 1786 Et
836 1727 1051 1784 videtur
1097 1725 1242 1800 quod
1277 1725 1377 1780 sic.
1395 1711 1548 1793 ‘Quia
1584 1737 1761 1796 neque
1803 1723 2139 1794 Augustinus
2167 1723 2276 1798 di-·

246 1825 569 1882 versitatem
595 1819 736 1876 hanc
778 1827 1086 1890 temporum
1124 1814 1384 1886 assignat,
1417 1828 1596 1886 noque
1638 1811 1837 1884 aliquis
1882 1810 2251 1884 philosophus

250 1914 466 1972 Vanum
492 1925 620 1982 ergo
648 1907 866 1966 videtur
895 1905 1034 1962 hanc
1059 1902 1434 1960 diversitatem
1466 1907 1771 1974 temporum
1796 1900 2097 1972 assignare.

319 2009 377 2062 2.
419 2003 707 2066 Praeterea,
759 2011 919 2052 omne
963 1993 1109 2067 quod
1147 1999 1248 2059 est,
1275 1991 1333 2047 in
1370 1996 1635 2064 quantum
1682 1996 1783 2056 est,
1835 2005 2002 2045 unum
2045 1995 2149 2046 est.
2196 1989 2250 2046 Si

248 2108 385 2166 ergo
408 2107 517 2146 non
540 2088 614 2145 sit
651 2101 819 2144 unum
858 2093 1092 2157 tempus,
1113 2081 1222 2138 sed
1251 2081 1488 2150 diversa,
1521 2096 1629 2135 non
1670 2079 1774 2135 erit
1821 2095 1951 2148 ens;
1982 2079 2125 2152 quod
2172 2087 2255 2136 est

247 2177 660 2239 inconveniens,
691 2175 921 2248 Oportet
949 2187 1078 2243 ergo
1105 2186 1308 2246 ponere
1337 2185 1507 2225 unum
1536 2177 1751 2242 tempus
1782 2175 2017 2225 tantum.

318 2268 431 2328 Sed
461 2272 670 2333 contra,
704 2271 918 2335 tempus
947 2275 1057 2334 quo
1086 2265 1470 2314 mensurantur
1498 2256 1809 2329 corporales
1839 2265 2038 2327 motuS,
2065 2264 2121 2314 et
2154 2275 2258 2314 nu-

248 2371 438 2418 merus
483 2343 674 2412 motus*
711 2350 874 2425 primi
921 2347 1066 2422 coeli,
1098 2346 1397 2404 secundum
1448 2345 1827 2418 Philosophum
1876 2346 1933 2402 in
1984 2362 2045 2402 ιν
2095 2346 2256 2420 Phys.

253 2451 414 2520 (text.
441 2461 583 2502 com.
613 2443 720 2512 97).
747 2440 854 2498 Sed
886 2447 1098 2509 tempus
1127 2452 1224 2508 per
1247 2434 1394 2508 quod
1425 2441 1711 2490 moventur
1736 2433 2073 2505 Angeli‚non
2094 2435 2259 2491 habet

249 2538 498 2610 aliquem
525 2531 772 2589 ordinem
796 2527 864 2585 ad
896 2533 1125 2582 motum.
1155 2523 1297 2596 Ergo
1323 2521 1457 2580 illud
1484 2527 1697 2596 tempus
1734 2527 1819 2578 est
1854 2521 2003 2580 aliud
2040 2539 2073 2579 a
2113 2531 2257 2580 tem-

250 2641 388 2702 pore
414 2619 780 2695 corporalium
802 2631 1006 2673 rerum.

320 2716 618 2778 Praeterea,
621 2713 897 2784 perpetuo
921 2710 975 2760 et
987 2699 1338 2774 corruptibili
1359 2699 1492 2756 nihil
1513 2706 1596 2757 est
1624 2715 1911 2758 commune
1933 2699 2034 2758 nisi
2056 2717 2257 2758 secun·-

252 2805 390 2862 dum
415 2811 632 2866 nomen,
666 2804 728 2852 ut
755 2793 994 2852 dicitur
981 2809 1037 2849 in
1065 2807 1106 2848 x
1133 2789 1489 2864 Metaphysic.
1524 2789 1677 2860 (text.
1708 2805 1849 2845 com.
1878 2789 1983 2862 26).
2010 2791 2116 2850 Sed
2144 2795 2261 2849 An..

251 2895 364 2970 geli
401 2896 530 2948 sunt
568 2885 840 2962 perpetui,
869 2896 1098 2954 corpora
1140 2885 1324 2937 autem
1363 2884 1491 2936 sunt
1523 2878 1919 2952 corruptibilia.
1967 2880 2089 2938 Non
2135 2897 2262 2955 ergo

249 2985 406 3041 idem
429 2986 672 3058 tempus
673 2980 758 3031 est
785 2979 1163 3049 utrorumque

323 3067 654 3142 Respondeo
700 3060 1010 3127 dicendum,
1053 3057 1219 3132 quod,
1257 3057 1401 3114 sicut
1438 3056 1774 3128 Augustinus
1814 3056 1949 3113 dicit
2004 3057 2060 3112 in
2100 3059 2149 3114 ΙΙ
2196 3058 2263 3114 de

253 3160 424 3220 Civit.
457 3157 578 3222 Dei,
611 3162 846 3226 tempora
867 3165 974 3204 non
995 3145 1250 3220 fuissent,
1272 3145 1382 3200 nisi
1420 3151 1676 3200 ereatura
1703 3143 1877 3216 fieret,
1908 3161 2022 3216 quce
2060 3145 2265 3218 aliquid

253 3251 445 3322 aliqua
471 3243 698 3301 motione
722 3243 1003 3296 mutaret:
1035 3235 1184 3306 euJus
1219 3233 1531 3290 ’natationis
1560 3249 1676 3289 eum
1711 3233 1861 3289 aliud
1902 3242 2057 3307 atque
2086 3235 2261 3301 aliud,

253 3355 376 3412 quoe
399 3333 561 3392 simul
588 3347 690 3388 esse
725 3344 832 3384 non
854 3331 1096 3399 possunt,
1127 3322 1262 3380 cedit
1304 3329 1461 3393 atque
1496 3321 1743 3386 succedit,
1773 3323 2016 3395 sequitur
2044 3330 2263 3398 tempus.

254 3426 338 3484 Ex
365 3441 474 3500 quo
505 3420 772 3493 accipitur
801 3417 946 3490 quod
971 3414 1138 3469 etiam
1161 3410 1517 3484 Philosophus
1545 3410 1715 3466 dicit
1703 3428 1759 3466 in
1790 3427 1849 3467 iv
1872 3413 2088 3487 Physic.
2110 3416 2265 3486 (text.

253 3531 406 3574 com
429 3513 535 3584 97),
551 3508 696 3582 quod
721 3509 928 3580 oportet
953 3499 1092 3574 loqui
1120 3499 1181 3555 de
1205 3502 1435 3570 tempore
1462 3499 1746 3556 seeundum
1771 3499 2035 3558 rationem
2062 3509 2265 3568 motu33

252 3621 388 3660 nam
421 3609 627 3673 tempus
645 3603 720 3652 est
738 3609 991 3651 numerus
1005 3597 1178 3648 motus
1199 3587 1486 3646 seeundum
1508 3589 1672 3662 prius
1691 3597 1741 3647 et
1766 3590 2052 3664 posterius.
2070 3590 2270 3646 Omnes

253 3708 394 3764 ergo
426 3695 606 3746 motus
639 3686 734 3759 qui
780 3687 1006 3757 possunt
1045 3678 1350 3734 mensurari
1395 3694 1504 3736 una
1544 3693 1815 3747 mensura,
1851 3677 2052 3735 habent
2099 3693 2269 3734 unum

254 3791 514 3852 tempus3
559 3777 606 3832 si
649 3773 744 3848 qui
787 3786 916 3828 vero
960 3776 1141 3826 motus
1191 3773 1319 3824 sunt
1370 3767 1485 3840 qui'
1512 3781 1620 3822 non
1674 3772 1902 3838 possunt
1958 3782 2065 3822 una
2112 3782 2270 3823 men-

251 3884 398 3928 sura
441 3861 767 3931 mensurari,
798 3875 1021 3917 necesse
1061 3862 1144 3926 est
1189 3855 1335 3929 quod
1377 3871 1564 3910 eorum
1603 3854 1675 3910 sit
1712 3853 1989 3910 diversum
2033 3859 2268 3928 tempuS.

253 3959 406 4016 Cum
442 3961 628 4014 autem
679 3964 934 4013 mensura
977 3947 1050 4006 sit
1103 3945 1437 4017 homogenea
1482 3947 1813 4012 mensurato,
1855 3950 1916 4001 ut
1966 3943 2167 4003 dicitur
2214 3947 2272 4002 in
