2800 4492
461 295 582 358 312
897 312 902 318 ·
939 311 990 356 e.
1035 306 1269 352 ‘recum
1310 279 1641 358 mutuaris
1681 303 1992 352 crescens

463 428 568 486 fuit
591 425 903 484 dilectionis
930 426 1146 497 signum
1166 441 1181 494 ;
1203 423 1349 498 quod
1375 429 1559 480 eutem
1584 435 1782 492 corpus
1816 435 1976 478 suum
2022 420 2175 477 dedit
2211 419 2264 475 in
2290 419 2499 476 cibum

461 515 568 578 sub
602 523 967 580 sacramento,
1015 513 1084 570 ad
1131 513 1338 570 nullutn
1380 509 1768 568 detrimentum
1810 509 1982 582 ipsius
2024 510 2299 582 pertinet:
2334 509 2503 564 unde

463 613 617 679 patet
642 604 788 677 quod
829 604 1062 676 primum
1099 611 1183 658 est
1221 602 1398 673 majus
1440 599 1751 655 dilectionis
1780 599 2005 670 ‘signum
2039 615 2051 651 z
2082 598 2226 653 unde
2270 607 2331 653 et
2374 598 2503 653 hoc

470 698 871 750 sacramentum
901 699 985 746 est
1011 691 1303 754 memorale
1330 689 1609 762 quoddam
1633 696 1689 743 et
1727 687 1897 759 ligura
1926 687 2197 760 passionis
2239 687 2450 756 Christi
2476 704 2494 756 ;

469 782 675 838 veritas
699 789 884 837 autem
913 780 1232 853 proeeminet
1261 778 1469 850 figurae,
1497 786 1553 833 et
1583 792 1669 832 res
1694 775 2019 854 memoriali.

540 869 622 926 Ad
652 871 888 942 primum
915 885 1046 940 ergo
1081 867 1390 934 dicendum,
1416 865 1565 939 quod
1587 865 1862 922 exhibitio
1886 865 2132 947 corporis
2172 863 2371 920 Christi
2426 863 2495 920 iu

470 963 811 1014 sacramento
841 955 1003 1012 habet
1033 953 1252 1027 quidem
1288 953 1518 1023 figuram
1547 951 1841 1025 quamdam
1866 951 2116 1006 caritatis
2140 965 2248 1023 qua
2294 950 2497 1024 diligit

469 1058 568 1098 nos
605 1043 749 1098 Deus
783 1043 834 1097 in
879 1042 1086 1113 patria3
1113 1039 1207 1095 sed
1237 1039 1421 1112 passio
1448 1041 1567 1112 ejus
1598 1038 1833 1110 pertinet
1862 1038 1930 1094 ad
1980 1038 2155 1111 ipsam
2182 1037 2274 1093 Dei
2304 1036 2495 1094 dilec-

471 1134 691 1198 tionem‚
726 1146 823 1186 nos
853 1148 884 1186 a
913 1128 1217 1202 perditione
1246 1127 1314 1184 ad
1354 1123 1589 1201 patriam
1614 1134 1996 1197 revocantem3
2026 1125 2245 1184 dilectio
2286 1134 2489 1184 autem
2552 1136 2561 1142 ·

469 1222 567 1278 Dei
593 1237 698 1278 non
727 1226 813 1276 est
840 1221 1010 1291 major
1036 1219 1092 1274 in
1119 1217 1298 1291 patria
1327 1232 1495 1288 quam
1522 1217 1595 1273 sit
1620 1217 1675 1272 in
1701 1216 1979 1288 praesenti.
2380 1232 2386 1242 ·

1193 1415 1592 1496 QUAESTIO
1640 1415 1751 1483 IV.

541 1577 747 1634 Deinde
770 1575 917 1632 circa
947 1573 1184 1646 Angelos
1201 1575 1494 1647 quaesitum
1524 1582 1608 1631 est
1631 1588 1797 1630 unum
1820 1591 1833 1642 ;
1861 1573 2073 1630 scilicet
2100 1583 2282 1631 utrum
2307 1575 2489 1632 Luci-

469 1666 552 1724 fer
580 1666 648 1725 sit
680 1664 983 1736 subjectum
1009 1663 1135 1720 oevi.

1146 1841 1603 1902 ARTICULUS
1662 1841 1799 1905 VII.

525 1978 745 2043 Utrum
771 1975 1025 2053 Lucifer
1051 1975 1138 2037 sit
1162 1974 1491 2053 subjectum
1518 1973 1650 2037 oevi.
1678 2007 1758 2021 -
1781 1971 1840 2052 (1
1863 1978 2065 2054 part„
2090 1979 2299 2056 ρειαί.
2332 1975 2436 2055 63,

1169 2069 1291 2140 art.
1317 2066 1381 2140 7,
1413 2068 1471 2126 et
1494 2064 1557 2136 9,
1591 2062 1672 2126 ad
1696 2062 1784 2142 3),

547 2201 612 2255 Et
661 2199 876 2256 videtur
912 2199 1058 2272 quod
1106 2199 1204 2254 sic.
1259 2198 1413 2255 Sicut
1453 2196 1759 2269 subjectum
1808 2197 2069 2270 temporis
2110 2207 2193 2258 est
2242 2202 2490 2272 primum

474 2287 772 2362 temporale
795 2287 1279 2362 simplicissimum,
1325 2286 1402 2341 ita
1432 2286 1739 2358 subjectum
1780 2286 1886 2344 aevi
1930 2286 2150 2343 videtur
2194 2304 2314 2344 esse
2343 2290 2491 2345 sim-

475 2379 831 2452 plicissimum
860 2378 1206 2434 aevite'rnum.
1239 2376 1351 2430 Hoc
1370 2383 1555 2431 autem
1584 2380 1667 2430 est
1690 2373 1925 2441 Lucifer,
1953 2377 2047 2449 qui
2076 2376 2217 2432 inter
2241 2379 2491 2449 Angelus

475 2481 761 2538 supremus
799 2464 902 2520 suit
948 2463 1246 2520 secundum
1279 2478 1436 2519 suam
1479 2468 1733 2518 naturam
1773 2469 2011 2518 creatus·
2052 2463 2245 2519 AEvum
2295 2473 2491 2522 autem

475 2570 585 2612 non
610 2545 901 2626 respondet
919 2554 1130 2623 gratim,
1160 2552 1255 2636 sed
1281 2561 1521 2616 naturae;
1549 2550 1788 2622 alioquin
1812 2565 2040 2622 corpora
2064 2551 2328 2618 coelestia,
2356 2569 2491 2626 quae

475 2659 585 2700 non
610 2648 737 2696 sunt
759 2642 1068 2712 susceptiva
1093 2641 1306 2709 gratiae.
1331 2655 1453 2695 aevo
1478 2639 1777 2694 mensurari
1799 2654 1905 2694 non
1928 2651 2166 2709 possent.
2195 2641 2329 2697 Cum
2348 2657 2491 2712 ergo

475 2729 620 2788 dona
649 2727 920 2786 naturalia
948 2729 1160 2798 integra
1189 2728 1549 2782 remanserint
1580 2728 1631 2781 in
1662 2727 1999 2784 daemonibus
2024 2734 2145 2800 post
2174 2739 2487 2801 peccatum,

477 2819 622 2874 sicut
667 2816 962 2889 Dionysius
1007 2816 1160 2882 dicit,
1195 2829 1414 2888 tv-cap.
1463 2815 1531 2870 de
1573 2816 1744 2871 divin.
1788 2816 2038 2885 Nomin.;
2078 2817 2294 2876 videtur
2335 2821 2489 2893 quod

478 2921 658 2963 aevum
688 2906 760 2960 sit
790 2907 844 2960 in
872 2903 1122 2969 Lucifer-,o
1147 2905 1290 2960 sicut
1313 2905 1366 2958 in
1394 2903 1661 2976 subjecto.

549 2993 652 3050 Sed
693 3000 904 3060 contra,
959 3007 1140 3050 aevum
1177 3002 1260 3050 est
1301 2993 1555 3066 quaedam
1595 2992 1923 3050 aeternitatis
1963 2994 2331 3068 participatio.
2374 2995 2491 3054 Sed

478 3082 671 3156 Angeli
699 3084 846 3140 beati
879 3083 1054 3154 magis
1082 3091 1208 3138 sunt
1237 3083 1291 3138 in
1332 3082 1749 3154 participatione
1773 3083 2101 3140 aeternitatis
2124 3098 2289 3157 quam
2316 3084 2491 3140 Luci·

480 3172 580 3239 rer,
612 3173 706 3244 qui
737 3179 823 3227 est
864 3171 1220 3228 beatitudinis
1247 3186 1461 3245 expers·
1506 3170 1648 3242 Ergo
1684 3171 1899 3228 Lucifer
1932 3188 2038 3230 non
2067 3179 2151 3230 est
2178 3174 2489 3246 subjectum

478 3261 604 3325 fevi,
637 3260 733 3315 sed
760 3260 931 3330 magis
955 3275 1240 3333 supremus
1263 3259 1549 3316 beatorum
1572 3259 1924 3331 Angelorum.

551 3348 872 3421 Respondco
913 3349 1221 3415 dicendum,
1263 3349 1412 3424 quod
1441 3365 1508 3404 ex
1544 3350 1851 3422 ignorantia
1879 3349 2079 3422 linguae
2120 3366 2315 3423 graeeae
2354 3366 2494 3424 pro-

479 3439 631 3498 venit
660 3437 806 3510 quod
838 3439 1198 3494 communiter
1226 3438 1370 3510 apud
1399 3437 1601 3494 multos
1634 3454 1814 3496 aevum
1842 3438 1913 3494 ab
1939 3441 2251 3496 aeternitate
2288 3440 2494 3496 distin-

479 3533 756 3600 gueretur,
791 3541 855 3582 ec
893 3527 938 3582 si
981 3525 1409 3598 distingueretur
1446 3528 1742 3601 anthropos
1770 3528 1841 3584 ab
1871 3527 2111 3585 homine.
2144 3527 2299 3599 Quod
2338 3518 2489 3584 enim

481 3615 535 3670 in
566 3629 746 3686 graeco
781 3615 984 3672 dicitur
1007 3630 1208 3681 aevum‚
1247 3615 1300 3670 in
1331 3614 1501 3672 latino
1529 3617 1811 3673 aeternitas
1847 3633 1860 3672 ε
1893 3626 1949 3673 et
1977 3616 2059 3673 sic
2081 3618 2247 3673 etiam
2275 3617 2495 3690 Diony·-

481 3705 616 3770 siuS‚
650 3720 690 3760 x
735 3703 805 3760 de
841 3704 1011 3758 divin.
1042 3703 1284 3769 Nomin.‚
1329 3717 1430 3776 pro
1470 3705 1662 3783 eodem
1701 3706 1873 3762 utitur
1907 3706 2217 3764 aeternitate
2262 3712 2316 3760 et
2344 3720 2495 3766 aevo·

480 3791 585 3848 Sed
615 3792 744 3864 quia
780 3790 1090 3848 nominibus
1117 3792 1380 3847 utendum
1408 3799 1495 3848 est
1523 3800 1584 3848 ut
1613 3793 1793 3865 plures
1838 3811 1852 3850 z
1887 3795 1933 3850 si
1964 3802 2257 3869 utrumque
2285 3794 2499 3851 distin-

483 3893 716 3950 guamus
746 3879 816 3938 ab
844 3880 1100 3949 invicem,
1137 3895 1316 3938 aevum
1347 3879 1479 3937 nihil
1504 3880 1649 3938 aliud
1680 3883 1785 3941 erit
1811 3899 1977 3957 quam
2000 3881 2331 3941 aeternitatis
2356 3898 2499 3955 par-
