<?xml version="1.0" encoding="UTF-8"?>
<!DOCTYPE html PUBLIC "-//W3C//DTD XHTML 1.0 Transitional//EN"
    "http://www.w3.org/TR/xhtml1/DTD/xhtml1-transitional.dtd">
<html xmlns="http://www.w3.org/1999/xhtml" xml:lang="en" lang="en">
 <head>
  <title>
</title>
<meta http-equiv="Content-Type" content="text/html;charset=utf-8" />
  <meta name='ocr-system' content='tesseract 3.04.00' />
  <meta name='ocr-capabilities' content='ocr_page ocr_carea ocr_par ocr_line ocrx_word'/>
</head>
<body>
  <div class='ocr_page' id='page_1' title='image "./sthomaquinatisd00thomgoog_0325.png"; bbox 0 0 2800 4492; ppageno 0'>
   <div class='ocr_carea' id='block_1_1' title="bbox 760 327 2288 408">
    <p class='ocr_par' dir='ltr' id='par_1_1' title="bbox 760 327 2288 408">
     <span class='ocr_line' id='line_1_1' title="bbox 760 327 2288 408; baseline 0.005 -18"><span class='ocrx_word' id='word_1_1' title='bbox 760 345 896 392; x_wconf 64' lang='lat' dir='ltr'>fxu.</span> <span class='ocrx_word' id='word_1_2' title='bbox 927 363 1008 378; x_wconf 90' lang='lat'>—</span> <span class='ocrx_word' id='word_1_3' title='bbox 1035 344 1462 399; x_wconf 66' lang='lat' dir='ltr'>onomius-&#39;run</span> <span class='ocrx_word' id='word_1_4' title='bbox 1513 345 1805 404; x_wconf 64' lang='lat' dir='ltr'>summum*-</span> <span class='ocrx_word' id='word_1_5' title='bbox 1844 399 1854 408; x_wconf 78' lang='grc'><strong>,</strong></span> <span class='ocrx_word' id='word_1_6' title='bbox 2170 327 2288 399; x_wconf 79' lang='lat' dir='ltr'>sn</span> 
     </span>
    </p>
   </div>
   <div class='ocr_carea' id='block_1_2' title="bbox 263 456 2288 808">
    <p class='ocr_par' dir='ltr' id='par_1_2' title="bbox 263 456 2288 722">
     <span class='ocr_line' id='line_1_2' title="bbox 263 456 2287 547; baseline 0.005 -31"><span class='ocrx_word' id='word_1_7' title='bbox 263 456 638 518; x_wconf 69' lang='lat' dir='ltr'>humanitatis</span> <span class='ocrx_word' id='word_1_8' title='bbox 683 462 950 534; x_wconf 60' lang='lat' dir='ltr'>partibus</span> <span class='ocrx_word' id='word_1_9' title='bbox 989 465 1222 538; x_wconf 76' lang='lat' dir='ltr'><strong>Sanguis</strong></span> <span class='ocrx_word' id='word_1_10' title='bbox 1264 473 1450 526; x_wconf 82' lang='lat' dir='ltr'>autem</span> <span class='ocrx_word' id='word_1_11' title='bbox 1494 467 1697 527; x_wconf 82' lang='lat' dir='ltr'>Christi</span> <span class='ocrx_word' id='word_1_12' title='bbox 1737 467 1832 547; x_wconf 87' lang='lat' dir='ltr'>qui</span> <span class='ocrx_word' id='word_1_13' title='bbox 1868 457 1926 526; x_wconf 79' lang='lat' dir='ltr'>in</span> <span class='ocrx_word' id='word_1_14' title='bbox 1960 457 2287 544; x_wconf 69' lang='lat' dir='ltr'>quibusdam</span> 
     </span>
     <span class='ocr_line' id='line_1_3' title="bbox 265 547 2288 632; baseline 0.006 -29"><span class='ocrx_word' id='word_1_15' title='bbox 265 547 536 606; x_wconf 83' lang='lat' dir='ltr'>Ecclesiis</span> <span class='ocrx_word' id='word_1_16' title='bbox 566 551 892 622; x_wconf 76' lang='lat' dir='ltr'><strong>ostenditur,</strong></span> <span class='ocrx_word' id='word_1_17' title='bbox 920 554 1125 612; x_wconf 88' lang='lat' dir='ltr'>dicitur</span> <span class='ocrx_word' id='word_1_18' title='bbox 1151 573 1219 612; x_wconf 83' lang='lat' dir='ltr'>ex</span> <span class='ocrx_word' id='word_1_19' title='bbox 1241 557 1479 630; x_wconf 81' lang='lat' dir='ltr'>quadam</span> <span class='ocrx_word' id='word_1_20' title='bbox 1515 557 1753 631; x_wconf 79' lang='lat' dir='ltr'><strong>imagine</strong></span> <span class='ocrx_word' id='word_1_21' title='bbox 1790 558 1992 617; x_wconf 82' lang='lat' dir='ltr'>Christi</span> <span class='ocrx_word' id='word_1_22' title='bbox 2031 575 2288 632; x_wconf 82' lang='lat' dir='ltr'>percussa</span> 
     </span>
     <span class='ocr_line' id='line_1_4' title="bbox 267 637 1969 722; baseline 0.009 -30"><span class='ocrx_word' id='word_1_23' title='bbox 267 637 604 695; x_wconf 77' lang='lat' dir='ltr'>miraculose</span> <span class='ocrx_word' id='word_1_24' title='bbox 621 639 864 710; x_wconf 84' lang='lat' dir='ltr'>fluxisse,</span> <span class='ocrx_word' id='word_1_25' title='bbox 885 641 974 701; x_wconf 86' lang='lat' dir='ltr'>vel</span> <span class='ocrx_word' id='word_1_26' title='bbox 1003 643 1172 701; x_wconf 82' lang='lat' dir='ltr'>etiam</span> <span class='ocrx_word' id='word_1_27' title='bbox 1201 644 1337 703; x_wconf 82' lang='lat' dir='ltr'>alias</span> <span class='ocrx_word' id='word_1_28' title='bbox 1360 663 1429 703; x_wconf 84' lang='lat' dir='ltr'>ex</span> <span class='ocrx_word' id='word_1_29' title='bbox 1456 663 1686 722; x_wconf 85' lang='lat' dir='ltr'>corpore</span> <span class='ocrx_word' id='word_1_30' title='bbox 1709 647 1932 707; x_wconf 81' lang='lat' dir='ltr'>Christi.</span> <span class='ocrx_word' id='word_1_31' title='bbox 1955 673 1969 680; x_wconf 88' lang='lat'><em>-</em></span> 
     </span>
    </p>

    <p class='ocr_par' dir='ltr' id='par_1_3' title="bbox 344 727 1509 808">
     <span class='ocr_line' id='line_1_5' title="bbox 344 727 1509 808; baseline 0.01 -26"><span class='ocrx_word' id='word_1_32' title='bbox 344 727 414 782; x_wconf 87' lang='lat' dir='ltr'>Et</span> <span class='ocrx_word' id='word_1_33' title='bbox 434 745 533 804; x_wconf 86' lang='lat' dir='ltr'>per</span> <span class='ocrx_word' id='word_1_34' title='bbox 555 729 660 786; x_wconf 84' lang='lat' dir='ltr'>hoe</span> <span class='ocrx_word' id='word_1_35' title='bbox 685 737 839 805; x_wconf 77' lang='lat' dir='ltr'>putet</span> <span class='ocrx_word' id='word_1_36' title='bbox 863 734 1144 807; x_wconf 81' lang='lat' dir='ltr'>responsio</span> <span class='ocrx_word' id='word_1_37' title='bbox 1172 735 1242 792; x_wconf 82' lang='lat' dir='ltr'>ad</span> <span class='ocrx_word' id='word_1_38' title='bbox 1271 735 1509 808; x_wconf 75' lang='lat' dir='ltr'>objecta.</span> 
     </span>
    </p>
   </div>
   <div class='ocr_carea' id='block_1_3' title="bbox 971 903 1587 977">
    <p class='ocr_par' dir='ltr' id='par_1_4' title="bbox 971 903 1587 977">
     <span class='ocr_line' id='line_1_6' title="bbox 971 903 1587 977; baseline 0.005 -4"><span class='ocrx_word' id='word_1_39' title='bbox 971 913 1431 975; x_wconf 87' lang='lat' dir='ltr'>ARTIGULUS</span> <span class='ocrx_word' id='word_1_40' title='bbox 1471 903 1587 977; x_wconf 79' lang='lat' dir='ltr'>VI.</span> 
     </span>
    </p>
   </div>
   <div class='ocr_carea' id='block_1_4' title="bbox 285 1003 2286 1218">
    <p class='ocr_par' dir='ltr' id='par_1_5' title="bbox 285 1003 2286 1218">
     <span class='ocr_line' id='line_1_7' title="bbox 285 1003 2286 1128; baseline 0.004 -22"><span class='ocrx_word' id='word_1_41' title='bbox 285 1039 508 1106; x_wconf 78' lang='lat' dir='ltr'>Utrum</span> <span class='ocrx_word' id='word_1_42' title='bbox 543 1040 826 1106; x_wconf 76' lang='lat' dir='ltr'>Christus</span> <span class='ocrx_word' id='word_1_43' title='bbox 852 1044 1054 1124; x_wconf 82' lang='lat' dir='ltr'>majus</span> <span class='ocrx_word' id='word_1_44' title='bbox 1081 1047 1420 1111; x_wconf 73' lang='lat' dir='ltr'><strong><em>dilectionis</em></strong></span> <span class='ocrx_word' id='word_1_45' title='bbox 1445 1049 1687 1128; x_wconf 71' lang='lat' dir='ltr'>siquam</span> <span class='ocrx_word' id='word_1_46' title='bbox 1712 1003 1970 1112; x_wconf 59' lang='lat' dir='ltr'>ostesdit</span> <span class='ocrx_word' id='word_1_47' title='bbox 1999 1049 2286 1114; x_wconf 78' lang='lat' dir='ltr'>tradendo</span> 
     </span>
     <span class='ocr_line' id='line_1_8' title="bbox 476 1135 2080 1218; baseline 0.004 -24"><span class='ocrx_word' id='word_1_48' title='bbox 476 1149 695 1212; x_wconf 76' lang='lat' dir='ltr'>corpus</span> <span class='ocrx_word' id='word_1_49' title='bbox 720 1149 900 1196; x_wconf 77' lang='lat' dir='ltr'>suum</span> <span class='ocrx_word' id='word_1_50' title='bbox 925 1135 994 1198; x_wconf 78' lang='lat' dir='ltr'>in</span> <span class='ocrx_word' id='word_1_51' title='bbox 1019 1136 1216 1200; x_wconf 77' lang='lat' dir='ltr'>cibum</span> <span class='ocrx_word' id='word_1_52' title='bbox 1241 1155 1424 1218; x_wconf 76' lang='lat' dir='ltr'>quam</span> <span class='ocrx_word' id='word_1_53' title='bbox 1442 1137 1733 1218; x_wconf 74' lang='lat' dir='ltr'>patiendo</span> <span class='ocrx_word' id='word_1_54' title='bbox 1754 1155 1867 1218; x_wconf 80' lang='lat' dir='ltr'>pro</span> <span class='ocrx_word' id='word_1_55' title='bbox 1891 1139 2080 1202; x_wconf 76' lang='lat' dir='ltr'>nobis.</span> 
     </span>
    </p>
   </div>
   <div class='ocr_carea' id='block_1_5' title="bbox 217 1265 2289 4019">
    <p class='ocr_par' dir='ltr' id='par_1_6' title="bbox 217 1265 2287 2152">
     <span class='ocr_line' id='line_1_9' title="bbox 342 1265 2287 1346; baseline 0.004 -26"><span class='ocrx_word' id='word_1_56' title='bbox 342 1265 428 1320; x_wconf 81' lang='lat' dir='ltr'>Ad</span> <span class='ocrx_word' id='word_1_57' title='bbox 453 1267 756 1322; x_wconf 89' lang='lat' dir='ltr'>secundum</span> <span class='ocrx_word' id='word_1_58' title='bbox 798 1268 879 1324; x_wconf 87' lang='lat' dir='ltr'>sie</span> <span class='ocrx_word' id='word_1_59' title='bbox 905 1270 1240 1342; x_wconf 80' lang='lat' dir='ltr'>proceditur.</span> <span class='ocrx_word' id='word_1_60' title='bbox 1263 1270 1496 1329; x_wconf 85' lang='lat' dir='ltr'>Videtur</span> <span class='ocrx_word' id='word_1_61' title='bbox 1524 1272 1668 1345; x_wconf 85' lang='lat' dir='ltr'>quod</span> <span class='ocrx_word' id='word_1_62' title='bbox 1712 1271 1958 1329; x_wconf 88' lang='lat' dir='ltr'>Christus</span> <span class='ocrx_word' id='word_1_63' title='bbox 1991 1274 2168 1346; x_wconf 82' lang='lat' dir='ltr'>majus</span> <span class='ocrx_word' id='word_1_64' title='bbox 2196 1271 2287 1328; x_wconf 87' lang='lat' dir='ltr'>di·</span> 
     </span>
     <span class='ocr_line' id='line_1_10' title="bbox 219 1352 2287 1434; baseline 0.004 -26"><span class='ocrx_word' id='word_1_65' title='bbox 219 1393 223 1398; x_wconf 84' lang='lat'>-</span> <span class='ocrx_word' id='word_1_66' title='bbox 275 1352 530 1410; x_wconf 89' lang='lat' dir='ltr'>lectionis</span> <span class='ocrx_word' id='word_1_67' title='bbox 557 1355 770 1427; x_wconf 88' lang='lat' dir='ltr'>signum</span> <span class='ocrx_word' id='word_1_68' title='bbox 797 1357 953 1415; x_wconf 90' lang='lat' dir='ltr'>nobis</span> <span class='ocrx_word' id='word_1_69' title='bbox 994 1359 1234 1416; x_wconf 82' lang='lat' dir='ltr'>ostendit</span> <span class='ocrx_word' id='word_1_70' title='bbox 1269 1360 1534 1417; x_wconf 82' lang='lat' dir='ltr'>tradendo</span> <span class='ocrx_word' id='word_1_71' title='bbox 1563 1376 1759 1434; x_wconf 90' lang='lat' dir='ltr'>corpus</span> <span class='ocrx_word' id='word_1_72' title='bbox 1801 1378 1959 1417; x_wconf 90' lang='lat' dir='ltr'>suum</span> <span class='ocrx_word' id='word_1_73' title='bbox 2002 1363 2055 1417; x_wconf 90' lang='lat' dir='ltr'>in</span> <span class='ocrx_word' id='word_1_74' title='bbox 2102 1361 2287 1418; x_wconf 87' lang='lat' dir='ltr'>cibum</span> 
     </span>
     <span class='ocr_line' id='line_1_11' title="bbox 276 1445 2287 1524; baseline 0.005 -27"><span class='ocrx_word' id='word_1_75' title='bbox 276 1457 441 1515; x_wconf 83' lang='lat' dir='ltr'>quam</span> <span class='ocrx_word' id='word_1_76' title='bbox 485 1445 742 1514; x_wconf 84' lang='lat' dir='ltr'>patiendo</span> <span class='ocrx_word' id='word_1_77' title='bbox 795 1463 890 1518; x_wconf 91' lang='lat' dir='ltr'>pro</span> <span class='ocrx_word' id='word_1_78' title='bbox 941 1447 1117 1518; x_wconf 78' lang='lat' dir='ltr'>nobis.</span> <span class='ocrx_word' id='word_1_79' title='bbox 1167 1448 1380 1505; x_wconf 82' lang='lat' dir='ltr'>Caritas</span> <span class='ocrx_word' id='word_1_80' title='bbox 1428 1451 1571 1516; x_wconf 85' lang='lat' dir='ltr'>enim</span> <span class='ocrx_word' id='word_1_81' title='bbox 1619 1451 1813 1523; x_wconf 83' lang='lat' dir='ltr'>patriae</span> <span class='ocrx_word' id='word_1_82' title='bbox 1863 1449 2152 1524; x_wconf 73' lang='lat' dir='ltr'>perfectior</span> <span class='ocrx_word' id='word_1_83' title='bbox 2202 1457 2287 1507; x_wconf 73' lang='lat' dir='ltr'>est</span> 
     </span>
     <span class='ocr_line' id='line_1_12' title="bbox 277 1529 2286 1616; baseline 0.003 -29"><span class='ocrx_word' id='word_1_84' title='bbox 277 1547 442 1604; x_wconf 85' lang='lat' dir='ltr'>quam</span> <span class='ocrx_word' id='word_1_85' title='bbox 467 1533 670 1590; x_wconf 82' lang='lat' dir='ltr'>caritas</span> <span class='ocrx_word' id='word_1_86' title='bbox 697 1535 848 1591; x_wconf 77' lang='lat' dir='ltr'>vitae.</span> <span class='ocrx_word' id='word_1_87' title='bbox 878 1536 984 1593; x_wconf 87' lang='lat' dir='ltr'>Sed</span> <span class='ocrx_word' id='word_1_88' title='bbox 1006 1536 1330 1594; x_wconf 85' lang='lat' dir='ltr'>beneficium</span> <span class='ocrx_word' id='word_1_89' title='bbox 1367 1537 1499 1594; x_wconf 88' lang='lat' dir='ltr'>illud</span> <span class='ocrx_word' id='word_1_90' title='bbox 1547 1529 1656 1616; x_wconf 70' lang='lat' dir='ltr'>quo</span> <span class='ocrx_word' id='word_1_91' title='bbox 1684 1537 1839 1596; x_wconf 90' lang='lat' dir='ltr'>nobis</span> <span class='ocrx_word' id='word_1_92' title='bbox 1872 1539 2119 1614; x_wconf 80' lang='lat' dir='ltr'>Christus</span> <span class='ocrx_word' id='word_1_93' title='bbox 2147 1555 2286 1596; x_wconf 89' lang='lat' dir='ltr'>con-</span> 
     </span>
     <span class='ocr_line' id='line_1_13' title="bbox 278 1619 2286 1699; baseline 0.005 -25"><span class='ocrx_word' id='word_1_94' title='bbox 278 1619 403 1676; x_wconf 83' lang='lat' dir='ltr'>tulit</span> <span class='ocrx_word' id='word_1_95' title='bbox 431 1637 632 1694; x_wconf 86' lang='lat' dir='ltr'>corpus</span> <span class='ocrx_word' id='word_1_96' title='bbox 661 1638 820 1678; x_wconf 89' lang='lat' dir='ltr'>suum</span> <span class='ocrx_word' id='word_1_97' title='bbox 845 1624 983 1681; x_wconf 79' lang='lat' dir='ltr'>dans</span> <span class='ocrx_word' id='word_1_98' title='bbox 1005 1625 1164 1682; x_wconf 87' lang='lat' dir='ltr'>nobis</span> <span class='ocrx_word' id='word_1_99' title='bbox 1191 1627 1246 1683; x_wconf 91' lang='lat' dir='ltr'>in</span> <span class='ocrx_word' id='word_1_100' title='bbox 1275 1626 1477 1695; x_wconf 90' lang='lat' dir='ltr'>cibum,</span> <span class='ocrx_word' id='word_1_101' title='bbox 1506 1628 1680 1699; x_wconf 85' lang='lat' dir='ltr'>magis</span> <span class='ocrx_word' id='word_1_102' title='bbox 1704 1627 2037 1684; x_wconf 79' lang='lat' dir='ltr'>assimilatur</span> <span class='ocrx_word' id='word_1_103' title='bbox 2064 1628 2286 1685; x_wconf 82' lang='lat' dir='ltr'>caritati</span> 
     </span>
     <span class='ocr_line' id='line_1_14' title="bbox 277 1709 2286 1790; baseline 0.005 -26"><span class='ocrx_word' id='word_1_104' title='bbox 277 1709 495 1780; x_wconf 83' lang='lat' dir='ltr'>patriae,</span> <span class='ocrx_word' id='word_1_105' title='bbox 527 1710 583 1764; x_wconf 89' lang='lat' dir='ltr'>in</span> <span class='ocrx_word' id='word_1_106' title='bbox 613 1727 722 1783; x_wconf 85' lang='lat' dir='ltr'>qua</span> <span class='ocrx_word' id='word_1_107' title='bbox 745 1711 903 1785; x_wconf 88' lang='lat' dir='ltr'>plene</span> <span class='ocrx_word' id='word_1_108' title='bbox 928 1712 1170 1770; x_wconf 85' lang='lat' dir='ltr'>fruemur</span> <span class='ocrx_word' id='word_1_109' title='bbox 1194 1716 1342 1784; x_wconf 88' lang='lat' dir='ltr'>Deo;</span> <span class='ocrx_word' id='word_1_110' title='bbox 1371 1716 1551 1788; x_wconf 86' lang='lat' dir='ltr'>passio</span> <span class='ocrx_word' id='word_1_111' title='bbox 1581 1724 1763 1773; x_wconf 84' lang='lat' dir='ltr'>autem</span> <span class='ocrx_word' id='word_1_112' title='bbox 1798 1731 1963 1789; x_wconf 83' lang='lat' dir='ltr'>quam</span> <span class='ocrx_word' id='word_1_113' title='bbox 1986 1732 2086 1790; x_wconf 88' lang='lat' dir='ltr'>pro</span> <span class='ocrx_word' id='word_1_114' title='bbox 2128 1717 2286 1774; x_wconf 89' lang='lat' dir='ltr'>nobis</span> 
     </span>
     <span class='ocr_line' id='line_1_15' title="bbox 217 1798 2286 1880; baseline 0.006 -29"><span class='ocrx_word' id='word_1_115' title='bbox 217 1855 225 1862; x_wconf 66' lang='grc'><strong>,</strong></span> <span class='ocrx_word' id='word_1_116' title='bbox 275 1798 466 1865; x_wconf 81' lang='lat' dir='ltr'>subiit,</span> <span class='ocrx_word' id='word_1_117' title='bbox 495 1801 670 1872; x_wconf 81' lang='lat' dir='ltr'>magis</span> <span class='ocrx_word' id='word_1_118' title='bbox 711 1802 1046 1860; x_wconf 82' lang='lat' dir='ltr'>assimilatur</span> <span class='ocrx_word' id='word_1_119' title='bbox 1075 1805 1294 1861; x_wconf 85' lang='lat' dir='ltr'>caritati</span> <span class='ocrx_word' id='word_1_120' title='bbox 1326 1805 1447 1872; x_wconf 70' lang='lat' dir='ltr'>viee,</span> <span class='ocrx_word' id='word_1_121' title='bbox 1475 1806 1533 1861; x_wconf 90' lang='lat' dir='ltr'>in</span> <span class='ocrx_word' id='word_1_122' title='bbox 1569 1821 1679 1880; x_wconf 80' lang='lat' dir='ltr'>qua</span> <span class='ocrx_word' id='word_1_123' title='bbox 1724 1805 1877 1863; x_wconf 87' lang='lat' dir='ltr'>nobis</span> <span class='ocrx_word' id='word_1_124' title='bbox 1920 1822 2019 1879; x_wconf 87' lang='lat' dir='ltr'>pro</span> <span class='ocrx_word' id='word_1_125' title='bbox 2058 1803 2286 1864; x_wconf 76' lang='lat' dir='ltr'>&#39;Christo</span> 
     </span>
     <span class='ocr_line' id='line_1_16' title="bbox 275 1884 2287 1968; baseline 0.005 -27"><span class='ocrx_word' id='word_1_126' title='bbox 275 1884 528 1942; x_wconf 82' lang='lat' dir='ltr'>imminet</span> <span class='ocrx_word' id='word_1_127' title='bbox 567 1889 902 1961; x_wconf 82' lang='lat' dir='ltr'>patiendum.</span> <span class='ocrx_word' id='word_1_128' title='bbox 951 1891 1094 1965; x_wconf 86' lang='lat' dir='ltr'>Ergo</span> <span class='ocrx_word' id='word_1_129' title='bbox 1151 1895 1328 1966; x_wconf 84' lang='lat' dir='ltr'>majus</span> <span class='ocrx_word' id='word_1_130' title='bbox 1379 1901 1465 1950; x_wconf 90' lang='lat' dir='ltr'>est</span> <span class='ocrx_word' id='word_1_131' title='bbox 1515 1895 1822 1952; x_wconf 76' lang='lat' dir='ltr'>dilectionis</span> <span class='ocrx_word' id='word_1_132' title='bbox 1870 1895 2085 1967; x_wconf 85' lang='lat' dir='ltr'>signum</span> <span class='ocrx_word' id='word_1_133' title='bbox 2136 1896 2287 1968; x_wconf 88' lang='lat' dir='ltr'>quod</span> 
     </span>
     <span class='ocr_line' id='line_1_17' title="bbox 276 1975 2287 2070; baseline 0.004 -39"><span class='ocrx_word' id='word_1_134' title='bbox 276 1975 526 2032; x_wconf 88' lang='lat' dir='ltr'>Christus</span> <span class='ocrx_word' id='word_1_135' title='bbox 553 1993 750 2051; x_wconf 89' lang='lat' dir='ltr'>corpus</span> <span class='ocrx_word' id='word_1_136' title='bbox 772 1995 936 2036; x_wconf 85' lang='lat' dir='ltr'>suum</span> <span class='ocrx_word' id='word_1_137' title='bbox 961 1980 1190 2039; x_wconf 82' lang='lat' dir='ltr'>tradidit</span> <span class='ocrx_word' id='word_1_138' title='bbox 1212 1983 1370 2040; x_wconf 89' lang='lat' dir='ltr'>nobis</span> <span class='ocrx_word' id='word_1_139' title='bbox 1401 1981 1457 2040; x_wconf 83' lang='lat' dir='ltr'>in</span> <span class='ocrx_word' id='word_1_140' title='bbox 1491 1983 1691 2052; x_wconf 88' lang='lat' dir='ltr'>cibum,</span> <span class='ocrx_word' id='word_1_141' title='bbox 1720 2000 1885 2057; x_wconf 86' lang='lat' dir='ltr'>quam</span> <span class='ocrx_word' id='word_1_142' title='bbox 1925 1984 2070 2058; x_wconf 89' lang='lat' dir='ltr'>quod</span> <span class='ocrx_word' id='word_1_143' title='bbox 2095 1984 2287 2070; x_wconf 80' lang='lat' dir='ltr'>Chris-</span> 
     </span>
     <span class='ocr_line' id='line_1_18' title="bbox 278 2069 1427 2152; baseline 0.01 -33"><span class='ocrx_word' id='word_1_144' title='bbox 278 2072 367 2120; x_wconf 87' lang='lat' dir='ltr'>tus</span> <span class='ocrx_word' id='word_1_145' title='bbox 394 2081 589 2138; x_wconf 85' lang='lat' dir='ltr'>passus</span> <span class='ocrx_word' id='word_1_146' title='bbox 617 2075 699 2124; x_wconf 88' lang='lat' dir='ltr'>est</span> <span class='ocrx_word' id='word_1_147' title='bbox 721 2084 820 2142; x_wconf 89' lang='lat' dir='ltr'>pro</span> <span class='ocrx_word' id='word_1_148' title='bbox 844 2069 1020 2127; x_wconf 76' lang='lat' dir='ltr'>nobis,</span> <span class='ocrx_word' id='word_1_149' title='bbox 1048 2143 1054 2150; x_wconf 21' lang='grc' dir='ltr'>ι</span> <span class='ocrx_word' id='word_1_150' title='bbox 1310 2112 1316 2116; x_wconf 27' lang='grc' dir='ltr'>ψ.</span> <span class='ocrx_word' id='word_1_151' title='bbox 1422 2145 1427 2152; x_wconf 23' lang='lat'><strong>⁴</strong></span> 
     </span>
    </p>

    <p class='ocr_par' dir='ltr' id='par_1_7' title="bbox 273 2155 2284 2330">
     <span class='ocr_line' id='line_1_19' title="bbox 345 2155 2284 2240; baseline 0.005 -29"><span class='ocrx_word' id='word_1_152' title='bbox 345 2155 450 2211; x_wconf 85' lang='lat' dir='ltr'>Sed</span> <span class='ocrx_word' id='word_1_153' title='bbox 482 2163 672 2214; x_wconf 87' lang='lat' dir='ltr'>contra</span> <span class='ocrx_word' id='word_1_154' title='bbox 717 2167 802 2216; x_wconf 85' lang='lat' dir='ltr'>est</span> <span class='ocrx_word' id='word_1_155' title='bbox 843 2159 989 2232; x_wconf 88' lang='lat' dir='ltr'>quod</span> <span class='ocrx_word' id='word_1_156' title='bbox 1025 2159 1226 2217; x_wconf 86' lang='lat' dir='ltr'>dicitur</span> <span class='ocrx_word' id='word_1_157' title='bbox 1253 2162 1410 2218; x_wconf 86' lang='lat' dir='ltr'>Joan.</span> <span class='ocrx_word' id='word_1_158' title='bbox 1440 2177 1538 2240; x_wconf 59' lang='lat' dir='ltr'>xv,</span> <span class='ocrx_word' id='word_1_159' title='bbox 1562 2163 1627 2217; x_wconf 74' lang='grc'>43</span> <span class='ocrx_word' id='word_1_160' title='bbox 1662 2177 1675 2216; x_wconf 79' lang='lat' dir='ltr'>t</span> <span class='ocrx_word' id='word_1_161' title='bbox 1706 2161 1966 2234; x_wconf 69' lang='lat' dir='ltr'>Maiorem</span> <span class='ocrx_word' id='word_1_162' title='bbox 2002 2163 2284 2220; x_wconf 79' lang='lat' dir='ltr'>caritatem</span> 
     </span>
     <span class='ocr_line' id='line_1_20' title="bbox 273 2239 2278 2330; baseline 0.005 -30"><span class='ocrx_word' id='word_1_163' title='bbox 273 2261 426 2301; x_wconf 79' lang='lat' dir='ltr'>nemo</span> <span class='ocrx_word' id='word_1_164' title='bbox 455 2247 606 2304; x_wconf 74' lang='lat' dir='ltr'>habet</span> <span class='ocrx_word' id='word_1_165' title='bbox 629 2239 788 2320; x_wconf 75' lang='lat' dir='ltr'>quam</span> <span class='ocrx_word' id='word_1_166' title='bbox 807 2256 868 2306; x_wconf 74' lang='lat' dir='ltr'>ut</span> <span class='ocrx_word' id='word_1_167' title='bbox 893 2245 1129 2307; x_wconf 70' lang='lat' dir='ltr'>animam</span> <span class='ocrx_word' id='word_1_168' title='bbox 1152 2268 1304 2308; x_wconf 82' lang='lat' dir='ltr'>suam</span> <span class='ocrx_word' id='word_1_169' title='bbox 1325 2259 1497 2324; x_wconf 82' lang='lat' dir='ltr'>ponat</span> <span class='ocrx_word' id='word_1_170' title='bbox 1518 2253 1637 2323; x_wconf 78' lang='lat' dir='ltr'>quis</span> <span class='ocrx_word' id='word_1_171' title='bbox 1648 2267 1753 2324; x_wconf 78' lang='lat' dir='ltr'>pro</span> <span class='ocrx_word' id='word_1_172' title='bbox 1774 2251 1959 2307; x_wconf 80' lang='lat' dir='ltr'>amicis</span> <span class='ocrx_word' id='word_1_173' title='bbox 1980 2253 2112 2310; x_wconf 77' lang='lat' dir='ltr'>suis.</span> <span class='ocrx_word' id='word_1_174' title='bbox 2272 2325 2278 2330; x_wconf 17' lang='grc' dir='ltr'>ἢ</span> 
     </span>
    </p>

    <p class='ocr_par' dir='ltr' id='par_1_8' title="bbox 265 2337 2289 4019">
     <span class='ocr_line' id='line_1_21' title="bbox 345 2337 2284 2414; baseline 0.003 -21"><span class='ocrx_word' id='word_1_175' title='bbox 345 2337 668 2409; x_wconf 88' lang='lat' dir='ltr'>Respondeo</span> <span class='ocrx_word' id='word_1_176' title='bbox 701 2338 1012 2408; x_wconf 85' lang='lat' dir='ltr'>dicendum,</span> <span class='ocrx_word' id='word_1_177' title='bbox 1045 2341 1193 2414; x_wconf 91' lang='lat' dir='ltr'>quod</span> <span class='ocrx_word' id='word_1_178' title='bbox 1221 2340 1352 2396; x_wconf 92' lang='lat' dir='ltr'>illud</span> <span class='ocrx_word' id='word_1_179' title='bbox 1385 2339 1531 2414; x_wconf 86' lang='lat' dir='ltr'>qnod</span> <span class='ocrx_word' id='word_1_180' title='bbox 1556 2347 1640 2396; x_wconf 85' lang='lat' dir='ltr'>est</span> <span class='ocrx_word' id='word_1_181' title='bbox 1669 2339 2011 2412; x_wconf 84' lang='lat' dir='ltr'>potissimum</span> <span class='ocrx_word' id='word_1_182' title='bbox 2048 2343 2103 2397; x_wconf 91' lang='lat' dir='ltr'>in</span> <span class='ocrx_word' id='word_1_183' title='bbox 2142 2358 2284 2399; x_wconf 88' lang='lat' dir='ltr'>uno-</span> 
     </span>
     <span class='ocr_line' id='line_1_22' title="bbox 274 2430 2286 2502; baseline 0.004 -22"><span class='ocrx_word' id='word_1_184' title='bbox 274 2441 496 2499; x_wconf 88' lang='lat' dir='ltr'>quoque</span> <span class='ocrx_word' id='word_1_185' title='bbox 511 2441 734 2496; x_wconf 79' lang='lat' dir='ltr'>genere,</span> <span class='ocrx_word' id='word_1_186' title='bbox 769 2435 852 2483; x_wconf 89' lang='lat' dir='ltr'>est</span> <span class='ocrx_word' id='word_1_187' title='bbox 872 2443 1124 2485; x_wconf 78' lang='lat' dir='ltr'>mensura</span> <span class='ocrx_word' id='word_1_188' title='bbox 1151 2430 1390 2484; x_wconf 89' lang='lat' dir='ltr'>omnium</span> <span class='ocrx_word' id='word_1_189' title='bbox 1420 2445 1609 2484; x_wconf 91' lang='lat' dir='ltr'>eorum</span> <span class='ocrx_word' id='word_1_190' title='bbox 1635 2444 1760 2500; x_wconf 83' lang='lat' dir='ltr'>quae</span> <span class='ocrx_word' id='word_1_191' title='bbox 1788 2436 1916 2485; x_wconf 83' lang='lat' dir='ltr'>sunt</span> <span class='ocrx_word' id='word_1_192' title='bbox 1942 2430 2087 2485; x_wconf 90' lang='lat' dir='ltr'>illius</span> <span class='ocrx_word' id='word_1_193' title='bbox 2112 2447 2286 2502; x_wconf 85' lang='lat' dir='ltr'>gene·</span> 
     </span>
     <span class='ocr_line' id='line_1_23' title="bbox 274 2516 2281 2592; baseline 0.003 -22"><span class='ocrx_word' id='word_1_194' title='bbox 274 2518 370 2584; x_wconf 88' lang='lat' dir='ltr'>ris,</span> <span class='ocrx_word' id='word_1_195' title='bbox 399 2522 459 2570; x_wconf 87' lang='lat' dir='ltr'>ut</span> <span class='ocrx_word' id='word_1_196' title='bbox 499 2522 653 2589; x_wconf 82' lang='lat' dir='ltr'>patet</span> <span class='ocrx_word' id='word_1_197' title='bbox 687 2533 785 2590; x_wconf 84' lang='lat' dir='ltr'>per</span> <span class='ocrx_word' id='word_1_198' title='bbox 815 2517 1196 2591; x_wconf 81' lang='lat' dir='ltr'>Philosophum</span> <span class='ocrx_word' id='word_1_199' title='bbox 1226 2519 1280 2573; x_wconf 90' lang='lat' dir='ltr'>in</span> <span class='ocrx_word' id='word_1_200' title='bbox 1313 2533 1354 2574; x_wconf 85' lang='lat' dir='ltr'>x</span> <span class='ocrx_word' id='word_1_201' title='bbox 1381 2516 1685 2592; x_wconf 78' lang='lat' dir='ltr'>Metaphys.</span> <span class='ocrx_word' id='word_1_202' title='bbox 1718 2519 2064 2574; x_wconf 78' lang='lat' dir='ltr'>Potissimum</span> <span class='ocrx_word' id='word_1_203' title='bbox 2096 2526 2281 2576; x_wconf 83' lang='lat' dir='ltr'>autem</span> 
     </span>
     <span class='ocr_line' id='line_1_24' title="bbox 275 2604 2281 2679; baseline 0.003 -21"><span class='ocrx_word' id='word_1_204' title='bbox 275 2605 330 2658; x_wconf 91' lang='lat' dir='ltr'>in</span> <span class='ocrx_word' id='word_1_205' title='bbox 354 2619 558 2674; x_wconf 84' lang='lat' dir='ltr'>genere</span> <span class='ocrx_word' id='word_1_206' title='bbox 594 2606 797 2661; x_wconf 84' lang='lat' dir='ltr'>amoris</span> <span class='ocrx_word' id='word_1_207' title='bbox 828 2604 1107 2662; x_wconf 85' lang='lat' dir='ltr'>hominum</span> <span class='ocrx_word' id='word_1_208' title='bbox 1137 2611 1222 2661; x_wconf 85' lang='lat' dir='ltr'>est</span> <span class='ocrx_word' id='word_1_209' title='bbox 1260 2621 1413 2662; x_wconf 86' lang='lat' dir='ltr'>amor</span> <span class='ocrx_word' id='word_1_210' title='bbox 1445 2623 1556 2678; x_wconf 81' lang='lat' dir='ltr'>quo</span> <span class='ocrx_word' id='word_1_211' title='bbox 1581 2607 1703 2679; x_wconf 88' lang='lat' dir='ltr'>quis</span> <span class='ocrx_word' id='word_1_212' title='bbox 1729 2612 1878 2663; x_wconf 81' lang='lat' dir='ltr'>amat</span> <span class='ocrx_word' id='word_1_213' title='bbox 1899 2623 1956 2662; x_wconf 89' lang='lat' dir='ltr'>se</span> <span class='ocrx_word' id='word_1_214' title='bbox 1987 2607 2193 2678; x_wconf 87' lang='lat' dir='ltr'>ipsum;</span> <span class='ocrx_word' id='word_1_215' title='bbox 2224 2615 2281 2664; x_wconf 84' lang='grc' dir='ltr'>ει</span> 
     </span>
     <span class='ocr_line' id='line_1_25' title="bbox 274 2690 2289 2775; baseline 0.002 -28"><span class='ocrx_word' id='word_1_216' title='bbox 274 2692 398 2748; x_wconf 92' lang='lat' dir='ltr'>ideo</span> <span class='ocrx_word' id='word_1_217' title='bbox 425 2709 493 2748; x_wconf 88' lang='lat' dir='ltr'>ex</span> <span class='ocrx_word' id='word_1_218' title='bbox 531 2690 635 2748; x_wconf 82' lang='lat' dir='ltr'>hoc</span> <span class='ocrx_word' id='word_1_219' title='bbox 680 2707 865 2750; x_wconf 80' lang='lat' dir='ltr'>amore</span> <span class='ocrx_word' id='word_1_220' title='bbox 898 2710 1120 2751; x_wconf 90' lang='lat' dir='ltr'>necesse</span> <span class='ocrx_word' id='word_1_221' title='bbox 1157 2700 1242 2751; x_wconf 88' lang='lat' dir='ltr'>est</span> <span class='ocrx_word' id='word_1_222' title='bbox 1266 2711 1578 2752; x_wconf 84' lang='lat' dir='ltr'>mensuram</span> <span class='ocrx_word' id='word_1_223' title='bbox 1607 2696 1855 2768; x_wconf 81' lang='lat' dir='ltr'>accipere</span> <span class='ocrx_word' id='word_1_224' title='bbox 1880 2694 2056 2751; x_wconf 91' lang='lat' dir='ltr'>omnis</span> <span class='ocrx_word' id='word_1_225' title='bbox 2081 2698 2289 2775; x_wconf 18' lang='lat' dir='ltr'>amoris-</span> 
     </span>
     <span class='ocr_line' id='line_1_26' title="bbox 273 2781 2284 2860; baseline 0.002 -24"><span class='ocrx_word' id='word_1_226' title='bbox 273 2797 385 2854; x_wconf 88' lang='lat' dir='ltr'>quo</span> <span class='ocrx_word' id='word_1_227' title='bbox 413 2783 540 2854; x_wconf 87' lang='lat' dir='ltr'>quis</span> <span class='ocrx_word' id='word_1_228' title='bbox 565 2781 734 2838; x_wconf 80' lang='lat' dir='ltr'>elium</span> <span class='ocrx_word' id='word_1_229' title='bbox 760 2784 1096 2841; x_wconf 81' lang='lat' dir='ltr'>amat.U·nde</span> <span class='ocrx_word' id='word_1_230' title='bbox 1121 2793 1176 2842; x_wconf 86' lang='lat' dir='ltr'>et</span> <span class='ocrx_word' id='word_1_231' title='bbox 1204 2784 1350 2842; x_wconf 84' lang='lat' dir='ltr'>in·1x</span> <span class='ocrx_word' id='word_1_232' title='bbox 1377 2784 1557 2841; x_wconf 88' lang='lat' dir='ltr'>Ethic.</span> <span class='ocrx_word' id='word_1_233' title='bbox 1582 2784 1937 2858; x_wconf 80' lang='lat' dir='ltr'>Philosophus</span> <span class='ocrx_word' id='word_1_234' title='bbox 1962 2783 2115 2853; x_wconf 87' lang='lat' dir='ltr'>dicit,</span> <span class='ocrx_word' id='word_1_235' title='bbox 2136 2787 2284 2860; x_wconf 89' lang='lat' dir='ltr'>quod</span> 
     </span>
     <span class='ocr_line' id='line_1_27' title="bbox 272 2870 2283 2949; baseline 0.003 -23"><span class='ocrx_word' id='word_1_236' title='bbox 272 2870 584 2930; x_wconf 78' lang='lat' dir='ltr'>amicabilia</span> <span class='ocrx_word' id='word_1_237' title='bbox 611 2873 875 2944; x_wconf 76' lang='lat' dir='ltr'>qu&#39;oe‘sunt</span> <span class='ocrx_word' id='word_1_238' title='bbox 899 2873 972 2930; x_wconf 78' lang='lat' dir='ltr'>ad</span> <span class='ocrx_word' id='word_1_239' title='bbox 998 2874 1248 2940; x_wconf 80' lang='lat' dir='ltr'>alterum,</span> <span class='ocrx_word' id='word_1_240' title='bbox 1278 2874 1497 2932; x_wconf 80' lang='lat' dir='ltr'>veniunt</span> <span class='ocrx_word' id='word_1_241' title='bbox 1524 2891 1589 2930; x_wconf 77' lang='lat' dir='ltr'>ex</span> <span class='ocrx_word' id='word_1_242' title='bbox 1614 2875 1979 2932; x_wconf 71' lang='lat' dir='ltr'>amicabilibus</span> <span class='ocrx_word' id='word_1_243' title='bbox 2006 2892 2121 2949; x_wconf 82' lang='lat' dir='ltr'>quae</span> <span class='ocrx_word' id='word_1_244' title='bbox 2154 2882 2283 2933; x_wconf 80' lang='lat' dir='ltr'>sunt</span> 
     </span>
     <span class='ocr_line' id='line_1_28' title="bbox 271 2961 2277 3039; baseline 0.002 -23"><span class='ocrx_word' id='word_1_245' title='bbox 271 2961 345 3017; x_wconf 82' lang='lat' dir='ltr'>ad</span> <span class='ocrx_word' id='word_1_246' title='bbox 381 2979 436 3016; x_wconf 83' lang='lat' dir='ltr'>se</span> <span class='ocrx_word' id='word_1_247' title='bbox 465 2963 660 3034; x_wconf 80' lang='lat' dir='ltr'>ipsum.</span> <span class='ocrx_word' id='word_1_248' title='bbox 689 2963 930 3020; x_wconf 86' lang='lat' dir='ltr'>Pertinet</span> <span class='ocrx_word' id='word_1_249' title='bbox 958 2970 1141 3038; x_wconf 72' lang='lat' dir='ltr'>nutem</span> <span class='ocrx_word' id='word_1_250' title='bbox 1168 2964 1235 3020; x_wconf 85' lang='lat' dir='ltr'>ad</span> <span class='ocrx_word' id='word_1_251' title='bbox 1265 2979 1508 3021; x_wconf 83' lang='lat' dir='ltr'>amorem</span> <span class='ocrx_word' id='word_1_252' title='bbox 1534 2981 1642 3039; x_wconf 91' lang='lat' dir='ltr'>quo</span> <span class='ocrx_word' id='word_1_253' title='bbox 1670 2964 1794 3038; x_wconf 88' lang='lat' dir='ltr'>quis</span> <span class='ocrx_word' id='word_1_254' title='bbox 1823 2974 1969 3021; x_wconf 87' lang='lat' dir='ltr'>amat</span> <span class='ocrx_word' id='word_1_255' title='bbox 1994 2980 2054 3020; x_wconf 89' lang='lat' dir='ltr'>se</span> <span class='ocrx_word' id='word_1_256' title='bbox 2079 2966 2277 3037; x_wconf 90' lang='lat' dir='ltr'>ipsum,</span> 
     </span>
     <span class='ocr_line' id='line_1_29' title="bbox 273 3037 2281 3126; baseline 0.002 -22"><span class='ocrx_word' id='word_1_257' title='bbox 273 3057 334 3104; x_wconf 90' lang='lat' dir='ltr'>ut</span> <span class='ocrx_word' id='word_1_258' title='bbox 359 3051 494 3106; x_wconf 85' lang='lat' dir='ltr'>velit</span> <span class='ocrx_word' id='word_1_259' title='bbox 522 3037 625 3106; x_wconf 81' lang='lat' dir='ltr'>sibi</span> <span class='ocrx_word' id='word_1_260' title='bbox 655 3051 856 3107; x_wconf 89' lang='lat' dir='ltr'>bonum</span> <span class='ocrx_word' id='word_1_261' title='bbox 885 3068 898 3107; x_wconf 76' lang='lat' dir='ltr'><em>z</em></span> <span class='ocrx_word' id='word_1_262' title='bbox 932 3051 1074 3108; x_wconf 89' lang='lat' dir='ltr'>unde</span> <span class='ocrx_word' id='word_1_263' title='bbox 1101 3060 1255 3109; x_wconf 79' lang='lat' dir='ltr'>tanto</span> <span class='ocrx_word' id='word_1_264' title='bbox 1295 3053 1494 3126; x_wconf 79' lang='lat' dir='ltr'>aliquis</span> <span class='ocrx_word' id='word_1_265' title='bbox 1523 3053 1690 3110; x_wconf 83' lang='lat' dir='ltr'>alium</span> <span class='ocrx_word' id='word_1_266' title='bbox 1732 3055 1906 3124; x_wconf 85' lang='lat' dir='ltr'>magis</span> <span class='ocrx_word' id='word_1_267' title='bbox 1939 3068 2124 3108; x_wconf 85' lang='lat' dir='ltr'>amare</span> <span class='ocrx_word' id='word_1_268' title='bbox 2148 3068 2281 3126; x_wconf 63' lang='lat' dir='ltr'>pro-7</span> 
     </span>
     <span class='ocr_line' id='line_1_30' title="bbox 271 3139 2280 3216; baseline 0.003 -22"><span class='ocrx_word' id='word_1_269' title='bbox 271 3139 455 3207; x_wconf 83' lang='lat' dir='ltr'>batur,</span> <span class='ocrx_word' id='word_1_270' title='bbox 486 3148 692 3212; x_wconf 80' lang='lat' dir='ltr'>quanto</span> <span class='ocrx_word' id='word_1_271' title='bbox 720 3140 895 3211; x_wconf 82' lang='lat' dir='ltr'>magis</span> <span class='ocrx_word' id='word_1_272' title='bbox 922 3140 1125 3198; x_wconf 88' lang='lat' dir='ltr'>bonum</span> <span class='ocrx_word' id='word_1_273' title='bbox 1153 3142 1298 3214; x_wconf 82' lang='lat' dir='ltr'>quod</span> <span class='ocrx_word' id='word_1_274' title='bbox 1327 3142 1431 3198; x_wconf 87' lang='lat' dir='ltr'>sibi</span> <span class='ocrx_word' id='word_1_275' title='bbox 1459 3142 1592 3210; x_wconf 85' lang='lat' dir='ltr'>vult,</span> <span class='ocrx_word' id='word_1_276' title='bbox 1625 3149 1847 3214; x_wconf 88' lang='lat' dir='ltr'>propter</span> <span class='ocrx_word' id='word_1_277' title='bbox 1874 3141 2109 3198; x_wconf 85' lang='lat' dir='ltr'>amicum</span> <span class='ocrx_word' id='word_1_278' title='bbox 2133 3158 2280 3216; x_wconf 86' lang='lat' dir='ltr'>prae-</span> 
     </span>
     <span class='ocr_line' id='line_1_31' title="bbox 275 3228 2281 3304; baseline 0.002 -20"><span class='ocrx_word' id='word_1_279' title='bbox 275 3229 554 3300; x_wconf 79' lang='lat' dir='ltr'>termittit,</span> <span class='ocrx_word' id='word_1_280' title='bbox 585 3230 881 3286; x_wconf 87' lang='lat' dir='ltr'>secundum</span> <span class='ocrx_word' id='word_1_281' title='bbox 927 3229 1054 3286; x_wconf 91' lang='lat' dir='ltr'>illud</span> <span class='ocrx_word' id='word_1_282' title='bbox 1100 3232 1259 3287; x_wconf 85' lang='lat' dir='ltr'>Prov.</span> <span class='ocrx_word' id='word_1_283' title='bbox 1300 3233 1404 3296; x_wconf 70' lang='lat' dir='ltr'>xri,</span> <span class='ocrx_word' id='word_1_284' title='bbox 1436 3235 1502 3288; x_wconf 79' lang='lat'>26</span> <span class='ocrx_word' id='word_1_285' title='bbox 1541 3248 1554 3286; x_wconf 77' lang='lat' dir='ltr'><em>z</em></span> <span class='ocrx_word' id='word_1_286' title='bbox 1598 3228 1703 3296; x_wconf 76' lang='lat' dir='ltr'>Qui</span> <span class='ocrx_word' id='word_1_287' title='bbox 1753 3230 1978 3304; x_wconf 76' lang='lat' dir='ltr'>neyliyit</span> <span class='ocrx_word' id='word_1_288' title='bbox 2026 3231 2281 3289; x_wconf 78' lang='lat' dir='ltr'>damnum</span> 
     </span>
     <span class='ocr_line' id='line_1_32' title="bbox 265 3318 2276 3393; baseline 0.001 -20"><span class='ocrx_word' id='word_1_289' title='bbox 265 3325 499 3391; x_wconf 81' lang='lat' dir='ltr'>propter</span> <span class='ocrx_word' id='word_1_290' title='bbox 521 3319 766 3384; x_wconf 80' lang='lat' dir='ltr'>amicum,</span> <span class='ocrx_word' id='word_1_291' title='bbox 781 3320 959 3390; x_wconf 58' lang='lat' dir='ltr'>,iustus</span> <span class='ocrx_word' id='word_1_292' title='bbox 987 3326 1082 3376; x_wconf 80' lang='lat' dir='ltr'>est.</span> <span class='ocrx_word' id='word_1_293' title='bbox 1115 3319 1246 3376; x_wconf 88' lang='lat' dir='ltr'>Vult</span> <span class='ocrx_word' id='word_1_294' title='bbox 1268 3327 1454 3378; x_wconf 81' lang='lat' dir='ltr'>autem</span> <span class='ocrx_word' id='word_1_295' title='bbox 1481 3319 1642 3376; x_wconf 90' lang='lat' dir='ltr'>homo</span> <span class='ocrx_word' id='word_1_296' title='bbox 1693 3319 1796 3376; x_wconf 89' lang='lat' dir='ltr'>sibi</span> <span class='ocrx_word' id='word_1_297' title='bbox 1835 3318 2031 3393; x_wconf 82' lang='lat' dir='ltr'>triplex</span> <span class='ocrx_word' id='word_1_298' title='bbox 2075 3322 2276 3377; x_wconf 88' lang='lat' dir='ltr'>bonum</span> 
     </span>
     <span class='ocr_line' id='line_1_33' title="bbox 272 3407 2280 3483; baseline 0.001 -19"><span class='ocrx_word' id='word_1_299' title='bbox 272 3407 640 3481; x_wconf 75' lang='lat' dir='ltr'>particulare3</span> <span class='ocrx_word' id='word_1_300' title='bbox 672 3425 796 3480; x_wconf 84' lang='lat' dir='ltr'>quae</span> <span class='ocrx_word' id='word_1_301' title='bbox 823 3419 949 3466; x_wconf 89' lang='lat' dir='ltr'>sunt</span> <span class='ocrx_word' id='word_1_302' title='bbox 985 3409 1186 3476; x_wconf 81' lang='lat' dir='ltr'>anima,</span> <span class='ocrx_word' id='word_1_303' title='bbox 1214 3424 1431 3483; x_wconf 76' lang='lat' dir='ltr'>corpuS‚</span> <span class='ocrx_word' id='word_1_304' title='bbox 1463 3417 1518 3466; x_wconf 86' lang='lat' dir='ltr'>et</span> <span class='ocrx_word' id='word_1_305' title='bbox 1560 3425 1648 3466; x_wconf 89' lang='lat' dir='ltr'>res</span> <span class='ocrx_word' id='word_1_306' title='bbox 1684 3409 2004 3467; x_wconf 79' lang='lat' dir='ltr'>exterioreS.</span> <span class='ocrx_word' id='word_1_307' title='bbox 2028 3411 2127 3466; x_wconf 86' lang='lat' dir='ltr'>Est</span> <span class='ocrx_word' id='word_1_308' title='bbox 2152 3427 2280 3482; x_wconf 85' lang='lat' dir='ltr'>ergo</span> 
     </span>
     <span class='ocr_line' id='line_1_34' title="bbox 273 3497 2279 3572; baseline -0 -18"><span class='ocrx_word' id='word_1_309' title='bbox 273 3497 498 3570; x_wconf 78' lang='lat' dir='ltr'>aliquod</span> <span class='ocrx_word' id='word_1_310' title='bbox 527 3498 743 3570; x_wconf 86' lang='lat' dir='ltr'>signum</span> <span class='ocrx_word' id='word_1_311' title='bbox 768 3499 969 3554; x_wconf 83' lang='lat' dir='ltr'>amoris</span> <span class='ocrx_word' id='word_1_312' title='bbox 996 3498 1142 3571; x_wconf 86' lang='lat' dir='ltr'>quod</span> <span class='ocrx_word' id='word_1_313' title='bbox 1172 3498 1370 3571; x_wconf 83' lang='lat' dir='ltr'>aliquis</span> <span class='ocrx_word' id='word_1_314' title='bbox 1399 3499 1453 3553; x_wconf 92' lang='lat' dir='ltr'>in</span> <span class='ocrx_word' id='word_1_315' title='bbox 1484 3500 1647 3555; x_wconf 86' lang='lat' dir='ltr'>rebus</span> <span class='ocrx_word' id='word_1_316' title='bbox 1672 3499 2035 3557; x_wconf 83' lang='lat' dir='ltr'>exterioribus</span> <span class='ocrx_word' id='word_1_317' title='bbox 2061 3505 2279 3572; x_wconf 87' lang='lat' dir='ltr'>propter</span> 
     </span>
     <span class='ocr_line' id='line_1_35' title="bbox 272 3587 2279 3664; baseline -0.001 -21"><span class='ocrx_word' id='word_1_318' title='bbox 272 3588 444 3643; x_wconf 77' lang='lat' dir='ltr'>alium</span> <span class='ocrx_word' id='word_1_319' title='bbox 488 3587 876 3664; x_wconf 77' lang='lat' dir='ltr'>detrimentum</span> <span class='ocrx_word' id='word_1_320' title='bbox 917 3589 1186 3660; x_wconf 78' lang='lat' dir='ltr'>patiatur3</span> <span class='ocrx_word' id='word_1_321' title='bbox 1235 3589 1413 3660; x_wconf 85' lang='lat' dir='ltr'>majus</span> <span class='ocrx_word' id='word_1_322' title='bbox 1460 3595 1639 3644; x_wconf 78' lang='lat' dir='ltr'>autem</span> <span class='ocrx_word' id='word_1_323' title='bbox 1693 3588 1895 3645; x_wconf 82' lang='lat' dir='ltr'>amoris</span> <span class='ocrx_word' id='word_1_324' title='bbox 1945 3588 2179 3658; x_wconf 83' lang='lat' dir='ltr'>signum,</span> <span class='ocrx_word' id='word_1_325' title='bbox 2231 3587 2279 3641; x_wconf 90' lang='lat' dir='ltr'>si</span> 
     </span>
     <span class='ocr_line' id='line_1_36' title="bbox 271 3674 2281 3751; baseline -0.001 -19"><span class='ocrx_word' id='word_1_326' title='bbox 271 3678 442 3732; x_wconf 81' lang='lat' dir='ltr'>etiam</span> <span class='ocrx_word' id='word_1_327' title='bbox 471 3676 716 3749; x_wconf 80' lang='lat' dir='ltr'>eorporis</span> <span class='ocrx_word' id='word_1_328' title='bbox 740 3675 943 3751; x_wconf 87' lang='lat' dir='ltr'>proprii</span> <span class='ocrx_word' id='word_1_329' title='bbox 973 3677 1359 3734; x_wconf 82' lang='lat' dir='ltr'>detrimentum</span> <span class='ocrx_word' id='word_1_330' title='bbox 1385 3679 1647 3751; x_wconf 83' lang='lat' dir='ltr'>patiatur,</span> <span class='ocrx_word' id='word_1_331' title='bbox 1678 3677 1764 3732; x_wconf 78' lang='lat' dir='ltr'>vel</span> <span class='ocrx_word' id='word_1_332' title='bbox 1796 3675 2008 3732; x_wconf 82' lang='lat' dir='ltr'>labores</span> <span class='ocrx_word' id='word_1_333' title='bbox 2034 3674 2120 3732; x_wconf 90' lang='lat' dir='ltr'>vel</span> <span class='ocrx_word' id='word_1_334' title='bbox 2151 3690 2281 3730; x_wconf 89' lang='lat' dir='ltr'>ver-</span> 
     </span>
     <span class='ocr_line' id='line_1_37' title="bbox 272 3764 2275 3837; baseline -0 -18"><span class='ocrx_word' id='word_1_335' title='bbox 272 3764 402 3820; x_wconf 81' lang='lat' dir='ltr'>bera</span> <span class='ocrx_word' id='word_1_336' title='bbox 428 3783 526 3837; x_wconf 86' lang='lat' dir='ltr'>pro</span> <span class='ocrx_word' id='word_1_337' title='bbox 573 3767 749 3822; x_wconf 82' lang='lat' dir='ltr'>amico</span> <span class='ocrx_word' id='word_1_338' title='bbox 791 3767 1083 3834; x_wconf 90' lang='lat' dir='ltr'>sumendo;</span> <span class='ocrx_word' id='word_1_339' title='bbox 1109 3768 1406 3823; x_wconf 87' lang='lat' dir='ltr'>maximum</span> <span class='ocrx_word' id='word_1_340' title='bbox 1452 3775 1636 3823; x_wconf 83' lang='lat' dir='ltr'>autem</span> <span class='ocrx_word' id='word_1_341' title='bbox 1685 3764 1993 3821; x_wconf 77' lang='lat' dir='ltr'>dilectionis</span> <span class='ocrx_word' id='word_1_342' title='bbox 2038 3764 2275 3836; x_wconf 85' lang='lat' dir='ltr'>signum,</span> 
     </span>
     <span class='ocr_line' id='line_1_38' title="bbox 273 3851 2275 3928; baseline -0 -19"><span class='ocrx_word' id='word_1_343' title='bbox 273 3857 318 3909; x_wconf 76' lang='lat' dir='ltr'>si</span> <span class='ocrx_word' id='word_1_344' title='bbox 343 3862 513 3910; x_wconf 74' lang='lat' dir='ltr'>etiam</span> <span class='ocrx_word' id='word_1_345' title='bbox 537 3856 774 3912; x_wconf 83' lang='lat' dir='ltr'>animam</span> <span class='ocrx_word' id='word_1_346' title='bbox 803 3872 955 3912; x_wconf 87' lang='lat' dir='ltr'>suam</span> <span class='ocrx_word' id='word_1_347' title='bbox 986 3857 1256 3928; x_wconf 89' lang='lat' dir='ltr'>deponere</span> <span class='ocrx_word' id='word_1_348' title='bbox 1284 3856 1435 3920; x_wconf 74' lang='lat' dir='ltr'>velit,</span> <span class='ocrx_word' id='word_1_349' title='bbox 1462 3870 1557 3926; x_wconf 91' lang='lat' dir='ltr'>pro</span> <span class='ocrx_word' id='word_1_350' title='bbox 1583 3855 1758 3910; x_wconf 81' lang='lat' dir='ltr'>amico</span> <span class='ocrx_word' id='word_1_351' title='bbox 1790 3853 2088 3909; x_wconf 82' lang='lat' dir='ltr'>moriende.</span> <span class='ocrx_word' id='word_1_352' title='bbox 2120 3851 2275 3922; x_wconf 89' lang='lat' dir='ltr'>Quod</span> 
     </span>
     <span class='ocr_line' id='line_1_39' title="bbox 273 3943 2278 4019; baseline 0 -21"><span class='ocrx_word' id='word_1_353' title='bbox 273 3957 412 4017; x_wconf 83' lang='lat' dir='ltr'>ergo.</span> <span class='ocrx_word' id='word_1_354' title='bbox 431 3943 682 4002; x_wconf 85' lang='lat' dir='ltr'>Christ-us</span> <span class='ocrx_word' id='word_1_355' title='bbox 713 3960 812 4018; x_wconf 86' lang='lat' dir='ltr'>pro</span> <span class='ocrx_word' id='word_1_356' title='bbox 839 3944 996 4004; x_wconf 86' lang='lat' dir='ltr'>nobis</span> <span class='ocrx_word' id='word_1_357' title='bbox 1021 3945 1280 4019; x_wconf 81' lang='lat' dir='ltr'>patiendo</span> <span class='ocrx_word' id='word_1_358' title='bbox 1304 3945 1545 4002; x_wconf 83' lang='lat' dir='ltr'>animam</span> <span class='ocrx_word' id='word_1_359' title='bbox 1572 3956 1725 4002; x_wconf 84' lang='lat' dir='ltr'>suam</span> <span class='ocrx_word' id='word_1_360' title='bbox 1750 3943 1949 4017; x_wconf 86' lang='lat' dir='ltr'>posuit,</span> <span class='ocrx_word' id='word_1_361' title='bbox 1980 3943 2278 4000; x_wconf 83' lang='lat' dir='ltr'>maximum</span> 
     </span>
    </p>
   </div>
  </div>
 </body>
</html>
