2800 4492
597 324 718 389 506
1071 344 1126 393 s.
1169 346 1402 393 moun:
1441 346 1765 399 sommus
1812 347 2123 395 ornsoum

599 471 706 513 non
731 464 914 531 posset
945 458 1050 516 nisi
1081 466 1225 517 esset
1251 462 1552 536 composita
1594 478 1661 519 ex
1693 463 1921 519 materia
1944 468 2002 518 et
2027 462 2201 519 forma
2230 459 2607 518 contrarieta-

603 554 713 601 tem
749 546 1014 617 habente;
1047 550 1194 621 quod
1230 566 1350 609 esse
1380 566 1484 607 non
1526 558 1725 624 potest,
1750 551 1855 607 nisi
1885 556 2032 607 esset
2052 552 2391 607 elementum
2418 556 2517 605 aut
2542 564 2603 603 ex

601 634 902 703 elementis,
931 645 993 692 ut
1022 639 1232 711 antiqui
1259 639 1563 713 philosophi
1602 647 1916 712 posuerunt,
1950 656 2185 714 quorum
2213 639 2518 711 positiones
2548 639 2601 692 in

601 722 624 777 1
651 722 719 777 de
741 725 936 779 Anima
956 726 1334 797 reprobantur.
1362 729 1465 783 Per
1488 728 1742 784 accidens
1770 729 1937 785 etiam
1957 728 2233 801 eorrumpi
2264 742 2369 782 non
2404 732 2597 797 potest,

601 810 702 867 nisi
735 821 1026 884 poneretur
1054 815 1202 888 quod
1227 831 1332 873 non
1360 816 1587 873 haberet
1616 833 1735 873 esse
1764 834 1859 889 per
1892 832 1967 881 se,
2002 818 2097 873 sed
2128 816 2310 873 solum
2330 830 2453 871 esse
2478 830 2595 870 cum

601 899 725 966 alie,
745 901 888 958 sicut
914 908 996 958 est
1019 904 1088 959 de
1107 902 1228 960 aliis
1252 905 1442 965 formis
1465 905 1859 973 materialibus,
1884 921 2007 979 quae
2027 905 2247 978 proprie
2274 920 2379 960 nen
2403 903 2599 960 habent

601 1004 718 1045 esse
769 990 1071 1048 subsistens
1121 993 1219 1049 sed
1259 1001 1386 1050 sunt
1428 1010 1526 1067 per
1571 1010 1629 1052 se
1678 997 2105 1067 compositorum
2159 993 2592 1061 subsistentium,

601 1094 834 1152 quorum
855 1088 983 1137 sunt
1011 1090 1228 1153 partes;
1251 1088 1308 1137 et
1337 1083 1420 1138 sic
1448 1100 1542 1155 per
1562 1083 1815 1139 accidens
1841 1089 2265 1155 corrumpuntur
2286 1082 2596 1155 compositis

601 1171 892 1241 corruptis,
936 1170 1050 1226 Hoc
1083 1178 1267 1227 autem
1305 1170 1373 1226 de
1407 1172 1589 1227 anima
1630 1172 1882 1228 rationali
1919 1171 2028 1227 diei
2062 1186 2168 1227 non
2212 1178 2415 1242 potest.
2459 1171 2593 1225 Nam

601 1258 744 1331 quod
772 1274 878 1313 non
903 1258 1066 1315 habet
1093 1276 1188 1331 per
1217 1276 1275 1315 se
1297 1276 1437 1329 esse,
1464 1260 1800 1335 impossibile
1818 1268 1904 1317 est
1932 1260 2077 1332 quod
2104 1276 2198 1333 per
2228 1276 2288 1316 se
2312 1264 2592 1331 operetur;

603 1346 745 1401 unde
773 1346 938 1402 etiam
969 1347 1092 1405 aliae
1115 1348 1304 1407 formae
1333 1365 1443 1405 non
1460 1346 1773 1422 operantur,
1806 1348 1903 1405 sed
1922 1350 2353 1421 compositaper
2377 1346 2590 1402 formaS.

601 1436 798 1493 Anima
826 1446 1010 1495 autem
1042 1439 1326 1496 rationalis
1349 1440 1512 1496 habet
1552 1457 1645 1513 per
1672 1454 1733 1495 se
1768 1440 2156 1511 operationem,
2181 1453 2351 1511 quam
2388 1441 2593 1491 exercet

603 1525 749 1581 nullo
784 1541 988 1597 organo
1025 1542 1286 1600 corporeo
1327 1529 1639 1597 mediante;
1679 1528 1889 1583 scilieet
1923 1527 2265 1597 intelligere,
2312 1530 2373 1581 ut
2410 1524 2591 1599 probat

604 1615 956 1688 Philosophus
982 1633 1049 1673 ιιι
1078 1618 1146 1672 de
1174 1620 1374 1673 Anima*
1393 1620 1545 1687 (text.
1574 1634 1713 1673 com.
1736 1618 1804 1687 6).
1826 1619 1943 1673 Non
1975 1617 2119 1671 enim
2149 1622 2338 1687 posset
2362 1616 2590 1670 omnium

601 1698 938 1763 sensibilium
956 1706 1156 1762 formas
1175 1720 1521 1779 cognoscere,
1546 1707 1649 1763 nisi
1673 1706 1741 1763 ab
1765 1706 2017 1763 omnibus
2041 1705 2233 1761 formis
2255 1704 2591 1761 sensibilibus

603 1803 748 1851 esset
769 1795 1064 1862 denudata,
1095 1796 1180 1851 vel
1215 1798 1319 1852 nisi
1359 1801 1503 1852 esset
1544 1802 1699 1853 actus
1737 1796 1998 1862 omnium,
2032 1810 2156 1850 eum
2192 1793 2325 1850 nihil
2376 1794 2590 1866 recipiat

604 1884 746 1955 quod
785 1886 902 1955 Jam
947 1884 1130 1939 habet.
1173 1885 1404 1955 Oportet
1436 1902 1583 1957 ergo,
1626 1887 1672 1941 si
1712 1887 1893 1941 anima
1928 1901 2023 1957 per
2069 1882 2295 1956 aliquod
2339 1899 2588 1955 organum

603 1972 960 2043 intelligeret3
999 1973 1144 2044 quod
1185 1988 1344 2028 suum
1387 1988 1652 2045 organum
1680 1981 1893 2031 careret
1921 1972 2068 2029 omni
2111 1972 2289 2027 forma
2336 1971 2584 2039 sensibili,

605 2076 734 2118 cum
769 2077 956 2117 omnes
993 2061 1196 2118 formas
1232 2062 1515 2118 sensibiles
1554 2064 1627 2118 sit
1668 2068 1797 2119 nata
1839 2062 2181 2134 intelligere3
2221 2061 2365 2116 sicut
2402 2059 2588 2132 pupilla

605 2159 755 2207 caret
774 2151 917 2206 omni
945 2150 1126 2207 colore
1152 2151 1218 2207 ad
1239 2151 1342 2207 hoc
1370 2152 1515 2225 quod
1540 2153 1690 2208 visus
1718 2152 1891 2225 possit
1917 2166 2105 2207 omnes
2134 2149 2345 2207 colores
2372 2164 2587 2221 cognos-

604 2256 746 2297 cere.
771 2241 1107 2312 lmpossibile
1128 2248 1209 2296 est
1236 2248 1417 2297 autem
1438 2258 1557 2297 esse
1579 2242 1799 2314 aliquod
1821 2256 2080 2313 organum
2106 2239 2389 2312 corporale
2413 2254 2587 2295 carens

605 2327 752 2385 omni
781 2328 953 2385 forma
983 2329 1244 2387 sensibili.
1273 2330 1619 2403 Relinquitur
1646 2345 1775 2401 ergo
1805 2330 2170 2385 substantiam
2209 2329 2408 2384 arrimae
2431 2326 2586 2382 intel-

607 2418 820 2475 lectivae
863 2435 983 2475 esse
1015 2419 1501 2491 incorruptibilem.
1551 2420 1705 2476 Unde
1735 2423 1789 2475 et
1816 2418 2171 2491 Philosophus
2210 2418 2347 2473 dicit
2388 2418 2490 2472 int
2526 2416 2586 2470 de

607 2508 819 2574 Anima,
848 2509 992 2581 quod
1034 2508 1342 2565 intellectus
1386 2508 1600 2563 videtur
1629 2524 1749 2565 esse
1772 2507 2079 2564 substantia
2108 2507 2384 2581 quaedam,
2414 2513 2465 2561 et
2494 2520 2589 2560 non

605 2585 902 2668 corrumpi.
2106 2669 2112 2675 -
2564 2591 2569 2593 ’

677 2687 831 2741 Hunc.
857 2690 1038 2741 autem
1075 2685 1535 2759 incorruptibilem
1582 2685 1918 2742 intellectum
1954 2686 2178 2759 quidam
2222 2688 2422 2758 ponunt
2444 2691 2589 2740 extra

607 2772 852 2828 homines
879 2790 1018 2840 esse,
1051 2784 1314 2847 ponentes
1338 2776 1595 2842 animam,
1630 2790 1752 2849 quae
1782 2786 1865 2831 est
1894 2792 2023 2848 pars
2048 2776 2303 2842 hominiS,
2331 2772 2590 2846 corrupti-

607 2860 770 2915 bilem
798 2861 930 2927 fore,
965 2864 1054 2933 qui
1090 2870 1293 2933 ponunt
1319 2863 1655 2919 intellectum
1694 2870 2006 2937 separatum
2030 2864 2337 2920 continuari
2368 2861 2588 2932 duplici-

606 2954 710 3005 ter.
757 2950 876 3005 Uno
929 2950 1086 3005 modo
1129 2966 1223 3022 per
1270 2950 1711 3019 illustrationem,
1766 2952 2065 3008 secundum
2113 2967 2207 3007 eos
2256 2952 2347 3025 qui
2392 2956 2586 3023 ponunt

608 3036 945 3093 intellectum
976 3045 1224 3109 agentem
1253 3046 1567 3111 separatum
1592 3025 2080 3113 incorruptibilem,
2110 3040 2444 3095 intellectum
2468 3053 2585 3093 vero

587 3127 918 3199 possibilem
963 3130 1313 3199 conjunctum
1351 3130 1782 3203 corruptibilem.
1814 3129 1933 3185 Alio
1980 3128 2142 3184 modo
2170 3145 2267 3201 per
2312 3127 2587 3184 continua-

611 3217 812 3271 tionem
857 3216 1164 3275 intellectus
1212 3218 1279 3275 ad
1321 3203 1720 3290 phantasmata,
1769 3209 2068 3274 secundum
2110 3232 2205 3273 eos
2248 3217 2585 3291 quiponunt

609 3304 774 3358 etiam
800 3304 1133 3361 intellectum
1159 3307 1471 3379 possibilem
1495 3324 1614 3363 esse
1640 3314 1955 3380 separatum
1981 3306 2461 3379 incorruptibilem.
2489 3304 2582 3361 Sed

607 3391 840 3465 primum
880 3392 1074 3448 horum
1104 3410 1222 3451 esse
1263 3412 1367 3451 non
1398 3401 1611 3468 potest3
1651 3397 1778 3468 quia
1806 3396 1853 3452 si
1884 3394 1937 3451 in
1982 3396 2138 3451 nobis
2172 3411 2277 3451 non
2310 3400 2391 3451 est
2418 3394 2585 3465 aliqua

606 3480 782 3536 virtus
809 3480 914 3537 nisi
955 3483 1292 3551 materialis;
1337 3483 1518 3540 lumen
1564 3483 1869 3541 intellectus
1911 3484 2123 3557 agentis
2169 3500 2279 3540 non
2319 3476 2509 3556 'poterit
2537 3484 2587 3536 in

609 3568 762 3625 nobis
792 3570 958 3641 recipi
993 3571 1096 3627 nisi
1128 3571 1502 3639 materialiter,
1530 3589 1653 3629 cum
1690 3581 1969 3647 receptum
1998 3574 2071 3628 sit
2096 3575 2151 3627 in
2182 3573 2471 3645 recipiente
2498 3586 2587 3643 per

607 3660 830 3715 modum
857 3659 1168 3731 recipientis
1187 3666 1284 3730 ;-et
1311 3661 1388 3717 ita
1421 3678 1528 3718 non
1556 3662 1851 3734 recipietur
1875 3660 2035 3717 modo
2064 3661 2409 3732 intelligibili,
2441 3667 2491 3715 et
2515 3659 2587 3716 sic

609 3763 706 3803 nos
736 3765 838 3803 non
865 3748 1162 3821 poterimus
1187 3767 1304 3807 esse
1335 3750 1719 3823 intelligenteS.
1748 3750 2009 3808 Similiter
2032 3750 2334 3807 secundum
2358 3765 2468 3805 esse
2488 3764 2587 3803 non

609 3844 787 3908 potest
812 3856 824 3891 τ
848 3854 972 3893 nam
1005 3840 1382 3911 phantasmata
1406 3848 1529 3895 sunt
1554 3843 1608 3896 in
1638 3840 1793 3897 nobis
1820 3858 1913 3913 per
1936 3849 2179 3897 nostram
2207 3840 2584 3914 operationem,

609 3939 732 3996 quae
759 3927 1004 3998 sequitur
1033 3944 1151 3987 esse
1194 3918 1587 4001 subsl'antiale3
1620 3931 1749 4004 quia
1785 3931 1866 3987 sic
1906 3930 2067 3989 homo
2100 3945 2203 3987 non
2228 3928 2449 3986 haberet
2475 3942 2587 3984 esse
