2800 4492
523 290 642 355 558
1001 314 1056 359 s.
1100 310 1334 356 worm
1374 308 1706 362 mmmm
1746 308 2052 357 croscum

530 426 732 499 tionem
753 442 768 497 3
801 426 944 488 idest
969 433 1152 485 utrum
1177 427 1396 502 propria
1421 428 1625 486 virtute
1648 427 1894 497 mundet,
1922 426 2009 485 vel
2036 426 2244 485 virtute
2268 422 2535 487 concomi-

529 522 704 573 tante.

595 603 918 677 Respondeo
937 602 1248 673 dicendum,
1271 605 1419 679 quod
1446 602 1647 677 duplex
1670 612 1755 662 est
1782 604 2037 679 opinio-in
2060 602 2397 677 hujusmodi5
2428 618 2534 661 non

527 693 702 750 solum
732 694 800 750 de
829 708 993 768 aqua,
1025 695 1120 751 sed
1146 693 1216 750 de
1239 695 1495 751 omnibus
1516 690 1779 751 Ecclesia
1805 695 2186 751 sacramentis,

596 781 830 852 Quidam
859 784 1002 838 enim
1049 782 1256 851 dicunt,
1308 783 1455 856 quod
1506 790 1851 841 sacramenta
1900 795 2003 839 non
2042 782 2245 839 habent
2276 781 2535 837 virtutem

529 870 613 927 vel
643 873 754 928 vim
797 872 1060 945 operandi
1099 872 1154 928 in
1192 871 1394 939 anima,
1440 870 1537 929 sed
1568 863 1782 930 t'antum
1826 880 2002 941 extra,
2034 871 2319 927 etdivida
2362 871 2535 925 virtus

529 961 901 1017 concomitans
921 961 1052 1017 facit
1069 960 1221 1016 illum
1241 960 1529 1017 effectum:
1554 966 1609 1017 et
1630 960 1894 1017 inducunt
1911 960 2222 1033 ⁸exemplum
2252 960 2534 1015 Bernardi.

529 1048 612 1127 Sit
663 1048 860 1122 aliquis
911 1048 1212 1123 Episcopus
1254 1048 1348 1123 qui
1397 1048 1659 1105 investiat
1700 1049 1941 1123 aliquem
1988 1050 2056 1105 de
2101 1048 2401 1122 praebenda
2442 1062 2537 1121 per

418 1190 426 1196 .
532 1137 810 1206 ermulum,
837 1137 1070 1194 annulus
1097 1153 1203 1193 non
1247 1144 1330 1193 est
1357 1152 1523 1194 causa
1552 1136 1881 1210 praebendae‚
1910 1137 2004 1194 sed
2034 1137 2274 1209 signum.
2300 1136 2408 1193 Sed
2439 1138 2537 1193 hoc

533 1242 637 1283 non
663 1236 745 1283 est
768 1244 900 1284 sane
933 1228 1141 1284 dictum
1175 1245 1188 1282 τ
1217 1227 1346 1300 quia
1383 1228 1466 1283 sic
1506 1240 1613 1283 non
1655 1236 1802 1283 esset
1839 1227 2023 1299 aliqua
2054 1227 2423 1299 praerogativa
2446 1242 2537 1281 sa-

531 1323 933 1373 cramentorum
973 1332 1128 1373 novae
1170 1316 1304 1389 legis
1354 1315 1424 1373 ad
1470 1321 1655 1373 vetera
1689 1316 1863 1389 :quia
1906 1316 2075 1391 etiam
2118 1316 2185 1370 in'
2219 1314 2327 1369 illis
2367 1314 2536 1393 virtus

531 1406 858 1461 coassistens
901 1405 1026 1461 fidei
1063 1404 1403 1461 credentium
1448 1405 1501 1459 in
1530 1402 1809 1460 Christum
1846 1396 2135 1460 venturum
2171 1402 2532 1473 justificabat.

602 1493 671 1549 Et
701 1492 821 1550 ideo
847 1493 1156 1559 dicendum,
1187 1493 1330 1566 quod
1361 1498 1704 1549 sacramenta
1736 1490 1939 1547 habent
1962 1491 2014 1547 in
2044 1506 2102 1546 se
2127 1491 2392 1546 virtutem
2416 1493 2536 1562 jus-

537 1581 802 1650 tificandi,
829 1592 884 1639 et
910 1580 1047 1639 alios
1075 1582 1301 1642 effectus
1325 1580 1395 1637 ad
1431 1595 1569 1654 quos
1595 1580 1937 1645 ordinantur,
1972 1588 2024 1635 et
2056 1594 2162 1634 non
2187 1578 2368 1633 solum
2396 1578 2535 1651 quod

535 1671 645 1727 sint
669 1671 918 1743 signum;
949 1671 1090 1727 unde
1122 1670 1495 1743 Augustinus:
1528 1668 1655 1735 Quoe
1674 1676 1750 1725 est
1778 1674 1935 1727 tanta
1954 1668 2037 1725 vis
2060 1684 2230 1741 aqum,
2257 1674 2321 1725 ut
2350 1684 2535 1741 corpus

536 1764 722 1829 tanqat
750 1766 799 1815 et
819 1776 910 1814 coi·
932 1757 1164 1817 abluat?
2050 1811 2052 1813 .

605 1847 894 1902 Sciendum
927 1854 1127 1915 tamen,
1157 1847 1301 1920 quod
1333 1845 1532 1919 duplex
1570 1852 1654 1904 est
1686 1847 1894 1915 virtus3
1922 1846 2135 1904 scilicet
2158 1854 2214 1903 et
2242 1846 2457 1920 propria
2482 1852 2533 1900 rt

537 1934 951 2000 instrumentalis,
978 1936 1120 1989 sicut
1150 1942 1302 2008 patet
1343 1936 1396 1990 in
1423 1950 1595 1991 serra.
1618 1934 1713 1991 Sic
1750 1945 2090 1992 sacramenta
2128 1934 2331 1992 habent
2358 1938 2532 1992 virtu-

539 2028 650 2076 tem
692 2020 1161 2078 instrumentalem
1197 2023 1263 2078 ad
1302 2022 1643 2095 spiritualem
1683 2024 1975 2079 effectum:
2014 2023 2143 2096 quia
2184 2036 2311 2079 cum
2352 2037 2533 2079 sacra·

538 2116 781 2166 mentum
806 2109 1093 2167 adhibetur
1122 2128 1246 2167 cum
1276 2110 1620 2167 invocatione
1644 2110 1849 2178 divina,
1878 2112 2045 2167 efficit
2078 2112 2219 2168 huuc
2264 2109 2530 2169 effectum.

539 2200 606 2255 Et
635 2199 738 2255 hoc
761 2206 844 2255 est
868 2201 1229 2257 conveniens:
1257 2201 1387 2273 quia
1410 2198 1665 2266 Verbum,
1699 2216 1792 2271 per
1817 2200 1960 2273 quod
1987 2201 2169 2256 omnia
2195 2210 2533 2257 sacramenta

541 2288 800 2343 virtutem
841 2288 1060 2356 habent,
1107 2288 1296 2345 habuit
1338 2304 1580 2355 carnem,
1612 2293 1668 2343 et.
1703 2288 1804 2343 fuit
1843 2288 2079 2344 Verbum
2128 2290 2225 2345 Dei
2259 2305 2275 2344 ε
2316 2299 2372 2346 et
2400 2290 2535 2345 sicut

510 2422 516 2428 .
542 2393 670 2435 caro
693 2376 893 2435 Christi
920 2378 1110 2435 habuit
1139 2379 1398 2434 virtutem
1432 2377 1907 2434 instrumentalem
1936 2378 2003 2434 ad
2034 2377 2346 2435 laciendum
2372 2380 2537 2434 mira-

543 2468 664 2524 cula
693 2474 916 2541 propter
944 2469 1379 2541 conjunctionem
1412 2467 1481 2523 ad
1512 2466 1768 2535 Verbum,
1802 2467 1881 2523 ita
1908 2474 2255 2525 sacramenta
2282 2482 2380 2541 per
2406 2482 2537 2523 con·
2630 2526 2637 2535 ,

538 2558 874 2630 junctionem
903 2556 972 2613 ad
1001 2556 1276 2614 Christum
1303 2557 1625 2613 crucifixum
1649 2563 1707 2612 et
1733 2572 1972 2629 passum.

1257 2754 1655 2851 QUAESTIO
1698 2754 1822 2823 xl.

615 2911 824 2968 Deinde
843 2913 1131 2986 quaesitum
1157 2900 1243 2973 est
1258 2912 1326 2970 de
1345 2912 1669 2987 poenitentia
1692 2916 1779 2971 :et
1808 2914 1980 2987 prima
2000 2918 2181 2971 utrum
2207 2930 2314 2971 non
2339 2912 2539 2971 habens

542 3017 732 3059 euram
761 3002 1065 3089 animarum
1093 2994 1267 3075 possit
1295 3002 1577 3061 absolvere
1604 3005 1658 3060 in
1686 3004 1804 3061 foro
1827 3004 2202 3061 consessionis.

1213 3181 1669 3245 ARTICULUS
1726 3178 1867 3245 XV.

557 3306 777 3377 Utrum
803 3330 921 3374 non
945 3312 1163 3377 habens
1180 3333 1386 3379 curam
1414 3316 1753 3379 animarum
1772 3311 1976 3393 possit,
2001 3309 2304 3378 absolvere
2320 3312 2388 3376 in
2406 3315 2542 3391 foro

625 3402 1036 3568 οὲφὲςεεεὶοπίε.
1078 3437 1156 3449 --
1187 3404 1271 3483 (4,
1317 3404 1462 3466 dist.
1508 3403 1605 3480 13,
1649 3409 1858 3485 quoest.
1894 3402 1954 3481 1,
1983 3408 2107 3467 art.
2156 3404 2189 3465 1
2234 3408 2446 3491 quaest.
2479 3402 2539 3477 3,

621 3508 650 3551 e
769 3527 790 3547 .

610 3622 932 3695 Respondeo
956 3618 1265 3691 dieendum,
1294 3624 1440 3697 quod
1479 3624 1639 3701 aliter
1662 3632 1765 3683 est
1806 3625 1861 3682 in
1899 3634 2245 3685 sacramento
2269 3625 2546 3699 poeniten-

542 3710 656 3775 tiae,
689 3718 744 3766 et
771 3711 932 3767 aliter
959 3714 1012 3767 in
1043 3713 1370 3785 quibusdam
1406 3714 1529 3771 aliis
1554 3717 1933 3773 sacramentis·
1964 3715 2103 3772 Nam
2132 3716 2185 3770 in
2216 3712 2546 3787 quibusdam

541 3797 635 3871 qui
659 3797 822 3857 habet
858 3800 1334 3876 ordinem‚,potest
1375 3820 1441 3859 ex
1480 3803 1583 3865 hoc
1626 3805 1743 3877 ipso
1774 3792 2029 3861 inducere
2058 3804 2314 3859 effectum
2352 3816 2548 3857 sacra-

546 3887 712 3942 menti
744 3887 796 3943 in
826 3889 971 3945 omni
1009 3904 1169 3960 casu3
1215 3891 1424 3949 scilicet
1470 3891 1528 3948 in
1570 3890 1675 3949 illis
1704 3888 1760 3949 ln
1791 3890 1989 3967 quibus
2014 3889 2161 3967 quod
2203 3897 2287 3951 est
2316 3886 2546 3953 effectus
