2800 4492
568 350 649 413 70
1045 372 1096 417 s.
1143 370 1376 415 'moiun
1418 370 1748 423 Aonium-is
1788 370 2099 415 opuscuna

570 484 671 539 bus
717 484 932 542 locatiS.
963 486 1081 543 Non
1125 488 1269 543 enim
1313 493 1495 560 potest
1531 487 1659 554 dici,
1702 486 1847 560 quod
1891 487 2035 543 inter
2082 484 2173 545 illa
2216 486 2323 543 duo
2372 488 2580 557 puncta

571 573 715 628 nulla
753 575 826 630 sit
861 574 1022 641 linea,
1051 592 1228 649 neque
1255 576 1404 649 qnod
1431 576 1589 631 unius
1620 575 1783 631 locati
1828 575 1969 631 linea
2010 577 2186 648 magis
2232 576 2305 631 sit
2343 574 2491 629 inter
2516 588 2579 627 ea

571 676 735 733 quam
765 662 891 729 alia,
925 679 1101 745 neque
1131 664 1274 736 qnod
1324 666 1396 720 sit
1436 663 1511 719 ibi
1550 663 1732 735 aliqua
1776 680 1882 719 nna
1930 664 2071 720 linea
2117 670 2311 736 praeter
2344 676 2582 733 corpora

571 749 750 806 locata
773 768 896 825 quae
921 752 991 807 sit
1022 753 1163 809 iuter
1189 754 1294 809 duo
1321 761 1521 825 puncta
1546 752 1672 820 loci,
1705 754 1835 825 quia
1878 754 1958 809 sic
1992 753 2087 809 illa
2123 752 2265 809 linea
2295 759 2442 808 esset
2474 766 2583 805 non

571 839 626 893 in
655 838 901 913 subjecto
919 858 936 909 3·
957 857 1087 913 ergo
1107 841 1443 914 impossibile
1468 850 1555 899 est
1578 842 1685 897 duo
1713 856 1941 914 corpora
1964 842 2127 898 simul
2154 856 2273 897 esse
2298 840 2351 897 in
2384 840 2583 895 eodem

574 926 711 984 locO.
939 996 944 1001 .
1303 988 1315 1000 ,

643 1017 798 1084 Item,
826 1017 1258 1077 demonstratum
1283 1029 1368 1077 est
1399 1020 1452 1076 in
1478 1021 1796 1092 geometria,
1826 1020 1971 1092 quod
2002 1020 2111 1075 duo
2140 1017 2329 1075 circuli
2377 1032 2491 1074 non
2525 1029 2583 1069 se

572 1105 894 1178 contingunt
937 1110 1039 1165 nisi
1087 1110 1142 1165 in
1171 1118 1372 1183 puncto
1406 1128 1419 1164 :
1453 1110 1547 1165 sed
1593 1110 1638 1163 si
1698 1124 1963 1181 ponamus
2002 1108 2111 1164 du'o
2146 1122 2376 1180 corpora
2414 1103 2583 1161 simul

573 1199 694 1251 esse
723 1195 776 1250 in
805 1197 997 1253 eodem
1028 1198 1165 1265 loco,
1193 1206 1455 1272 sequetur
1478 1197 1625 1270 quod
1658 1198 1769 1253 duo
1800 1196 1991 1253 circuli
2024 1197 2266 1252 contenti
2314 1196 2368 1251 in
2404 1193 2486 1249 eis
2520 1209 2583 1269 ⁸se

573 1286 873 1341 secundum
915 1293 1090 1343 totum
1132 1288 1484 1359 contingant3
1516 1302 1647 1358 ergo
1690 1286 2025 1359 impossibile
2071 1291 2155 1340 est
2199 1284 2309 1340 duo
2348 1298 2583 1355 corpora

574 1372 734 1428 simul
764 1389 883 1429 esse
908 1375 962 1430 in
987 1376 1178 1431 eodem
1211 1375 1352 1432 loco.

644 1463 799 1529 Item,
831 1478 1190 1537 quaecumque
1217 1465 1310 1521 uni
1335 1469 1391 1520 et
1416 1463 1594 1520 eidem
1630 1470 1757 1519 sunt
1792 1462 2003 1528 eadem,
2037 1449 2155 1534 ipsa
2197 1460 2301 1519 sibi
2341 1460 2581 1515 invicem

574 1553 916 1609 sunteadem
949 1571 962 1608 t
992 1556 1086 1609 sed
1129 1570 1253 1609 cum
1295 1558 1547 1625 oporteat
1582 1567 1745 1608 unam
1788 1568 1906 1607 esse
1952 1550 2346 1606 dimensionem
2392 1549 2499 1603 loci
2530 1554 2584 1605 et

577 1639 760 1707 locati,
793 1656 861 1696 ex
901 1658 966 1696 eo
996 1642 1139 1714 quod
1171 1658 1275 1696 non
1305 1647 1389 1695 est
1418 1656 1617 1713 ponere
1646 1640 2037 1696 dimensionem
2072 1640 2189 1695 sine
2235 1638 2509 1709 subjecte,
2536 1636 2583 1693 si

575 1727 683 1781 duo
731 1740 956 1799 corpora
995 1730 1114 1803 ‚sint
1159 1728 1328 1784 simul
1373 1729 1426 1783 in
1478 1728 1670 1784 eodem
1722 1728 1857 1793 loen,
1905 1734 2167 1801 sequetur
2212 1727 2585 1782 dimensiones

579 1816 862 1889 utriusque
891 1818 1134 1888 corporis
1159 1833 1280 1873 esse
1311 1817 1531 1872 easdem
1556 1832 1681 1872 cum
1716 1817 2144 1873 dimensionibus
2169 1816 2301 1884 loci;
2330 1830 2462 1887 ergo
2492 1830 2585 1871 se-

579 1912 777 1975 quetur
802 1920 898 1960 eas
925 1920 1044 1960 esse
1067 1904 1287 1961 easdem
1317 1905 1385 1961 ad
1428 1905 1681 1971 invicem,
1714 1905 1859 1977 quod
1890 1912 1973 1960 est
2002 1903 2353 1977 impossibile.

646 1990 966 2064 Respondeo
1003 1992 1310 2061 dicendum,
1361 1994 1510 2065 quod
1548 1994 1604 2049 in
1640 1993 1724 2049 his
1768 2010 1891 2067 quae
1931 1994 2073 2067 apud
2120 2008 2219 2049 nos
2264 1999 2414 2059 sunt,
2459 2008 2586 2065 quae

580 2095 765 2136 omnes
789 2096 908 2136 esse
937 2096 1165 2157 corpora
1199 2082 1545 2148 confitentur,
1575 2081 1644 2138 ad
1682 2098 1900 2138 sensum
1926 2083 2194 2149 videmus,
2222 2084 2368 2153 quod
2410 2080 2589 2137 adve-

580 2168 761 2224 niente
782 2185 888 2224 uno
913 2186 1138 2243 corpore
1154 2171 1226 2245 ‘ad
1253 2171 1492 2244 aliquem
1522 2170 1719 2237 locum,
1738 2171 1883 2226 aliud
1914 2186 2111 2242 corpus
2132 2171 2201 2227 ab
2232 2170 2327 2237 illo
2352 2170 2588 2242 expelli-

577 2246 686 2312 turss
713 2256 862 2313 Unde
889 2260 1261 2332 experimento
1279 2267 1431 2331 patet
1456 2258 1589 2315 talia
1613 2274 1841 2331 corpora
1868 2259 1977 2315 duo
2010 2260 2061 2313 in
2090 2260 2281 2314 eodem
2314 2257 2433 2313 loco
2464 2274 2587 2314 esse

576 2360 682 2400 non
739 2361 917 2417 posse.
971 2347 1205 2416 Quidam
1263 2355 1447 2405 autem
1492 2349 1701 2416 dicunt,
1744 2347 1887 2419 quod
1924 2363 2029 2402 non
2066 2346 2429 2422 prohibentur
2476 2348 2586 2402 dno

576 2437 770 2491 horum
789 2451 1078 2510 corporum
1099 2437 1168 2493 ab
1191 2436 1295 2494 hoc
1309 2437 1459 2511 quod
1481 2438 1591 2491 sint
1614 2436 1773 2491 simul
1792 2441 2014 2508 propter
2038 2436 2483 2508 corporeitatem,
2502 2434 2587 2491 vel

575 2532 797 2597 propter
823 2525 1030 2598 aliquid
1061 2526 1204 2598 quod
1231 2527 1303 2581 sit
1329 2527 1398 2581 de
1428 2526 1639 2581 ratione
1673 2524 1917 2597 corporis
1948 2524 1999 2579 in
2030 2532 2297 2596 quantum
2340 2537 2584 2595 coi-pust

575 2613 656 2667 sic
685 2614 829 2667 enim
853 2614 1072 2669 omnino
1111 2620 1431 2686 seque-retur
1467 2614 1575 2669 duo
1612 2628 1839 2684 corpora
1884 2613 2155 2685 prohiberi
2185 2612 2255 2669 ab
2290 2612 2395 2667 boc
2436 2612 2586 2683 quod

576 2708 804 2755 estesse
828 2700 1008 2756 simul.
1040 2700 1146 2756 Sed
1171 2701 1361 2761 dicunt
1384 2700 1529 2771 quod
1558 2700 1913 2771 prohibentur
1938 2700 2007 2754 ab
2050 2700 2153 2755 hoc
2195 2708 2415 2773 propter
2454 2716 2587 2755 cor-

578 2786 878 2857 pulentiam
924 2788 1166 2859 ipsorum
1209 2804 1226 2841 z
1269 2790 1364 2842 sed
1408 2787 1675 2860 quidquid
1710 2788 1783 2842 sit
1826 2786 1945 2853 hoc,
1982 2788 2128 2858 quod
2183 2788 2584 2861 corpulentiam

581 2876 862 2931 nominant
903 2877 1020 2931 eive
1055 2874 1317 2942 densitate,
1351 2875 1469 2931 sive
1511 2875 1817 2946 impuritaS,
1844 2875 1961 2930 sive
2002 2876 2434 2947 corruptibilitas
2476 2876 2587 2933 ali-

581 2979 814 3034 quorum
849 2979 1156 3037 corporum,
1183 2963 1269 3021 vel
1298 2964 1467 3019 etiam
1504 2962 1687 3036 aliqua
1715 2970 1917 3019 natura
1952 2964 2207 3036 specialis
2238 2974 2451 3021 naturae
2484 2981 2587 3037 ge-

583 3051 752 3107 nerali
779 3052 1160 3125 corpor-citatis
1186 3052 1559 3125 superaddita,
1594 3068 1699 3107 non
1726 3057 1903 3124 potest
1934 3068 2053 3108 esse
2077 3068 2243 3109 causa
2271 3052 2583 3124 hujusmodi

581 3140 980 3213 prohibitionis·
1037 3142 1318 3197 Invenitur
1367 3141 1515 3196 enim
1570 3140 1768 3211 duplex
1822 3142 2159 3213 comparatio
2211 3142 2456 3213 corporis
2514 3141 2583 3198 ad

581 3226 777 3283 locum.
807 3230 944 3297 Una,
978 3229 1276 3285 secundnm
1307 3245 1473 3302 quam
1518 3228 1738 3301 ponitur
1767 3228 1823 3283 in
1854 3229 1957 3285 hoc
1973 3210 2125 3296 loce,
2148 3229 2234 3286 vel
2276 3229 2369 3286 illo
2398 3230 2585 3287 deter-

579 3317 784 3371 minato
814 3334 826 3370 :
855 3323 912 3373 et
937 3317 1056 3374 haec
1095 3320 1433 3390 comparatio
1474 3317 1723 3392 sequitur
1766 3323 2019 3375 naturam
2058 3317 2350 3390 specialem
2393 3317 2580 3389 hujuS,

579 3404 662 3461 vel
706 3405 850 3461 illius
885 3406 1164 3479 corporis:
1196 3408 1348 3463 sicut.
1377 3407 1522 3479 quod
1559 3406 1751 3477 gravia
1797 3422 1865 3462 ex
1904 3412 2101 3463 natura
2135 3404 2426 3477 gravitatis
2471 3408 2584 3462 sint

577 3493 852 3563 deorsum,
879 3493 1020 3550 levia
1049 3502 1232 3551 autem
1256 3510 1495 3551 sursum.
1512 3495 1635 3552 Alia
1654 3510 1784 3553 vero
1809 3496 2148 3568 comparatio
2174 3500 2257 3550 est
2281 3494 2587 3552 secundum

578 3599 743 3656 quam
768 3581 1321 3655 dicitur.simpliciter
1350 3582 1403 3639 in
1427 3584 1544 3639 loco
1573 3592 1795 3640 esse:et
1820 3582 1939 3640 haec
1966 3583 2305 3655 comparatio
2332 3584 2586 3657 sequitur

577 3688 775 3745 corpus
798 3688 864 3728 ex
892 3672 1010 3744 ipsa
1039 3677 1234 3728 natura
1264 3672 1665 3745 corpor-citatis,
1686 3688 1791 3729 non
1823 3680 2044 3745 propter
2074 3671 2281 3745 aliquid
2311 3672 2587 3733 additum·

577 3761 886 3819 Secundum
911 3761 1016 3817 hoc
1033 3762 1177 3817 enim
1201 3778 1400 3835 corpus
1425 3768 1508 3829 est
1538 3762 1592 3817 in
1617 3762 1755 3827 loco,
1788 3760 1935 3835 quod
1966 3776 2023 3817 se
2044 3760 2171 3817 -loco
2199 3762 2584 3820 commetitur:

581 3852 684 3906 hoc
711 3858 896 3907 autem
922 3858 1006 3908 est
1035 3851 1332 3907 secundum
1359 3851 1506 3924 quod
1536 3858 1620 3907 est
1658 3850 2117 3908 dimensionatum
2155 3850 2587 3909 dimensionibus

582 3940 905 4023 aequalibuS,
937 3946 994 3998 et
1029 3939 1299 3998 similibus
1340 3940 1771 3999 dimensionibus
1812 3938 1959 3999 loci:
1992 3939 2359 4000 dimensiones
2400 3946 2590 4011 autem
