2800 4492
717 329 828 373 xu.
860 345 939 359 -
969 328 1396 379 Quonmunwu
1438 330 1715 376 »nemum
1998 372 2001 375 ,
2099 318 2217 383 509

210 422 472 503 videntur
496 460 528 503 a
558 444 714 501 nobis
738 445 792 501 in
813 452 961 501 statu
991 444 1115 511 viae,
1145 460 1272 503 curn
1299 460 1402 501 nec
1432 446 1550 520 ipsa
1593 463 1689 519 per
1730 462 1887 505 suam
1923 440 2239 507 essentiam?

211 551 242 592 a
271 533 584 593 viatoribus
610 533 898 599 videatur;
925 533 1020 589 sed
1063 538 1118 587 in
1166 533 1282 606 ipsa
1312 534 1526 590 ratione
1566 551 1679 592 suae
1709 537 1980 608 imaginis,
2007 539 2217 595 scilicet
2258 582 2261 589 .

212 620 468 679 veritatis
496 621 568 679 ab
594 636 657 677 ea
687 620 1029 694 exemplatas,
1061 620 1237 676 omnis
1264 622 1470 677 veritas
1494 637 1527 678 a
1555 622 1709 679 nobis
1734 626 2081 696 cognoscitur
2113 642 2127 680 z
2159 634 2215 682 et

211 712 414 769 exinde
441 719 525 766 est
563 710 706 782 quod
738 711 846 765 duo
881 708 1025 765 idem
1053 724 1242 765 verum
1277 710 1483 775 vident,
1517 710 1572 766 in
1612 720 1879 784 quantum
1920 713 1989 769 ab
2026 713 2217 770 eadem

212 801 390 872 prima
422 794 653 855 §feritate
678 797 908 853 resultat
937 796 1244 870 exemplata
1280 798 1485 853 veritas
1514 798 1570 854 in
1602 808 1781 856 mente
1810 801 2130 875 utriusque3
2162 808 2215 857 et

213 890 288 944 ita
317 886 736 959 intelligendum
765 893 848 941 est
874 885 1079 941 dictum
1106 884 1417 957 Augustini.

277 975 351 1031 Et
382 974 462 1031 sic
483 980 634 1047 patet
656 972 854 1029 solutio
884 972 952 1029 ad
983 972 1238 1045 primum.

279 1064 370 1120 Ad
419 1062 720 1119 secundum
771 1061 1081 1127 dicendum,
1124 1061 1268 1135 quod
1315 1062 1527 1136 operati
1577 1062 1777 1136 aliqua,
1806 1064 1923 1120 sive
1976 1080 2213 1136 movere,

211 1152 418 1209 dicitur
447 1150 758 1224 dupliciter.
786 1150 905 1206 Uno
943 1150 1103 1206 modo
1142 1150 1285 1206 sicut
1323 1150 1589 1223 principio
1634 1152 1844 1208 formati
1885 1155 2216 1225 operationis

213 1241 295 1297 vel
327 1246 543 1308 motus;
574 1247 630 1295 et
659 1238 739 1294 sic
763 1246 979 1309 oportet
1003 1238 1147 1312 quod
1190 1240 1358 1295 motio
1390 1240 1657 1296 moventis
1689 1241 1773 1295 vei
1799 1246 2041 1313 operatio
2083 1262 2218 1317 ope-

212 1330 390 1386 rantis
417 1328 739 1384 terminetur
767 1326 837 1383 ad
876 1325 929 1381 id
959 1326 1104 1398 quod
1130 1336 1386 1400 operatur
1418 1346 1430 1381 :
1457 1343 1562 1382 non
1602 1329 1746 1384 enim
1778 1330 1915 1401 ignis
1944 1332 2213 1390 calefacit.

209 1419 333 1474 Alio
374 1417 538 1472 modo
567 1416 709 1471 sicut
738 1414 1130 1483 instnument03
1157 1422 1213 1470 et
1253 1415 1333 1469 sic
1376 1415 1545 1469 motio
1589 1418 1856 1473 moventis
1896 1420 2219 1475 terminatur

209 1508 278 1567 ad
303 1507 361 1563 id
391 1506 539 1580 quod
562 1504 936 1572 movet;sicut
964 1518 1158 1559 manus
1182 1502 1374 1559 baculo
1401 1510 1584 1559 movet
1614 1504 1936 1577 lapidem,et
1968 1506 2217 1565 baculum

210 1604 420 1651 movet.
450 1594 508 1649 ld
545 1608 675 1665 ergo
708 1607 818 1665 quo
847 1591 1225 1663 cognoscimus
1261 1592 1404 1646 sicut
1446 1593 1823 1659 instrumento,
1848 1600 2060 1667 oportet
2098 1613 2216 1670 esse

208 1684 372 1741 nobis
397 1682 574 1756 primo
599 1687 822 1747 notum;
854 1688 908 1736 et
937 1680 1019 1735 sic
1042 1678 1423 1749 cognoscimus
1462 1680 1837 1737 conclusiones
1871 1700 1966 1755 per
2008 1685 2216 1758 princi·

210 1774 301 1847 pia
331 1771 656 1828 naturaiiter
683 1777 833 1837 nota,
863 1769 930 1823 ad
961 1783 1085 1841 quae
1127 1774 1477 1839 comparatur
1525 1767 1833 1827 intellectus
1876 1787 2041 1843 agens
2076 1774 2215 1830 sicut

210 1862 278 1917 ad
327 1860 714 1924 instrumenta,
747 1863 808 1912 ut
849 1856 984 1912 dicit
1026 1858 1433 1913 commentator
1469 1857 1521 1912 in
1567 1872 1636 1913 ιιι
1682 1858 1750 1913 de
1792 1860 2007 1917 Anima.
2032 1862 2134 1918 Sed
2164 1864 2215 1919 id

209 1967 324 2023 quo
351 1946 733 2020 cognoscimus
763 1947 903 2001 sicut
942 1944 1114 2001 forma
1143 1945 1542 2017 cognoscentiS,
1578 1961 1683 2000 non
1720 1955 1933 2019 oportet
1968 1965 2085 2005 esse
2116 1967 2217 2007 no-

211 2050 332 2094 tum
352 2037 514 2110 :quia
543 2050 644 2091 nec
667 2033 856 2090 oculus
885 2034 1036 2089 videt
1065 2032 1260 2099 iucem,
1288 2050 1414 2107 quae
1443 2041 1526 2089 est
1552 2036 1604 2088 in
1634 2035 1776 2090 oculi
1804 2038 2211 2109 compositione,

209 2142 396 2199 neque
413 2125 649 2197 speciem
680 2138 776 2195 per
803 2136 969 2194 quam
998 2120 1180 2189 videt;
1212 2129 1267 2175 et
1297 2120 1374 2176 ita
1404 2123 1571 2177 etiam
1596 2136 1706 2176 non
1746 2130 1831 2177 est
1854 2128 2219 2185 necessarium

210 2225 271 2272 ut
300 2214 634 2288 quicumque
661 2210 919 2283 intelligit
957 2208 1186 2281 aliquid,
1212 2207 1481 2278 intelligat
1524 2208 1862 2265 intellectum
1908 2227 2065 2269 suurn
2111 2232 2219 2287 quo

210 2302 491 2373 intelligit,
524 2300 606 2356 vei
639 2299 820 2355 iumen
849 2296 1239 2354 intellectuale.
1271 2297 1360 2353 Sic
1388 2312 1518 2368 ergo
1547 2297 1753 2353 veritas
1783 2314 1815 2354 a
1855 2299 2028 2371 prima
2072 2305 2218 2359 veri-

210 2400 333 2449 tate
358 2392 412 2446 in
431 2389 705 2445 mentibus
735 2387 936 2443 nostris
962 2384 1270 2457 exemplata
1295 2401 1328 2440 a
1359 2384 1515 2440 nobis
1546 2386 1744 2456 partim
1786 2392 2131 2459 cognoscitur
2154 2401 2216 2448 ut

208 2481 281 2538 de
335 2478 684 2544 necessitate,
736 2476 804 2532 ad
848 2475 951 2530 hoc
995 2473 1144 2547 quod
1187 2472 1294 2529 alia
1339 2474 1391 2528 in
1438 2490 1503 2529 ea
1548 2486 1961 2545 cognoscantur,
2010 2478 2217 2535 scilicet

210 2575 485 2642 quantum
505 2566 575 2623 ad
608 2566 723 2637 ipsa
754 2562 1050 2637 principia;
1081 2569 1137 2618 et
1165 2562 1368 2634 partim
1393 2562 1461 2617 de
1496 2561 1821 2619 necessitate
1849 2566 2213 2637 cognoscitur,

209 2656 428 2713 scilicet
455 2658 718 2727 quantum
749 2651 817 2707 ad
847 2650 1024 2721 ipsum
1055 2647 1423 2704 intellectuale
1452 2648 1652 2705 iumen.
1678 2651 1802 2723 Ipsa
1826 2667 1955 2709 vero
1983 2654 2221 2714 existens

213 2746 424 2803 veritas
450 2757 481 2798 a
509 2739 664 2796 nobis
694 2755 789 2811 per
815 2753 969 2795 suam
1000 2737 1293 2793 essentiam
1321 2752 1428 2793 non
1456 2737 1692 2795 videtur.

881 2916 1335 2978 ARTICULUS
1391 2917 1560 2978 VIII.

227 3056 450 3121 Utrum
509 3051 712 3115 anima
755 3054 1036 3128 separata
1068 3050 1267 3127 possit
1307 3049 1516 3113 habere
1560 3056 1759 3112 actum
1799 3052 2224 3115 sensitivamm

477 3139 914 3221 potentiarum.
947 3170 1026 3181 —
1052 3136 1310 3215 (Quoest.
1349 3138 1421 3199 de
1442 3138 1673 3199 antima
1701 3143 1821 3201 art.
1860 3139 1982 3219 19).

293 3274 376 3333 Ad
406 3272 704 3330 secundum
729 3270 810 3326 sic
840 3267 1172 3341 proceditur.
1205 3270 1258 3321 t.
1290 3267 1519 3324 Videtur
1556 3269 1703 3342 quod
1748 3271 1929 3328 anima
1972 3283 2225 3348 separata

223 3374 410 3423 actum
436 3361 822 3419 sensitivarum
854 3356 1222 3430 potentiarum
1245 3355 1444 3412 habere
1474 3357 1662 3430 possit,
1697 3359 2053 3419 Cassiodorus
2082 3366 2226 3419 enim

223 3451 362 3511 dicit
386 3451 438 3506 in
466 3450 559 3507 lib.
592 3449 659 3505 de
685 3448 899 3513 Anima,
931 3444 1076 3518 quod
1107 3444 1431 3501 animasine
1456 3461 1682 3520 corpore
1711 3449 1862 3507 videt
1886 3456 1941 3507 et
1966 3450 2138 3519 audit,
2168 3458 2223 3507 et

225 3538 455 3614 reliquis
482 3537 732 3595 sensibus
757 3535 924 3607 viget.

299 3634 355 3687 2.
387 3629 676 3695 Praeterea,
709 3627 870 3682 Lucae
899 3639 1019 3685 xvt.
1047 3622 1302 3696 quaedam
1329 3623 1587 3680 dicuntur
1615 3625 1684 3681 de
1712 3627 1882 3683 divite
1923 3627 1979 3683 in
2023 3627 2249 3685 interno·

226 3717 442 3792 sepulto
478 3731 602 3790 quae
649 3716 766 3771 sine
808 3721 934 3770 actu
968 3728 1228 3769 sensuum
1267 3728 1387 3768 esse
1432 3706 1538 3769 non
1582 3724 1828 3784 possunt.
1860 3715 1963 3771 Sed
2014 3723 2233 3774 constat

227 3805 377 3881 quod
405 3805 479 3861 ibi
513 3811 630 3861 erat
654 3811 865 3859 tantum
894 3802 1077 3858 anima
1100 3800 1288 3857 divitis
1312 3801 1431 3856 sine
1462 3814 1708 3873 corpore.
1736 3802 1881 3875 Ergo
1911 3804 2091 3861 anima
2114 3805 2233 3863 sine

229 3909 459 3969 corpore
493 3893 863 3966 operationem
889 3905 1144 3947 sensuum
1173 3888 1371 3945 habere
1395 3894 1598 3961 potest.

38 4431 312 4450 -—.—k.--

2738 4016 2743 4090 .--.
2739 3994 2744 4003 ..
2735 3864 2744 3973 -Α-ι
2741 3796 2746 3845 ,Α
2741 3766 2746 3781 ..
2743 3678 2748 3702 «-
