2800 4492
677 339 766 384 xi.
797 353 878 370 -
904 338 970 383 m
1018 335 1287 384 nourmu
1327 339 1408 384 nu
1447 330 1774 385 ramirus
2110 307 2229 388 '105‘

288 435 523 524 Quarto.
551 453 748 511 Utrum
773 453 880 510 hoc
905 441 1077 526 possit
1105 453 1222 510 fieri
1265 469 1364 528 per
1389 454 1538 512 viam
1568 454 1797 528 alicuius
1824 455 2074 515 scientiae
2098 440 2229 530 spe-

211 542 496 601 culativae.
2006 571 2016 581 ·

935 720 1396 783 ARTIGULUS
1428 711 1435 714 ’
1458 708 1510 783 1'.

227 851 454 920 Utrum
475 869 623 934 opor
625 856 749 918 teat
769 869 871 916 ver
869 852 1002 916 sari
1022 852 1090 916 in
1110 853 1501 918 naturalibus
1520 853 2043 933 rationabiliter,
2016 877 2083 921 in
2102 877 2227 924 ma·

283 943 628 1008 thematieis
652 941 1204 1022 disciplinabiliter,
1235 947 1294 1006 et
1314 942 1384 1006 in
1410 941 1639 1006 divinis
1663 943 2157 1026 intelligibiliter.

284 1077 372 1134 Ad
420 1077 657 1152 primum
697 1075 778 1132 sic
805 1075 1138 1149 proceditur.
1183 1077 1236 1130 4.
1278 1075 1506 1132 Videtur
1549 1076 1695 1149 quod
1738 1093 1847 1134 non
1884 1085 2132 1154 oporteat
2168 1063 2225 1138 in

217 1155 562 1223 naturalibus
607 1163 1007 1221 rationabiliter
1060 1161 1291 1220 versari.
1347 1163 1692 1237 Philosophia
1740 1168 1884 1224 enim
1943 1169 2225 1227 rationalis

218 1263 408 1312 contra
444 1240 756 1310 naturalem
777 1251 1086 1309 dividitur.
1121 1251 1219 1307 sed
1257 1251 1657 1308 rationabiliter
1693 1247 1987 1326 procedere
2008 1258 2225 1313 videtur

220 1343 286 1400 ad
311 1342 642 1399 rationalem
672 1341 944 1413 pertinere
985 1341 1237 1412 proprie;
1280 1337 1413 1412 ergo
1440 1341 1883 1399 inconvenienter
1906 1344 2223 1401 attribuitur

220 1429 477 1489 naturali.

285 1524 336 1576 2.
367 1519 530 1584 Item,
577 1515 930 1587 Philosophus
956 1515 1271 1588 frequenter
1306 1514 1362 1570 in
1402 1513 1497 1570 lib.
1531 1513 1747 1590 physic.
1778 1515 2063 1606 distinguit
2091 1535 2221 1593 pro·-

222 1622 401 1664 cessus
428 1607 499 1663 ad
529 1599 742 1678 aliquas
763 1602 1146 1661 conclusiones
1186 1602 1482 1660 rationales
1516 1609 1575 1659 et
1609 1604 1921 1678 physicas&
1955 1623 2086 1680 ergo
2114 1624 2222 1664 non

223 1700 298 1750 est
324 1692 610 1767 proprium
637 1690 902 1748 naturalis
926 1690 1173 1747 scientiae
1199 1688 1607 1750 rationabiliter
1623 1691 1939 1763 procedere.

286 1786 339 1838 3.
367 1783 530 1847 ltem,
557 1778 704 1853 quod
745 1793 1033 1835 commune
1074 1786 1160 1834 est
1201 1777 1453 1838 omnibus
1488 1777 1753 1846 scientiis„
1781 1795 1887 1836 non
1920 1781 2085 1839 debet
2124 1783 2221 1840 uni

227 1869 600 1944 appropriari.
631 1866 729 1923 sed
759 1865 1017 1940 quaelibet
1043 1865 1272 1923 scientia
1299 1865 1549 1939 procedit
1572 1867 1970 1936 ratiocinando,
2002 1868 2219 1927 discur-

229 1960 404 2027 rendo,
431 1956 521 2014 vel
561 1971 630 2013 ex
669 1953 954 2012 effectibus
985 1951 1048 2010 in
1083 1969 1298 2022 causaS,
1331 1969 1398 2010 ex
1426 1955 1609 2011 causis
1654 1956 1709 2010 in
1757 1957 2003 2042 effectus,
2036 1958 2121 2015 vel
2152 1975 2219 2015 ex

229 2046 492 2121 aliquibus
517 2044 721 2117 signis;
748 2039 878 2114 ergo'
900 2058 1008 2098 non
1032 2041 1198 2098 debet
1225 2043 1463 2099 naturali
1488 2043 1850 2117 appropriari.

295 2133 561 2200 t.1tem‚
621 2129 1064 2187 ratiocinativum
1124 2135 1316 2185 contra
1379 2130 1744 2186 scientificum
1820 2129 2141 2189 dividitur·
2128 2171 2137 2177 -
2163 2133 2217 2189 in

232 2237 286 2278 vi
310 2219 520 2289 Ethic.;
547 2218 644 2276 sed
667 2218 898 2274 scientia
922 2215 1189 2272 naturalis
1208 2217 1278 2273 ad
1303 2217 1666 2274 scientificum
1694 2219 1968 2291 pertinet;
1998 2237 2130 2294 ergo
2166 2223 2216 2279 ei

237 2325 335 2366 non
355 2304 738 2367 convenienter
763 2305 1082 2363 attribuitur
1108 2306 1407 2378 procedere
1435 2305 1854 2364 rationabiliter.

301 2399 398 2455 Sed
433 2405 624 2455 contra
665 2395 768 2462 est',
800 2394 947 2468 quod
983 2393 1118 2450 dicit
1158 2395 1286 2451 Boe.
1317 2410 1356 2450 v
1391 2395 1462 2451 de
1506 2394 1889 2452 Consolatione
1928 2414 1943 2451 :
1988 2417 2015 2450 α
2056 2399 2217 2456 Ratio

238 2485 498 2558 numquid
535 2481 842 2542 universale
877 2481 1102 2554 respicit
1140 2483 1247 2537 nec'
1286 2481 1662 2552 imaginativa,
1686 2495 1788 2537 nec
1831 2498 1994 2538 sensu
2034 2490 2215 2553 utens,

241 2573 588 2646 imaginabilia
615 2578 672 2628 et
693 2569 975 2627 sensibilia
1003 2574 1186 2627 tamen
1220 2568 1608 2643 apprehendit3
1652 2587 1681 2621 n
1706 2568 1803 2626 sed
1842 2567 2213 2642 imaginabilia

243 2667 296 2718 et
328 2658 1083 2733 sensibiliacomprehendere
1107 2657 1175 2715 ad
1221 2657 1400 2714 solum
1442 2657 1748 2715 naturalem
1790 2659 2057 2730 'pert'inet3
2084 2675 2215 2733 ergo

245 2749 502 2807 rationalis
523 2763 814 2822 processus
840 2746 1225 2803 convenienter
1251 2745 1490 2802 naturali
1523 2746 1862 2802 attribuitur.

310 2839 448 2905 item,
478 2838 682 2894 dicitur
708 2834 765 2891 in
791 2833 884 2890 lib.
912 2834 982 2889 de
1004 2833 1210 2916 Spiritu
1239 2840 1296 2890 et
1333 2833 1549 2901 Anima,
1578 2835 1725 2906 quod
1752 2836 1897 2891 ratio
1924 2836 2071 2893 circa
2098 2837 2213 2893 sor-‘-

247 2940 354 2982 mas
372 2941 648 3000 corporum
670 2929 958 2982 versatur:
983 2921 1081 2978 sed
1105 2921 1451 2978 considerare
1470 2936 1699 2997 corpora
1725 2925 1959 2981 maxime
1981 2927 2215 2995 pertinet

251 3014 312 3070 ad
335 3014 652 3081 naturalem
669 3026 801 3084 ergo
824 3007 1222 3067 rationabiliter
1237 3010 1533 3082 procedere
1550 3010 1938 3068 convenienter
1956 3013 2213 3068 attribui-

252 3108 332 3156 tur
355 3103 596 3160 naturali.

313 3191 360 3245 4.
383 3191 610 3247 Ulterius
638 3188 856 3246 videtur·
881 3187 1030 3261 quod
1053 3185 1500 3244 inconvenienter
1525 3186 1744 3243 dicatur
1770 3185 2213 3248 mathematicum

254 3276 691 3350 disciplinabiliter
725 3275 1041 3350 procedere.
1069 3275 1368 3348 Disciplina
1408 3275 1554 3332 enim
1602 3275 1737 3332 nihil
1782 3277 1929 3333 aliud
1978 3279 2212 3348 videtur,

255 3380 396 3435 quam
420 3368 657 3438 acceptio
680 3365 928 3421 scientiae
960 3381 973 3418 :
999 3363 1096 3419 sed
1129 3364 1184 3419 in
1215 3362 1461 3439 qualibet
1492 3370 1649 3436 parte
1685 3364 2040 3440 philosophiae
2067 3368 2212 3424 acci-

255 3452 381 3523 pitur
402 3456 640 3520 scientia,
669 3453 800 3527 quia
823 3466 1012 3508 omnes
1034 3451 1465 3528 demonstrative
1508 3453 1838 3524 procedunt3
1865 3469 1995 3526 ergo
2023 3471 2214 3528 proce-

257 3538 368 3594 der'e
381 3540 838 3615 disciplinabiliter
865 3547 950 3596 est
974 3554 1260 3596 commune
1283 3538 1537 3596 omnibus
1564 3541 1813 3614 partibus
1841 3542 2216 3615 philosophiae,

257 3633 308 3681 et
330 3625 396 3684 ita
421 3644 520 3685 non
538 3630 704 3686 debet
731 3628 1071 3702 appropriari
1102 3627 1523 3684 mathematicae.

320 3717 366 3770 2.
385 3717 524 3784 item,
555 3724 760 3790 quanto
795 3715 1002 3791 aliquid
1023 3723 1115 3773 est
1139 3715 1362 3781 certine,
1387 3724 1543 3773 tanto
1575 3717 1794 3774 facilins
1822 3717 2037 3773 videtui·
2076 3716 2220 3772 unde

259 3816 317 3858 eo
342 3803 401 3858 sit
432 3805 750 3879 disciplina.
782 3806 878 3863 sed
917 3805 1189 3861 naturalia
1235 3812 1364 3861 sunt
1398 3806 1657 3876 certiora,
1690 3813 1751 3860 ut
1792 3806 2027 3869 videtur,
2056 3821 2219 3876 quam

260 3880 630 3966 mathematica,
663 3894 794 3968 quia
821 3895 1112 3967 capiuntur
1135 3905 1318 3962 sensu,
1343 3909 1376 3950 a
1401 3908 1509 3966 quo
1544 3893 1729 3950 omnis
1758 3898 1943 3950 nostra
1984 3895 2222 3964 cognitio
