2800 4492
842 314 955 359 111.
985 329 1065 345 -
1101 316 1528 365 ouonmnnwu
1567 318 1813 362 nummu
2209 304 2327 387 1339

298 422 525 487 benum
566 441 852 485 commune
890 430 1057 487 totius
1088 430 1325 488 universi
1366 439 1422 489 et
1460 434 1700 491 omnium
1728 432 1966 507 partium
1993 435 2142 507 ejus;
2182 436 2325 494 unde

302 517 582 589 quaelibet
605 525 860 575 creatura
882 534 981 575 suo
1006 520 1171 577 modo
1196 521 1519 579 naturaliter
1549 523 1672 599 plus
1698 529 1848 581 amat
1870 524 2044 579 Deum
2073 540 2236 596 quarn
2265 542 2326 588 se

301 606 525 677 ipsam3
567 606 904 663 insensibilia
931 585 1153 683 quidem
1179 610 1522 679 naturaliter,
1565 611 1726 668 bruta
1748 628 1878 667 vero
1913 612 2168 669 animalia
2195 630 2323 669 sen·

300 693 505 762 sitive,
551 701 808 753 creatura
843 712 972 755 vero
998 698 1283 785 rationalis
1322 716 1430 773 per
1461 700 1868 758 intellectivam
1897 716 2155 771 amorem,
2201 718 2324 775 quae

303 781 543 841 dilectio
566 784 789 845 dicitur.

382 872 475 930 Ad
500 872 743 946 primum
764 891 893 948 ergo
915 874 1226 943 dicendum,
1254 877 1401 951 quod
1423 876 1648 951 diligere
1671 879 1846 935 Deum
1872 887 2034 952 prout
2061 887 2146 937 est
2171 880 2323 953 prin.-

305 962 523 1034 cipium
552 964 724 1019 totius
750 979 888 1032 esse,
935 965 1005 1022 ad
1036 965 1341 1023 naturalem
1375 966 1726 1047 dilectionem
1764 969 2028 1041 pertinet;
2065 954 2164 1025 sed
2191 970 2322 1027 dili·

302 1066 447 1121 gere
471 1052 652 1109 Deum
689 1060 850 1125 prout
896 1061 981 1111 est
1008 1053 1283 1127 objectum
1321 1055 1694 1125 beatitudiniS,
1741 1065 1826 1115 est
1853 1058 2110 1131 gratuitae
2145 1058 2321 1115 dilec-

304 1138 505 1207 tionis,
535 1140 591 1195 in
624 1157 737 1213 qua
776 1141 1033 1199 meritum
1072 1142 1343 1199 consistit.
1386 1138 1512 1201 Nec‘
1533 1153 1716 1201 tamen
1742 1146 2110 1203 necessarium
2151 1154 2235 1203 est
2261 1155 2320 1203 ut

301 1228 364 1282 in
398 1226 505 1283 hoc
544 1229 911 1286 sustineamus
950 1233 1278 1289 sententiam
1313 1233 1560 1305 Magistri
1594 1234 1844 1305 dicentia,
1889 1234 2035 1308 quod
2061 1235 2222 1293 homo
2266 1237 2318 1293 in

305 1316 491 1388 primo
520 1323 670 1374 statu
699 1334 809 1375 non
831 1318 1023 1377 habuit
1044 1320 1279 1392 gratiam
1310 1338 1407 1395 per
1431 1318 1597 1395 quam
1623 1324 1822 1380 mereri
1847 1332 2051 1397 posset.
2086 1364 2090 1371 ·

356 1406 468 1461 ·Ad
510 1408 809 1474 secundum
854 1409 1165 1477 dicendum,
1203 1410 1353 1485 quod
1388 1411 1626 1468 naturali
1676 1412 1968 1469 dilectione
2008 1428 2117 1485 qua
2153 1414 2315 1470 ,Deus

302 1511 476 1567 super
498 1497 685 1553 omnia
710 1498 1033 1554 naturaliter
1061 1498 1326 1571 diligitur,
1356 1506 1537 1572 potest
1583 1499 1782 1572 aliquis
1825 1501 2002 1572 magis
2044 1500 2314 1559 et'minus

304 1584 427 1653 uti;
458 1592 516 1640 et
542 1585 766 1657 quando
789 1586 845 1642 in
870 1601 1083 1644 summo
1112 1587 1295 1657 fuerit,
1330 1594 1462 1645 tuuc
1489 1594 1574 1645 est
1617 1604 1830 1646 summa
1873 1590 2202 1663 praeparatio
2246 1590 2316 1647 ad

301 1672 549 1743 gratiam
576 1673 905 1732 habendam.
1939 1744 1946 1751 ‚

376 1763 464 1819 Ad
493 1763 720 1821 tertium
738 1764 1049 1833 dicendum,
1069 1765 1215 1838 quod
1242 1766 1525 1824 inclinatio
1548 1767 1630 1825 rei
1655 1766 1922 1825 natu-ralis
1948 1772 2034 1825 est
2063 1767 2134 1825 ad
2156 1767 2265 1824 duo
2293 1784 2311 1845 ‚²

296 1850 522 1908 scilicet
538 1854 611 1909 ad
638 1854 865 1921 moveri,
898 1863 953 1911 et
977 1853 1048 1912 ad
1076 1870 1257 1927 agere.
1286 1855 1386 1913 Illa
1411 1863 1596 1914 autem
1637 1856 1918 1913 inclinatio
1952 1865 2166 1914 naturae
2190 1872 2314 1929 quae

292 1950 397 1997 est
420 1942 490 1997 ad
514 1942 743 2009 moveri,
769 1943 822 1999 in
842 1958 901 1999 se
926 1943 1045 2016 ipsa
1074 1959 1305 2003 recurva
1328 1953 1432 2011 est,
1464 1946 1608 2003 sicut
1635 1946 1780 2018 ignis
1803 1954 2055 2017 movetur
2093 1962 2312 2001 sursum

301 2038 532 2103 propter
554 2031 641 2087 sui
667 2033 1283 2103 conservationem;sed
1314 2033 1406 2090 illa
1435 2034 1718 2091 inclina-tio
1741 2042 1953 2093 naturae
1982 2050 2111 2108 quae-
2135 2041 2219 2091 est
2243 2034 2311 2090 ad

298 2132 489 2190 agere,
516 2133 627 2177 non
656 2126 741 2179 est
769 2136 997 2179 recurva
1029 2122 1084 2177 in
1112 2138 1171 2178 se
1200 2122 1345 2194 ipsa3
1373 2138 1484 2181 non
1505 2123 1652 2179 euim
1679 2122 1822 2195 ignis
1868 2124 1982 2195 agit
2007 2122 2092 2195 jad
2139 2139 2312 2195 gene·-

300 2209 540 2265 randum
580 2208 763 2281 ignem
800 2216 1024 2283 propter
1060 2227 1121 2267 se
1162 2211 1371 2283 ipsum3
1402 2212 1498 2267 sed
1544 2217 1764 2284 propter
1801 2210 1999 2268 bonurn
2041 2212 2307 2283 generati,

292 2298 454 2369 quod
482 2305 570 2353 est
597 2297 771 2355 forma
800 2300 949 2371 ejus;
980 2305 1037 2356 et
1065 2299 1293 2357 ulterius
1320 2307 1543 2373 propter
1585 2302 1786 2357 bonum
1823 2315 2130 2369 commune,
2163 2299 2308 2373 quod

304 2391 391 2440 est
411 2386 761 2443 conservatio
788 2386 1011 2457 speciei.
1043 2387 1197 2443 Unde
1226 2395 1377 2459 patet
1404 2387 1554 2461 quod
1577 2402 1686 2443 non
1713 2387 2094 2450 universaliter
2121 2402 2309 2443 verum

306 2475 557 2547 estquod
585 2474 763 2531 omnis
793 2474 1016 2533 dilectio
1044 2475 1310 2535 naturalis
1332 2476 1408 2532 sit
1435 2476 1492 2531 in
1517 2491 1578 2531 se
1599 2491 1850 2533 recurva.
2209 2498 2214 2503 ·

1058 2646 1456 2725 QUAESTIO
1502 2646 1562 2713 V

300 2765 305 2771 ’
377 2778 586 2837 Deinde
615 2775 963 2853 quaerebatur
986 2780 1055 2836 de
1086 2779 1171 2837 his
1203 2796 1329 2855 quae
1360 2780 1636 2854 pertinent
1670 2780 1738 2838 ad
1767 2778 1968 2837 bonum
1997 2780 2209 2853 gratiae.
2238 2773 2307 2837 Εἰ

296 2865 479 2945 jprimo
506 2870 577 2926 de
602 2869 686 2925 his
715 2885 840 2942 quae
862 2870 1138 2942 pertinent
1164 2870 1238 2927 ad
1266 2871 1444 2943 ipsum
1485 2870 1688 2927 bonum
1721 2871 1944 2943 gratiae3
1973 2871 2210 2927 secundo
2238 2871 2308 2927 de

306 2956 389 3012 his
430 2974 557 3031 quae
595 2959 866 3034 pertinent
904 2959 973 3015 ad
1014 2958 1216 3015 malum
1256 2960 1451 3033 culpae,
1503 2960 1647 3033 quod
1694 2960 1744 3016 ei
1787 2955 2096 3033 opponitur.
2150 2959 2306 3015 Circa

309 3062 372 3101 ea
394 3055 523 3103 vero
554 3064 679 3121 quae
714 3048 781 3103 ad
812 3063 1001 3104 omnes
1025 3048 1318 3120 pertinent,
1351 3048 1702 3121 quaerebatur
1734 3047 1800 3103 de
1829 3048 2038 3103 duabus
2061 3041 2306 3119 partibus

306 3136 685 3207 poenitentiae:
715 3138 776 3191 ⁴0
802 3136 869 3192 de
893 3137 1239 3204 contritione,
1272 3143 1455 3193 utrum
1497 3137 1708 3193 scilicet
1744 3138 2014 3192 contritus
2057 3142 2306 3191 teneatur

292 3218 441 3282 'velle
462 3226 639 3299 magis
664 3240 784 3283 esse
808 3226 863 3281 in
888 3225 1097 3303 inferno
1128 3242 1293 3299 quarn
1321 3241 1571 3299 peccare.
1605 3231 1667 3285 20
1693 3226 1772 3283 De
1801 3223 2161 3307 confessione.

996 3388 1458 3449 ARTICULUS
1497 3388 1608 3448 IX.
1687 3393 1693 3401 ‘

300 3510 532 3575 -Ucrum
576 3512 877 3575 contritus
919 3512 1119 3589 debeat
1140 3514 1361 3599 ‚mauis
1399 3514 1547 3597 velle
1582 3506 1700 3577 cese
1745 3512 1812 3577 in
1851 3513 2085 3592 inferno
2121 3476 2303 3593 quan),

376 3619 749 3772 {eoggrgjss
778 3602 841 3683 (4
862 3600 1056 3679 Sem„
1084 3601 1227 3665 dist.
1263 3604 1359 3679 15,
1404 3608 1614 3683 quaeat.
1647 3604 1708 3678 2,
1741 3609 1864 3667 art.
1899 3606 1960 3681 3,
1991 3606 2048 3665 et
2085 3606 2295 3681 qucest..

379 3814 462 3881 Ad
489 3815 723 3885 primum
764 3816 845 3873 sic
886 3816 1300 3890 procedebatur.
1331 3816 1384 3874 ⁴.
1409 3817 1646 3881 Videtur
1692 3816 1836 3889 quud
1883 3811 2150 3869 contritus
2193 3828 2298 3870 non

313 3900 699 3977 debeatmagis
722 3906 863 3967 velle
888 3922 1008 3964 esse
1033 3906 1089 3964 ln
1111 3908 1320 3965 inferno
1346 3923 1512 3980 quam
1543 3920 1788 3979 peccare.
1816 3905 1981 3961 Poena
2021 3903 2168 3959 enim
2211 3903 2302 3959 in·-
