2800 4492
760 307 871 352 ¹11.
903 323 984 336 -
1011 307 1436 358 Quoomms'rmu
1478 281 1773 352 annerum
2147 289 2269 353 295

325 423 408 478 Ad
442 422 770 494 vigesimum
814 421 1123 490 dicendum,
1156 422 1323 494 quod,
1352 421 1497 479 sicut
1525 422 1741 490 Glossa,
1771 422 1992 491 ibidem,
2023 425 2265 498 exponit,

255 527 352 583 per
399 511 507 567 hoc
558 505 703 584 quod
755 510 1126 568 daemoniacus
1175 519 1399 568 curatus
1446 511 1665 568 volebat
1711 527 1831 568 esse
1876 513 1932 568 in
1982 515 2107 569 navi
2140 529 2267 570 cum

256 601 494 670 Christo,
526 599 870 672 significatur
898 598 1229 656 desiderium
1263 615 1452 655 eorum
1490 599 1584 672 qui
1626 608 1809 658 sunta
1848 608 2075 673 peccato
2108 617 2270 658 mun·-

259 689 390 755 dati‚
419 705 533 762 quo
559 689 788 760 cupiunt
815 687 1039 745 dissolvi
1065 697 1121 745 et
1145 704 1265 744 esse
1293 704 1419 745 cum
1446 689 1681 755 Christo,
1714 695 1771 744 et
1802 688 1907 744 hoc
1943 706 2049 746 nou
2078 691 2267 747 statim

261 779 338 832 eis
359 777 821 845 conceditur3sed
848 784 1063 851 oportet
1086 776 1231 849 quod
1262 778 1413 850 prius
1435 779 1490 833 in
1520 775 1623 832 hac
1644 777 1756 834 vita
1779 776 2023 833 laborent
2055 794 2271 835 ennun-

264 866 447 923 tiau-do
475 866 706 923 verbum
728 866 850 921 Dei.
879 865 1034 922 Unde
1070 871 1220 937 patet
1248 857 1394 939 quod
1425 881 1529 922 non
1560 873 1641 923 est
1672 866 1739 922 ad
1770 867 2130 939 propositum.

323 955 410 1011 Ad
449 955 1014 1027 vigesimumprimum
1060 952 1369 1022 dicendum,
1409 954 1555 1027 quod
1596 960 1804 1027 quanto
1847 955 2048 1028 aliquis
2092 957 2269 1027 magis

259 1044 595 1100 exercitatus
620 1043 674 1099 in
698 1042 859 1109 bono,
887 1059 956 1098 ex
982 1042 1237 1116 AEgypto,
1266 1044 1318 1097 id
1350 1048 1436 1098 est
1479 1059 1545 1098 ex
1584 1041 1805 1109 saecule,
1837 1042 1907 1098 ad
1950 1043 2267 1115 religionem

261 1131 477 1202 transit,
511 1138 666 1188 tanto
695 1131 908 1188 facilius
933 1133 988 1186 in
1007 1147 1072 1188 ea
1101 1123 1363 1204 proficere
1393 1136 1576 1203 potest
1605 1147 1618 1185 z
1648 1130 1744 1186 sed
1768 1131 1901 1203 quia
1932 1133 1983 1186 in
2012 1132 2268 1188 saeculari

261 1223 368 1278 vita
401 1221 689 1296 imminent
721 1219 893 1276 multa
924 1218 1183 1291 pericula,
1217 1219 1417 1292 quibus
1454 1218 1761 1291 hujusmodi
1800 1219 2123 1276 exercitium
2150 1222 2267 1276 vir-

261 1311 394 1365 tutis
424 1307 739 1380 impeditur,
768 1309 940 1364 tutius
968 1322 1051 1363 est
1081 1307 1226 1380 quod
1257 1323 1288 1363 a
1327 1306 1594 1380 principio
1620 1300 2011 1380 impedimenta
2054 1308 2272 1365 dirum·

261 1406 354 1469 pat
376 1413 478 1470 per
501 1396 906 1453 observantiam
929 1395 1297 1452 consiliorum.
1896 1461 1926 1476 s

328 1486 411 1542 Ad
445 1483 1072 1556 vigesimumsecundum
1098 1483 1410 1551 dicendum,
1443 1483 1589 1556 quod
1632 1483 1908 1546 difficilius
1948 1493 2033 1542 est
2075 1484 2269 1542 obser-

264 1590 389 1630 vare
414 1580 692 1646 praecepta
713 1573 770 1628 in
784 1573 900 1630 vita
924 1572 1173 1630 saedulari
1197 1573 1439 1645 quam-in
1467 1573 1583 1628 vila
1607 1572 2101 1646 religiosa3magna
2122 1575 2269 1631 enim
2295 1557 2307 1568 ⁹

266 1665 434 1720 virtus
476 1662 774 1736 requiritur
817 1661 885 1718 ad
911 1661 1016 1718 hoc
1039 1659 1185 1734 quod
1215 1660 1414 1735 aliquis
1440 1661 1498 1718 in
1526 1661 1728 1718 saeculo
1760 1661 1954 1719 vivens
1980 1678 2039 1718 se
2066 1663 2270 1720 imma-

265 1752 504 1808 eulatum
542 1767 576 1807 a
604 1751 754 1807 vitiis
791 1748 977 1806 saeculi
1014 1757 1333 1820 conservet3
1358 1749 1503 1806 unde
1540 1750 1742 1806 dicitur
1788 1751 1955 1812 Eccli.
1988 1766 2158 1818 xxm,
2188 1756 2267 1809 8:

266 1841 458 1896 Beatus
506 1838 648 1896 dives
687 1839 781 1911 qui
822 1839 1066 1894 inventus
1106 1846 1183 1896 est
1225 1838 1340 1894 sine
1381 1838 1619 1905 mactum
1650 1846 1926 1914 etpostea
1967 1840 2263 1897 subditur:

267 1927 391 1992 Quis
418 1932 498 1982 est
521 1927 626 1992 hic,
657 1931 707 1981 et
731 1921 1064 1982 laudabimus
1087 1923 1245 1980 eum?
1270 1924 1401 1997 fecit
1428 1925 1569 1980 enim
1596 1925 1875 1982 mirabilia
1904 1925 1963 1981 in
1990 1925 2105 1982 vita
2143 1943 2266 1983 sua.

265 2015 328 2070 Et
351 2015 477 2070 ideo
517 2015 738 2087 majoris
782 2013 1221 2086 praesumptionis
1260 2028 1380 2069 esse
1424 2012 1662 2080 videtur,
1690 2015 1736 2070 si
1780 2025 1964 2070 tamen
2005 2014 2078 2071 sit
2121 2031 2270 2087 prae-

264 2105 520 2177 sumpti0,
555 2102 699 2175 quod
731 2102 929 2175 aliquis
958 2103 1012 2156 in
1031 2101 1258 2186 U-saeculo
1288 2103 1477 2166 vivens
1504 2102 1815 2158 considerat
1857 2118 1915 2157 se
1944 2103 2273 2160 immacula-

266 2201 396 2254 tum,
431 2205 599 2262 quam
623 2188 787 2261 quod,
820 2195 988 2244 tentae
1017 2187 1237 2244 virtutis
1257 2203 1314 2244 se
1350 2203 1454 2242 non
1481 2189 1820 2252 existimans,
1851 2189 1920 2244 ad
1950 2189 2269 2260 religionem

266 2284 527 2348 transeat,
573 2283 633 2332 ut
673 2276 887 2333 facilius
927 2293 960 2332 a
1008 2277 1218 2349 peccati
1269 2275 1483 2332 macula
1524 2282 1897 2348 conservetur,
1925 2276 1991 2334 ad
2046 2277 2268 2334 modum

265 2366 493 2431 Zachaei,
529 2366 622 2438 qui
652 2381 776 2421 cum
823 2372 1033 2421 statura
1075 2363 1333 2438 pussillus
1373 2371 1537 2424 esset,
1570 2363 1640 2420 ad
1677 2363 1781 2420 hoc
1808 2364 1955 2437 quod
1992 2365 2268 2422 Christum

266 2454 492 2520 videret,
521 2454 765 2509 ascendit
799 2453 1048 2510 arborem
1089 2467 1457 2525 sycomorum,
1490 2451 1546 2507 id
1575 2460 1659 2508 est
1705 2451 1870 2508 ficum
1911 2451 2139 2522 fatuam,
2171 2470 2270 2526 per

266 2559 428 2616 quam
459 2543 650 2613 religio
678 2541 1017 2613 designatur.

330 2633 414 2688 Ad
444 2629 996 2702 vigesimumtertium
1016 2627 1326 2694 dicendum,
1356 2628 1503 2701 quod
1529 2628 1583 2683 in
1610 2644 1939 2703 unoquoque
1966 2635 2114 2686 statu
2146 2645 2267 2687 ma-

264 2723 380 2794 jora
406 2719 708 2776 minoribus
735 2728 862 2775 sunt
899 2719 1247 2776 attribuenda
1279 2736 1294 2774 ε
1327 2726 1383 2775 et
1412 2725 1595 2775 tamen
1639 2719 1733 2792 qui
1764 2719 1831 2775 ad
1864 2719 2124 2792 majorem
2148 2725 2270 2776 sta·
2348 2709 2359 2722 ’

265 2818 381 2867 tum
410 2807 676 2882 proficere
697 2808 834 2876 vult,
865 2813 1080 2880 oportet
1114 2807 1256 2881 quod
1287 2807 1420 2864 dum
1452 2807 1627 2863 minor
1656 2813 1757 2874 est,
1788 2807 2085 2880 primordia
2124 2806 2271 2862 illius

265 2905 444 2955 status
473 2897 729 2969 accipiet,
757 2896 1056 2952 secundum
1100 2895 1233 2951 illud
1266 2895 1435 2952 Eccli.
1474 2910 1612 2960 xxv,
1646 2897 1679 2949 5
1711 2912 1725 2948 :
1756 2895 1885 2961 Quae
1907 2895 1967 2950 in
1988 2895 2272 2967 ⁸intuentum

265 2994 360 3045 tua
389 3004 500 3044 uon
533 2985 886 3058 conqreyasti,
914 2985 974 3041 in
1003 2991 1260 3043 senectute
1283 2985 1535 3058 quomodo
1562 2985 1762 3041 metes?
1784 2986 1871 3040 Et‘
1892 2985 2013 3039 ideo
2055 2983 2127 3040 ad
2169 2984 2271 3041 hoc

267 3077 410 3150 quod
439 3075 642 3148 aliquis
666 3075 948 3148 perveniat
977 3075 1046 3131 ad
1077 3074 1465 3146 perfectionem
1488 3073 1785 3146 religionis,
1814 3077 2029 3145 oportet
2064 3071 2211 3145 quod
2233 3087 2267 3129 a

269 3163 534 3236 principio
564 3164 746 3242 aetatis
769 3176 884 3219 suae
913 3162 981 3218 ad
1012 3159 1318 3235 hujusmodi
1344 3168 1643 3218 assuescat.

903 3340 1360 3402 ARTICULUS
1401 3337 1633 3400 XXIV.

281 3475 500 3540 Utrum
528 3474 780 3538 consilia
824 3473 1178 3537 ordine-ntur
1213 3473 1295 3536 ad
1313 3475 1639 3551 praeopta.
1680 3468 1853 3551 (Art.
1882 3469 1985 3547 92,
2015 3485 2182 3550 corp.
2213 3474 2275 3534 et

843 3569 968 3626 art.
989 3563 1066 3638 23
1097 3566 1154 3624 et
1173 3561 1275 3636 22,
1301 3565 1510 3642 quoesc.
1548 3559 1714 3640 189).

337 3697 588 3756 Secundo
617 3695 902 3772 quaeritu'r‚
929 3705 1113 3752 utrum
1151 3694 1380 3752 consilia
1422 3680 1740 3749 ordinentur
1768 3690 1836 3748 ad
1877 3694 2184 3763 praecepla3
2215 3661 2303 3747 et·

269 3786 489 3846 videtur
514 3787 660 3862 quod
702 3802 829 3843 non.
855 3787 996 3842 lllud·
1025 3781 1170 3842 enim
1207 3784 1276 3844 ad
1305 3783 1453 3859 quod
1486 3781 1771 3839 ordinatur
1803 3778 1970 3847 aliud,
1998 3777 2277 3850 posterius

271 3884 388 3950 οῦκ
419 3877 552 3955 quia
581 3875 704 3936 fluis
729 3882 813 3935 est
840 3876 988 3954 prior
1015 3875 1073 3933 in
1106 3875 1429 3944 intentione,
1456 3876 1514 3930 et
1534 3868 1804 3948 posterior
1832 3868 1889 3926 iu
1926 3866 2269 3928 executione.
