2800 4492
561 312 682 403 ³464
1039 328 1108 403 εἰ
1137 350 1374 399 monus
1412 350 1743 404 summ-1⁸1³
1758 324 2093 399 *orasset*

632 474 687 533 ε.
735 472 1025 541 Plataea,
1059 466 1356 544 unicuique
1392 476 1479 527 est
1516 466 1927 527 attribuendum
1960 460 2193 528 esse‘de
2228 480 2347 542 quo
2377 443 2583 539 conve—

563 563 778 621 nienter
803 560 976 635 quaeri
1007 564 1192 634 potest
1216 573 1288 616 an
1317 566 1425 616 esta
1454 558 1560 617 Sed
1590 556 1660 615 de
1692 557 1931 616 humana
1966 562 2167 616 natura
2196 563 2391 637 potest
2414 554 2581 631 quaeri

564 668 634 709 an
669 658 774 709 est.
808 648 950 723 Ergo
986 648 1226 706 humana
1251 653 1453 707 natura
1492 646 1657 705 babet
1688 662 1811 705 esse
1838 646 2121 723 proprium
2159 648 2217 704 in
2238 646 2497 717 Christ03
2530 653 2581 702 et

563 740 647 797 sic
655 747 757 803 est
789 740 845 797 in
877 755 942 797 eo
968 739 1172 813 duplex
1212 754 1354 811 esse,
1379 753 1508 805 cum
1547 736 1716 795 etiam
1747 734 1986 794 humana
2017 744 2217 804 nutura
2253 750 2423 793 suurn
2468 748 2579 793 esse

565 828 788 887 babeat.
2400 866 2403 869 -

633 918 739 977 Sed
763 924 976 986 contra,
1015 930 1380 993 quaecumque
1418 920 1547 978 sunt
1575 914 1855 975 distincta
1862 912 2165 974 secundum
2194 928 2337 987 esse,
2369 922 2501 973 sunt
2527 914 2575 971 in

563 1006 847 1081 supposito
872 1006 1154 1065 distincta.
1183 1005 1290 1065 Sed
1327 1006 1384 1061 in
1408 1004 1623 1063 Christo
1650 1012 1734 1063 est
1760 1020 1928 1063 unum
1960 1010 2176 1063 tautum
2210 1006 2571 1079 suppositum.

563 1096 706 1171 Ergo
735 1104 792 1155 et
817 1112 988 1157 uuum
1017 1105 1230 1155 tantum
1255 1110 1399 1153 esse.

631 1184 956 1263 Respondeo
979 1184 1290 1251 dicendum,
1322 1182 1471 1259 quod
1508 1198 1612 1240 csse
1636 1181 1930 1259 dupliciter
1956 1182 2178 1249 dicitur,
2210 1189 2275 1255 ut
2302 1187 2460 1255 patet
2486 1196 2575 1256 per

563 1272 948 1347 Philosophum
986 1274 1042 1329 in
1077 1288 1114 1331 v
1154 1272 1391 1346 Melaph,
1438 1277 1495 1329 et
1532 1272 1587 1329 in
1616 1272 1856 1347 quadam
1897 1272 2094 1330 Glossa
2122 1271 2381 1344 origenis
2420 1286 2574 1345 super

567 1362 892 1437 principium
920 1362 1077 1421 loen.
1122 1362 1242 1419 Uno
1277 1360 1458 1431 modo,
1490 1362 1793 1436 secundum
1824 1360 1969 1434 quod
2000 1369 2083 1416 est
2110 1359 2307 1433 copula
2344 1359 2573 1419 verbalis

564 1448 880 1523 significans
919 1448 1372 1525 compositionem
1417 1446 1711 1521 cujuslibet
1750 1446 2145 1504 enuntiationis
2185 1462 2353 1519 quam
2399 1448 2569 1503 anima

565 1537 698 1594 fucit
729 1552 746 1595 ε
772 1536 916 1595 unde
941 1534 1046 1593 hoc
1075 1552 1184 1593 esso
1210 1552 1318 1594 nou
1345 1541 1433 1593 est
1462 1535 1672 1609 aliquid
1699 1536 1755 1593 in
1782 1550 1964 1593 rerum
1992 1543 2210 1605 natura,
2237 1535 2337 1593 sed
2366 1540 2571 1593 tantum

565 1626 623 1683 in
652 1632 781 1685 actu
823 1625 1023 1685 animae
1057 1625 1436 1699 componentis
1464 1629 1521 1680 et
1556 1623 1885 1694 dividentis3
1923 1630 1979 1681 et
2006 1624 2088 1681 sic
2116 1616 2223 1681 csse
2258 1624 2573 1681 attribuitur

565 1716 712 1771 omni
733 1716 784 1772 ei
811 1716 881 1772 de
908 1730 1020 1790 quo
1045 1720 1228 1787 potest
1251 1711 1553 1789 propositio
1579 1710 1823 1780 formari,
1853 1712 1971 1771 sive
1999 1712 2072 1770 sit
2096 1728 2213 1783 ens,
2243 1709 2365 1771 sive
2396 1713 2574 1787 priva-

563 1804 644 1859 tio
685 1801 861 1873 entis3
903 1800 1138 1859 dicimus
1181 1804 1328 1859 enim
1372 1801 1685 1859 caecitatem
1724 1816 1867 1857 esse.
1895 1801 2019 1859 Alio
2046 1800 2208 1859 modo
2243 1816 2355 1858 cm
2378 1802 2571 1861 dicitur

564 1897 726 1949 actus
757 1890 901 1947 entis
935 1890 996 1947 in
1033 1894 1304 1963 quantum
1339 1896 1425 1946 est
1452 1905 1569 1958 ens,
1602 1888 1747 1947 idest
1790 1904 1901 1965 quo
1946 1890 2335 1948 denominatur
2374 1891 2571 1965 aliquid

567 1992 665 2036 ens
705 1984 834 2037 actu
871 1977 931 2035 in
964 1992 1150 2035 rerum
1185 1984 1420 2049 nutura3
1448 1983 1506 2035 et·
1532 1976 1614 2035 sic
1652 1993 1763 2036 esse
1794 1994 1903 2035 non
1930 1977 2256 2036 attribuitur
2280 1976 2394 2037 nisi
2422 1980 2574 2037 rebus

555 2066 704 2142 ‘ipsis
741 2082 868 2143 quae
891 2066 951 2124 in
987 2064 1180 2125 decem
1212 2066 1509 2141 generibus
1544 2067 1927 2139 continentum
1958 2065 2104 2124 unde
2139 2082 2237 2125 ens
2272 2082 2307 2126 u
2336 2067 2439 2127 tali
2465 2084 2574 2126 ese

553 2144 777 2215 'dictum
801 2172 900 2232 per
926 2154 1117 2215 decem
1140 2170 1344 2229 genera
1367 2154 1653 2215 dividitur.
1678 2155 1786 2214 Sed
1814 2156 1917 2214 hoc
1942 2172 2051 2213 em
2073 2148 2400 2215 attribuitur
2418 2157 2573 2215 alicui

567 2246 878 2321 dupliciter.
916 2247 1038 2305 Uno
1063 2245 1226 2303 modo
1255 2251 1317 2302 ut
1346 2246 1493 2303 sicut
1518 2244 1571 2302 ei
1597 2245 1744 2320 quod
1772 2245 1992 2321 proprie
2017 2254 2077 2303 et
2101 2260 2233 2303 vere
2272 2244 2441 2306 babet
2478 2257 2575 2305 esse

567 2335 653 2394 vel
679 2340 764 2393 est
771 2352 794 2406 ,-
821 2343 877 2394 et
899 2336 982 2394 sic
1004 2335 1328 2394 attribuitur
1340 2334 1447 2393 soli
1470 2333 1799 2393 substantiae
1820 2351 1920 2409 per
1946 2350 2007 2391 se
2033 2334 2359 2393 subsistenti
2392 2350 2407 2394 z
2439 2338 2575 2393 unde

568 2425 730 2501 quod'
755 2440 886 2487 vore
913 2432 1020 2495 est,
1057 2424 1265 2483 dicitur
1293 2422 1605 2482 substantia
1647 2424 1705 2480 in
1742 2424 1769 2481 1
1810 2422 1977 2497 Phys.
2022 2424 2179 2497 (text.
2219 2440 2424 2487 comm.
2474 2426 2574 2499 27).

557 2503 768 2573 ‘Omnia
805 2528 940 2573 vero
963 2528 1098 2589 quae
1115 2528 1225 2571 non
1257 2529 1359 2589 per
1397 2528 1458 2569 se
1486 2512 1812 2581 subsistunt,
1840 2510 1942 2569 sed
1972 2510 2033 2569 in
2072 2512 2182 2571 alio
2208 2516 2423 2571 etcum
2452 2514 2574 2581 alio,

567 2604 686 2662 sive
719 2604 830 2661 sint
858 2602 1163 2661 accidentia
1191 2601 1310 2661 sive
1334 2601 1527 2659 formae
1549 2599 1939 2659 substantiales
1966 2606 2063 2659 aut
2086 2600 2352 2675 quaelibet
2372 2611 2575 2677 partes,

568 2708 677 2751 non
697 2686 902 2751 habent
929 2706 1038 2751 esse
1055 2692 1136 2749 ita
1157 2695 1224 2749 ut
1249 2692 1371 2765 ipsu
1397 2706 1529 2749 vere
1554 2689 1684 2759 sint,
1715 2690 1813 2747 se'd
1840 2690 2163 2749 attribuitur
2183 2690 2266 2749 eis
2291 2706 2440 2749 esse.
2461 2693 2580 2750 Alio

570 2780 754 2849 modo,
797 2780 941 2838 idest
974 2785 1041 2837 ut
1065 2794 1178 2853 quo
1219 2778 1430 2853 aliquid
1456 2784 1575 2849 est3
1616 2779 1764 2836 sicut
1801 2778 2001 2836 albedo
2036 2779 2244 2837 dicitur
2281 2796 2427 2849 esse,
2475 2798 2579 2841 non

569 2869 702 2945 quia
736 2870 859 2941 ipsa
897 2868 956 2925 in
979 2882 1043 2925 se
1077 2866 1364 2935 subsistat,
1393 2866 1493 2925 sed
1526 2867 1659 2943 quia
1685 2882 1752 2925 ea
1780 2866 1988 2943 aliquid
2014 2868 2183 2926 habet
2224 2884 2349 2927 esse
2374 2870 2578 2929 album.

638 2956 772 3015 Esse
792 2970 924 3029 ergo
959 2954 1178 3029 proprie
1209 2961 1268 3012 et
1293 2970 1425 3013 vero
1440 2970 1555 3013 uon
1578 2956 1899 3015 attribuitur
1921 2956 2025 3014 nisi
2052 2956 2135 3013 rei
2165 2972 2263 3031 per
2282 2972 2347 3015 se
2368 2958 2581 3017 subsis-

571 3050 745 3119 tenti3
793 3041 922 3103 huic
965 3050 1151 3104 autem
1197 3041 1527 3103 attribuitur
1567 3060 1691 3103 esse
1731 3044 1953 3120 duplex.
1996 3045 2180 3105 Unum
2221 3046 2439 3105 scilicet
2463 3064 2581 3107 esse

569 3137 842 3193 resultans
869 3150 936 3191 ex
959 3132 1044 3191 his
1068 3149 1137 3191 εκ
1162 3133 1362 3208 quibus
1389 3134 1510 3207 eius
1541 3132 1727 3191 unitas
1755 3133 2084 3207 integratur,
2119 3135 2269 3208 quod
2302 3137 2580 3212 proprium

570 3228 803 3293 estesse
841 3221 1107 3297 suppositi
1133 3221 1518 3280 substantiale.
1555 3221 1720 3279 Aliud
1748 3237 1870 3279 esse
1906 3227 1992 3279 est
2026 3222 2313 3297 supposito
2340 3224 2582 3298 attribu-

556 3302 690 3366 'tum
715 3315 916 3383 praeter
939 3298 1007 3367 eu
1029 3325 1155 3385 quae
1179 3310 1457 3385 integrant
1478 3310 1686 3385 ipsum3
1712 3310 1863 3390 quod
1890 3306 1977 3369 est
1996 3311 2577 3385 essesuperadditum.

557 3390 780 3459 'seilicet
809 3398 1181 3470 accidentu103
1227 3404 1290 3455 ut
1321 3414 1445 3458 esse
1472 3394 1659 3458 ulbum'
1688 3398 2009 3457 attribuitur
2034 3400 2253 3458 Socrati
2284 3415 2415 3459 cum
2438 3402 2580 3461 dici·-

559 3494 680 3571 =tur,
707 3488 960 3563 Socrates
981 3490 1067 3543 est
1093 3484 1270 3545 tribue.
1299 3487 1444 3560 Quia
1476 3502 1609 3562 ergo
1630 3486 1690 3545 in
1722 3486 1943 3546 Christo
1976 3488 2233 3561 ponimus
2268 3484 2440 3549 unum
2466 3506 2577 3549 rem

569 3571 960 3655 subsistentern
992 3574 1227 3646 tuntum,
1260 3576 1330 3634 ad
1357 3576 1517 3651 cujus
1550 3576 1929 3651 integritatem
1961 3576 2247 3637 concurrit
2278 3580 2451 3637 etiam
2478 3578 2579 3639 hu·

569 3664 829 3735 munitas,
857 3666 988 3741 quia
1011 3680 1181 3724 unum
1205 3665 1547 3739 suppositum
1568 3661 1655 3723 est
1676 3665 1965 3741 utriusque
1988 3672 2241 3739 πεζοι-ως
2268 3668 2395 3726 ideo
2418 3684 2582 3743 opor-

571 3760 654 3813 tet
677 3752 859 3813 dicere
885 3754 1034 3829 quod
1061 3770 1168 3811 esse
1195 3753 1576 3823 substantiale,
1608 3754 1755 3828 quod
1784 3754 2003 3831 proprie
2024 3756 2351 3815 attribuitur
2376 3772 2585 3833 suppo-

569 3842 701 3911 sito,
731 3844 788 3899 in
813 3842 1032 3902 Christo
1058 3848 1146 3901 est
1169 3858 1340 3900 unum
1363 3848 1611 3920 tautum3
1638 3840 1809 3901 habet
1842 3850 2029 3901 autem
2057 3844 2331 3906 unitatem
2369 3863 2441 3905 ex
2466 3849 2585 3922 ipso

573 3931 876 4003 supposito,
915 3938 972 3990 et
999 3946 1108 3989 non
1133 3946 1205 3991 ex
1239 3932 1471 3991 naturis.
1498 3931 1559 3992 si
1582 3936 1771 3991 tumen
1795 3939 2035 4012 ponatur
2060 3930 2377 3996 humanitas
2414 3950 2450 3997 a
2483 3937 2587 3995 Di-
