2800 4492
475 305 554 366 78
951 325 1003 370 ι.
1048 321 1280 370 ‘moiun
1318 321 1649 375 Aoummxs
1690 321 1999 372 oruscuna

453 443 662 512 -partes
679 439 1052 516 speculativae,
1077 459 1104 494 n
1130 441 1340 500 scilicet
1363 441 1737 516 pbilosophioe,
1757 441 1861 497 hoc
1872 439 2008 498 dicit
2033 437 2100 496 acl
2122 435 2497 494 differentiam

476 528 688 597 ethicae,
727 546 851 603 quae
895 537 980 587 est
1007 532 1308 605 operativa,
1351 531 1471 588 sive
1509 531 1773 604 practica,
1809 530 1863 588 in
1895 528 2145 586 omnibus
2187 525 2499 600 requiritur

477 619 670 686 modus
714 625 1028 693 compe-tens
1079 621 1343 678 materiae.
1393 623 1531 678 Sunt
1580 607 1763 676 a’utem
1810 625 1923 675 tres
1960 627 2147 692 partes
2184 616 2493 688 praedictae,

475 703 722 780 physica,
741 709 856 764 sive
876 709 1160 777 naturalis,
1179 709 1589 775 mathematica,
1608 707 1814 774 divina,
1836 708 1953 764 sive
1982 705 2297 776 Theologia.
2328 704 2492 767 Cum,

479 795 718 867 inquam,
746 796 856 851 sint
885 805 995 852 tres
1016 803 1214 870 partes,
1247 797 1511 854 naturalis
1534 812 1659 869 quae
1689 805 1775 852 est
1805 811 1910 852 una
1937 795 2007 851 de
2038 793 2232 860 tribus,
2267 812 2293 844 α
2324 798 2414 848 est
2441 791 2497 846 in

477 891 628 940 motu
671 884 1022 949 inabstracta,
1075 906 1100 938 ι)
1135 885 1189 942 id
1225 891 1326 952 est,
1369 893 1619 941 versatur
1646 886 1765 956 ejus
1802 883 2166 939 consideratio
2204 881 2356 936 circa
2405 895 2497 935 res

479 970 706 1028 mobiles
747 989 780 1028 a
809 974 1038 1031 materia
1067 990 1172 1030 non
1207 974 1533 1044 abstractas„
1566 973 1714 1046 quod
1752 972 1947 1046 probat
1982 988 2075 1044 per
2118 969 2388 1043 exempla,
2430 975 2496 1026 ut

459 1047 633 1132 'patet
656 1059 713 1114 in
741 1059 942 1117 littera.
985 1062 1141 1132 Quod
1170 1071 1353 1119 autem
1381 1062 1517 1118 dicit
1548 1082 1573 1115 α
1607 1061 1883 1135 habetque
1918 1067 2125 1118 motum
2160 1059 2340 1115 forma
2370 1073 2494 1115 ma-

482 1148 634 1203 teriae
662 1151 970 1221 conjuncta,
1001 1151 1083 1206 sic
1113 1157 1196 1206 est
1225 1150 1637 1222 intelligendum
1672 1151 1851 1223 ipsum
1874 1148 2237 1223 compositum
2266 1164 2335 1203 ex
2369 1163 2497 1203 ma·-

483 1236 621 1292 teria
649 1245 704 1292 et
733 1237 927 1308 forma,
963 1258 989 1290 »
1021 1239 1078 1294 in
1106 1247 1371 1312 quantum
1404 1237 1716 1310 hujusmodi
1752 1236 1917 1294 habet
1945 1243 2153 1292 motum
2183 1235 2291 1292 sibi
2330 1235 2496 1292 debi-

483 1332 616 1390 tum,
644 1324 728 1380 vel
756 1327 872 1398 ipsa
901 1326 1074 1384 forma
1099 1327 1154 1382 in
1183 1326 1411 1383 materia
1436 1327 1675 1382 existens
1703 1331 1787 1382 est
1814 1325 2141 1398 principium
2172 1331 2357 1380 motus
2391 1341 2405 1378 ε
2438 1329 2495 1378 ει

482 1411 605 1468 ideo
634 1413 824 1470 eadem
865 1421 950 1471 est
985 1414 1348 1480 consideratio
1377 1414 1446 1470 de
1492 1414 1653 1470 rebus
1682 1413 1980 1470 secundum
2008 1413 2156 1486 quod
2196 1417 2324 1468 sunt
2364 1427 2497 1468 ma-

483 1502 718 1570 teriales,
747 1510 802 1559 et
825 1505 1122 1560 secundnm
1149 1503 1296 1577 quod
1321 1513 1449 1560 sunt
1477 1502 1727 1558 mobiles·

551 1591 760 1647 Deinde
781 1593 1002 1664 exponit
1026 1593 1094 1648 de
1118 1593 1316 1666 quibus
1339 1593 1413 1648 sit
1438 1590 1843 1661 mathematica,
1870 1590 2059 1646 dicens
2088 1607 2099 1644 :
2129 1609 2155 1644 α
2184 1589 2496 1646 Mathema-

483 1679 594 1736 tica
615 1687 698 1736 est
727 1674 854 1736 sine'
877 1688 1045 1747 motu,
1094 1700 1118 1732 n
1151 1681 1205 1736 id
1241 1687 1343 1747 est,
1372 1679 1489 1735 sine
1533 1686 1711 1736 motus
1748 1687 1805 1737 et
1850 1679 2129 1736 mobilium
2168 1678 2495 1735 considera-

487 1769 650 1834 tione,
696 1769 748 1822 in
795 1782 902 1840 quo
931 1785 962 1825 a
993 1767 1225 1825 naturali
1273 1769 1455 1824 differt
1503 1769 1558 1823 in
1598 1768 1895 1835 abstract0,
1942 1768 1997 1824 id
2032 1774 2133 1832 est,
2176 1765 2494 1825 considerat

486 1855 689 1928 formas
710 1871 837 1928 quae
874 1856 1171 1913 secundum
1199 1872 1360 1913 suum
1387 1872 1507 1914 esse
1535 1872 1641 1912 non
1684 1863 1809 1912 sunt
1836 1873 1869 1914 a
1899 1857 2129 1914 materia
2172 1857 2489 1922 abstractae,

486 1943 540 1999 in
580 1961 688 2018 quo
723 1946 977 2001 convenit
1017 1961 1142 2002 cum
1182 1945 1438 2015 naturali,
1468 1945 1614 2018 quod
1642 1946 1914 2018 quomodo
1942 1946 2016 2000 sit
2058 1947 2298 2018 exponit.
2332 1945 2489 2012 Haec,

485 2031 695 2088 scilicet
722 2032 1126 2101 mathematica,
1155 2032 1467 2106 speculatur
1495 2031 1697 2089 formas
1726 2033 1841 2089 sine
1869 2031 2119 2100 materia,
2148 2047 2213 2088 ac
2251 2048 2347 2105 per
2387 2031 2495 2088 hoc

488 2121 603 2175 sine
639 2126 788 2176 motu
819 2138 832 2175 ε
865 2121 996 2195 quia
1021 2122 1350 2196 ubicumque
1381 2129 1465 2178 est
1506 2126 1702 2189 motuS,
1736 2130 1819 2178 est
1853 2121 2102 2188 materia,
2136 2129 2195 2178 ut
2231 2120 2495 2193 probatur

484 2224 526 2265 x
553 2208 790 2280 Metaph.
829 2210 906 2266 Eo
934 2211 1093 2266 modo
1121 2210 1264 2266 enim
1295 2224 1404 2284 quo
1432 2209 1636 2266 habent
1662 2210 1969 2277 materiam,
2004 2209 2077 2265 ibi
2120 2217 2204 2266 est
2242 2216 2425 2266 motus
2476 2225 2490 2265 τ

485 2304 542 2353 et
565 2297 644 2352 sic
672 2296 790 2370 ipsa
818 2298 1117 2371 speculatio
1145 2299 1520 2356 mathematici
1548 2304 1634 2354 est
1662 2298 1778 2354 sine
1805 2298 2052 2366 materia,
2080 2304 2137 2354 et
2160 2295 2278 2353 sine
2310 2306 2490 2366 motu,

487 2405 514 2438 α
547 2401 672 2458 quae
706 2385 914 2454 sormae,
947 2407 974 2440 ³>
1001 2387 1211 2444 scilicet
1233 2387 1300 2443 de
1329 2387 1527 2460 quibus
1557 2392 1690 2444 mat.
1728 2385 2039 2458 speculatur
2071 2405 2097 2438 α
2127 2399 2253 2443 cum
2285 2386 2395 2441 sint
2435 2386 2491 2441 in

485 2476 733 2542 materia,
767 2490 875 2531 non
915 2484 1141 2548 possunt
1182 2475 1252 2533 ab
1279 2475 1364 2531 his
1401 2475 1645 2548 separari
1690 2493 1717 2527 n
1748 2474 2045 2531 secundum
2078 2489 2218 2541 esse,
2250 2474 2355 2531 etsi
2396 2489 2494 2530 se-

485 2564 721 2620 cundum
745 2563 1170 2636 speculationem
1199 2564 1308 2620 sint
1337 2562 1690 2636 separabiles·

553 2649 762 2708 Deinde
791 2652 1029 2708 ostendit
1054 2652 1122 2708 de
1151 2651 1348 2723 quibus
1371 2656 1455 2706 est
1479 2651 1683 2718 divina,
1712 2651 1786 2706 ibi
1820 2668 1833 2706 ε
1870 2670 1895 2703 α
1928 2650 2240 2723 Theologia,
2274 2671 2300 2704 n
2326 2651 2381 2708 id
2406 2659 2494 2708 est

483 2740 647 2795 tertia
691 2755 816 2811 pars
856 2739 1226 2812 speculativae,
1255 2754 1379 2811 quae
1409 2738 1609 2794 dicitur
1638 2739 1842 2811 divina,
1877 2739 1960 2797 vel
1996 2740 2368 2814 metaphysica
2403 2742 2491 2797 vel

487 2816 664 2900 prima
699 2827 1057 2900 philosophia,
1089 2837 1174 2884 est
1202 2828 1318 2884 sine
1357 2835 1527 2894 motu,
1562 2827 1615 2884 in
1645 2844 1753 2902 quo
1781 2830 2036 2885 convenit
2060 2845 2183 2885 cum
2212 2849 2238 2881 α
2272 2829 2495 2886 mathe-

492 2916 712 2982 matica,
756 2934 784 2980 ‚n
821 2923 877 2972 et
917 2916 1096 2972 differt
1134 2932 1165 2972 a
1203 2917 1458 2984 naturali,
1507 2936 1532 2970 «
1566 2916 1843 2974 abstracta
1872 2936 1897 2970 n
1926 2917 2135 2974 scilicet
2176 2933 2206 2973 a
2237 2919 2488 2985 materia,

495 3024 520 3057 α
553 3011 719 3076 atque
750 3003 1144 3077 inseparabilis,
1183 3025 1208 3058 n
1240 3021 1335 3079 per
1359 3021 1485 3079 quae
1511 3005 1620 3063 duo
1649 3006 1828 3063 differt
1871 3021 1901 3062 a
1946 3006 2349 3063 mathematica.
2382 3007 2495 3063 Res

491 3093 634 3148 enim
676 3093 876 3151 divinae
916 3100 1043 3150 sunt
1068 3095 1366 3151 secundnm
1406 3110 1526 3152 esse
1563 3094 1855 3152 abstractae
1893 3110 1925 3150 a
1956 3095 2181 3152 materia
2224 3102 2489 3163 et,motu,

487 3181 583 3237 sed
609 3182 1008 3238 mathematicae
1044 3199 1151 3239 non
1187 3183 1513 3252 abstractae3
1544 3189 1672 3238 sunt
1702 3191 1885 3241 autem
1922 3184 2359 3240 consideratione
2396 3200 2496 3240 se-

488 3269 756 3341 parabiles
790 3287 802 3324 :
830 3271 925 3326 sed
950 3287 1036 3326 res
1063 3272 1262 3327 divinae
1293 3271 1697 3344 inseparabileS,
1730 3273 1861 3344 quia
1893 3272 2022 3327 nihil
2052 3281 2135 3328 est
2164 3274 2489 3346 separabile,

487 3357 591 3413 nisi
620 3357 764 3429 quod
807 3365 890 3412 est
928 3361 1296 3430 conjunctum.
1330 3360 1483 3416 Unde
1514 3375 1599 3415 res
1627 3360 1827 3416 divinae
1868 3375 1973 3415 non
2016 3369 2144 3418 sunt
2172 3361 2495 3419 considera-

490 3448 637 3504 tione
676 3445 1008 3517 separabiles
1049 3463 1080 3503 a
1124 3449 1369 3516 materia,
1410 3449 1506 3504 sed
1536 3449 1835 3505 secundum
1868 3465 1988 3506 esse
2016 3450 2310 3508 abst-ractae
2358 3468 2371 3507 t
2404 3467 2495 3508 res

487 3552 618 3592 vero
647 3533 1048 3592 mathematicae
1069 3551 1098 3591 ε
1123 3551 1403 3604 conver30,
1432 3543 1487 3592 et
1510 3535 1614 3594 hoc
1638 3538 1830 3610 probat
1856 3553 1951 3610 per
1980 3539 2077 3594 Dei
2105 3539 2489 3606 substantiam,

489 3625 556 3681 de
593 3640 701 3698 qua
730 3624 913 3680 divina
958 3624 1186 3682 scientia
1214 3625 1523 3682 considerat
1561 3625 1953 3698 principaliter,
1986 3627 2127 3683 unde
2154 3636 2210 3684 et
2238 3629 2496 3685 nomina-

473 3719 579 3796 ‚tur
604 3712 750 3774 inde.
826 3785 830 3789 ῃ
2246 3784 2255 3791 ·

559 3800 769 3858 Deinde
808 3815 932 3858 cum
973 3800 1108 3857 dicit
1145 3817 1159 3857 ε
1191 3822 1216 3855 α
1250 3802 1308 3857 In
1335 3803 1675 3862 naturalibus
1717 3823 1743 3858 2>
1776 3803 2013 3861 ostendit
2042 3805 2165 3878 quis
2201 3805 2393 3862 modus
2420 3805 2496 3862 sit

492 3903 764 3962 congruus
791 3890 1068 3964 praedictis
1100 3891 1366 3965 partibus·
1403 3893 1475 3953 Et
1500 3895 1646 3954 circa
1672 3893 1776 3954 hoc
1810 3894 1917 3953 duo
1943 3893 2095 3956 facit.
2128 3894 2325 3964 Primo,
2358 3909 2497 3953 con·-
