2800 4492
703 365 812 439 xix.
847 412 923 425 —
953 372 1374 445 Quon'mnuwm
1431 396 1829 439 nuonucmou
2146 350 2259 439 5'51

265 512 448 585 opinio
470 510 760 583 dupliciter
784 518 870 567 est
899 510 1054 567 falsa.
1081 511 1256 567 Primo
1286 516 1553 583 quantum
1583 510 1652 565 ad
1696 526 1782 566 res
1830 511 2114 579 humanaS‚
2137 526 2263 584 quae

267 600 592 673 proveniunt
618 599 688 656 ab
721 598 1018 665 intellectu,
1047 600 1140 672 qui
1171 614 1295 655 cum
1319 599 1391 655 sit
1420 599 1597 655 virtus
1626 599 1964 672 incorporea,
1992 616 2099 656 non
2130 597 2264 655 sub-

260 691 410 760 jacet
437 690 638 745 actioni
667 688 898 761 alicujus
927 688 1170 764 corporis
1195 706 1208 756 ;
1236 697 1292 744 et
1321 702 1522 759 ponere
1550 687 1788 744 animam
1825 687 2109 760 subjacere
2147 678 2265 743 vir-

268 778 369 832 tuti
396 793 682 849 corporum
712 778 1035 841 coelestium‚
1060 775 1190 831 nihil
1221 774 1367 832 aliud
1389 781 1473 831 est
1502 791 1667 847 quam
1699 791 1898 848 ponere
1926 776 2263 833 intellectum

267 880 370 919 non
401 865 617 921 differre
641 882 672 921 a
699 881 880 931 sensu,
911 872 970 931 ut
1000 864 1128 920 dlcit
1179 863 1532 938 Philosophus
1561 864 1615 919 in
1652 880 1673 920 1
1707 863 1777 919 de
1821 866 2019 921 Anima
2062 866 2116 921 in
2148 866 2261 921 fine

265 957 416 1025 (text.
441 970 639 1010 comm.
668 957 824 1025 ibon
855 962 1034 1010 tamen
1065 970 1160 1026 per
1186 954 1441 1009 accidens
1476 959 1533 1009 et
1561 953 1979 1010 occasionaliter
2008 953 2261 1010 subditur

266 1042 446 1099 anima
475 1042 632 1110 coe10‚
665 1044 720 1099 in
749 1052 1014 1117 quantum
1056 1042 1364 1099 intellectus
1391 1040 1629 1099 afficitur
1668 1058 1765 1114 per
1794 1042 2101 1114 passionem
2134 1058 2265 1097 cor-

267 1132 430 1201 poris,
460 1146 564 1186 non
609 1139 789 1188 tamen
829 1148 893 1187 ex
935 1132 1262 1188 necessitate
1312 1137 1560 1188 movetur
1601 1130 1673 1187 ab
1717 1147 1803 1187 eo.
1834 1130 2103 1198 Secundo,
2131 1132 2261 1204 quia

267 1216 435 1275 multa
465 1220 518 1274 in
563 1220 725 1275 rebus
763 1220 1101 1277 naturalibus
1128 1221 1449 1293 contingunt
1478 1234 1601 1291 quae
1630 1234 1735 1275 non
1778 1210 2037 1275 accidunt
2064 1236 2132 1275 ex
2160 1236 2261 1275 ne·-

264 1308 519 1364 cessitate
549 1304 693 1377 c'oeli,
717 1310 809 1365 sed
832 1319 928 1383 per
957 1310 1230 1374 accidens,
1263 1320 1318 1365 et
1343 1324 1448 1363 non
1478 1308 1678 1364 habent
1706 1323 1949 1364 causam.
2272 1328 2275 1331 ⁴

332 1396 440 1453 Alii
470 1397 736 1453 reducunt
766 1398 946 1454 omnia
971 1400 1089 1455 haec
1114 1399 1167 1454 in
1195 1413 1419 1454 causam
1444 1413 1607 1470 supra
1639 1398 1939 1473 coelestem,
1970 1397 2174 1453 scilicet
2204 1397 2261 1452 in

265 1486 661 1556 providentiam
682 1486 800 1551 Dei,
833 1504 863 1543 a
890 1504 998 1560 qna
1022 1487 1204 1550 omnia
1228 1494 1353 1541 sunt
1378 1464 1857 1559 praedeterminata
1890 1492 1945 1540 et
1972 1484 2256 1552 ordinata;

263 1580 318 1629 et
342 1574 638 1653 secundum
683 1575 818 1631 istos
846 1576 1017 1631 satum
1062 1577 1166 1631 erit
1190 1574 1412 1647 quidam
1445 1574 1669 1630 effectus
1697 1573 2101 1647 providentia-³:
2130 1575 2257 1647 quia

263 1662 601 1735 providentia
627 1663 758 1718 nihil
789 1663 932 1720 aliud
981 1674 1064 1719 cst
1091 1679 1254 1735 quam
1297 1662 1437 1719 ratio
1474 1662 1681 1717 ordinis
1707 1678 1885 1718 rerum
1912 1668 2071 1734 prout
2096 1669 2178 1715 est
2204 1660 2257 1715 in

264 1757 442 1805 mente
468 1750 684 1818 divina;
718 1752 889 1807 satum
920 1766 1048 1806 vero
1077 1760 1160 1806 est
1183 1749 1473 1828 explicatio
1502 1749 1647 1805 illius
1671 1750 1876 1805 ordinis
1906 1757 2065 1821 prout
2089 1754 2175 1803 est
2205 1748 2258 1801 in

263 1841 453 1905 1·;ebus
480 1839 623 1895 unde
645 1840 910 1896 Boetius:
940 1839 1144 1897 Fatum
1171 1846 1248 1896 est
1273 1838 1553 1895 immobilis
1578 1838 1853 1911 dispositio
1883 1837 2037 1893 rebus
2084 1834 2257 1892 mobi-

216 1929 225 1934 '
261 1926 395 1982 libus
423 1926 708 1984 inhaerens.

330 2016 420 2071 Sic
448 2032 576 2087 ergo
601 2016 919 2087 accipiendo
947 2016 1139 2082 fatum,
1163 2023 1343 2087 potest
1371 2016 1481 2076 dici
1512 2016 1656 2089 quod
1688 2016 1871 2071 omnia
1895 2012 2259 2085 subjiciuntur

260 2103 402 2167 fato:
430 2105 572 2159 unde
613 2104 815 2159 dicitur
843 2103 985 2159 Osee
1015 2120 1078 2171 11,
1113 2106 1199 2171 ⁴6,
1231 2120 1394 2177 super
1432 2104 1565 2160 illud
1593 2120 1607 2159 t
1634 2104 1760 2161 Non
1802 2102 2069 2158 vocaberis
2106 2103 2258 2157 ultra

257 2190 490 2257 Baalim,
517 2190 609 2247 sed
631 2190 720 2250 viv·
749 2206 913 2256 meus,
940 2191 1084 2264 quod
1114 2191 1258 2247 idem
1296 2200 1379 2247 est
1403 2198 1694 2263 utrumque
1712 2191 1851 2259 ;>sed
1896 2191 2041 2245 Deus
2083 2190 2256 2244 noluit

259 2279 381 2345 hoc,
411 2280 539 2351 quia
580 2277 787 2351 Baalim
835 2294 1051 2352 nornen⁶
1077 2288 1194 2335 erat
1238 2279 1523 2350 cujusdam
1570 2279 1848 2349 gentium;
1880 2284 1934 2332 et
1978 2279 2100 2334 ideo
2130 2288 2255 2333 sunt

259 2367 482 2425 vitanda
510 2368 730 2424 nomina
755 2368 1060 2440 gentilium,
1087 2383 1210 2423 cum
1249 2367 1447 2441 quibus
1481 2383 1581 2422 nec
1618 2366 1833 2423 nomina
1868 2366 2125 2421 convenit
2154 2365 2256 2421 ha-

257 2456 386 2511 bere
415 2457 744 2513 communia.
776 2457 842 2512 Et
875 2456 996 2513 ideo
1018 2458 1356 2527 Augustinus
1376 2456 1511 2511 dicit
1534 2472 1547 2509 ε
1570 2454 1628 2511 Si
1655 2454 1770 2527 quis
1793 2454 1885 2510 lioc
1912 2454 2062 2509 modo
2094 2454 2259 2507 intel·

257 2544 395 2615 liqut
439 2546 635 2617 satum,
665 2545 980 2602 sententiam
1026 2551 1219 2611 teneat,
1259 2544 1497 2617 linquam
1543 2544 1811 2617 corriyat3
1850 2552 1912 2599 ut
1966 2557 2071 2599 non
2106 2542 2255 2615 dicat

257 2634 449 2699 fatum,
473 2635 569 2691 sed
596 2634 992 2706 providentiam
1024 2635 1144 2691 Dei.

990 2832 1386 2912 QUAESTIO
1442 2832 1527 2900 V.

331 2989 536 3046 Deinde
575 2988 866 3096 quaesitum
909 2996 992 3046 est
1033 2990 1102 3047 de
1149 2990 1406 3063 Angelis3
1438 2997 1493 3047 et
1534 2990 1682 3048 circa
1721 2989 1824 3047 hoc
1868 3005 2015 3063 quoe:
2022 2990 2098 3047 ita
2127 2995 2255 3045 sunt

253 3077 386 3136 due.

963 3257 1416 3318 ARTIGULUS
1458 3258 1537 3319 V.

669 3390 887 3456 Utrum
903 3406 1023 3455 esso
1047 3388 1273 3470 Anyeli
1291 3390 1376 3453 sit
1399 3389 1671 3454 accidens
1696 3388 1847 3469 aey‘us.

327 3520 504 3578 Primo
545 3530 728 3580 utrum
771 3539 891 3580 esse
931 3522 1122 3595 Angeli
1161 3523 1234 3580 sit
1282 3523 1538 3580 accidens
1578 3526 1715 3596 ejus.
1742 3524 1811 3578 Et
1849 3522 2065 3578 videtur
2104 3523 2250 3593 quod

251 3625 380 3667 non.
403 3610 541 3680 Quia
571 3611 825 3669 accidens
855 3612 1176 3683 intelligitur
1200 3613 1377 3669 inesse
1401 3612 1563 3669 alicui
1588 3606 1981 3687 praeexistenti.
2013 3611 2251 3683 Angelus

177 3708 182 3711 '
249 3706 437 3757 autem
466 3716 572 3755 non
600 3703 900 3774 praeexistit
932 3700 1035 3774 ipsi
1059 3716 1199 3759 esse.
2135 3692 2138 3694 ’

321 3790 542 3855 Contra,
574 3788 813 3846 Hilarius
835 3792 970 3847 dicit
995 3778 1102 3847 etc.

319 3878 644 3951 Respondeo
668 3879 977 3948 dicendum,
1006 3879 1150 3953 quod
1190 3880 1372 3954 opinio
1401 3881 1695 3939 Avicennae
1735 3880 1855 3947 fuit,
1890 3878 2036 3953 quod
2079 3892 2248 3934 unum

165 4012 170 4015 .
255 3972 312 4025 et
339 3982 438 4025 ens
474 3983 690 4042 semper
729 3969 1028 4041 praedicant
1065 3968 1339 4029 accidens.
1371 3970 1487 4029 Hoc
1519 3976 1705 4031 autem
1746 3985 1855 4030 non¹
1898 3975 1983 4028 est
2024 3978 2247 4039 verum3
2278 4023 2283 4037 ,
