2800 4492
701 378 790 424 11.
821 394 902 409 -
927 378 996 425 m
1035 374 1304 424 sonuum
1344 376 1423 423 nn
1464 374 1819 423 mmmmm·
1954 412 1963 421 .
2124 362 2129 365 '
2177 353 2257 419 19

247 486 432 546 lumen
475 486 631 547 nobis
679 489 934 558 inditum,
952 489 1101 564 quod
1149 497 1231 547 est
1272 490 1390 562 ejus
1428 488 1750 556 similitudo,
1782 486 2163 561 cognoscimus
2201 493 2259 543 et

241 579 574 651 judicamus
625 579 741 635 Nec
784 578 887 635 hoc
930 579 1110 635 lumen
1157 578 1322 635 habet
1369 578 1611 653 aliquam
1656 577 1977 644 efficaciam,
2030 576 2135 633 nisi
2193 591 2260 631 ex

247 666 424 737 prima
475 665 805 723 lucezsicut
847 666 903 723 in
947 667 1506 724 demonstrationibus
1543 666 1783 723 secunda
1838 664 2108 739 principia
2149 679 2259 725 non

247 756 573 825 certificant,
607 757 711 813 nisi
758 756 815 813 in
854 754 1059 815 virtute
1099 756 1419 829 primorum.
1450 757 1565 813 Nec
1606 762 1790 812 tamen
1834 762 2053 833 oportet
2109 753 2258 825 quod

247 844 417 901 etiam
459 846 637 919 ipsum
684 845 866 903 lumen
914 846 1166 912 inditum,
1199 846 1272 902 sit
1318 846 1495 919 primo
1532 860 1564 901 a
1606 844 1760 900 nobis
1807 843 2109 915 cognitum.
2135 843 2257 897 Non

245 934 394 989 enim
435 950 502 989 eo
544 931 654 992 alia
691 934 1090 1007 cognoscimuS,
1123 934 1267 991 sicut
1315 933 1679 1007 cogn'oseibili⁸
1718 933 1863 1006 quod
1903 932 1975 988 sit
2015 932 2257 988 medium

246 1022 594 1093 cognitionis,
626 1022 725 1079 sed
751 1024 896 1080 sicut
924 1038 1009 1089 ec,
1040 1023 1186 1096 quod
1225 1021 1357 1079 facit
1385 1022 1495 1079 alia
1514 1021 1937 1095 cognoscibilia.
1964 1020 2119 1078 Unde
2148 1034 2258 1075 non

245 1118 464 1183 oportet
485 1112 632 1185 quod
670 1117 1050 1184 cognoscatur,
1077 1110 1182 1167 nisi
1211 1111 1267 1167 in
1313 1111 1449 1184 ipsis
1475 1110 1951 1183 cognoscibilibuS,
1980 1110 2126 1166 sicut
2166 1109 2261 1165 lux

245 1214 354 1255 non
380 1206 596 1273 oportet
626 1201 772 1273 quod
800 1200 1053 1257 videatur
1081 1199 1151 1256 ab
1176 1198 1351 1267 oculo,
1385 1200 1490 1255 nisi
1520 1199 1723 1272 inipso
1747 1198 1928 1256 colore
1956 1198 2255 1256 illustram.

319 1290 402 1345 Ad
429 1289 730 1345 secundum
758 1289 1068 1357 dicendum,
1101 1288 1248 1363 quod
1273 1304 1380 1345 non
1414 1289 1657 1345 omnium
1697 1304 1992 1346 causarum
2030 1288 2259 1345 ordina·

249 1384 431 1434 tarum
468 1384 554 1435 est
580 1378 864 1440 influentia
905 1378 1065 1434 unius
1105 1378 1336 1434 rationis
1375 1378 1431 1434 in
1480 1378 1735 1434 ultimum
1779 1378 2055 1434 effectum.
2102 1376 2259 1437 Unde

247 1482 360 1522 non
389 1474 602 1539 oportet
630 1467 776 1541 quod
794 1467 1030 1541 primum
1066 1466 1407 1539 intelligibile
1434 1466 1541 1523 hoc
1566 1468 1725 1523 modo
1756 1466 1948 1522 influat
1994 1468 2053 1522 in
2092 1466 2259 1521 intel-

189 1600 196 1605 .
247 1556 453 1611 lectum
481 1564 748 1627 nostrum,
775 1556 922 1630 quod
947 1554 1302 1627 intelligatur,
1331 1555 1429 1611 sed
1458 1556 1605 1629 quod
1654 1561 1877 1628 praestet
1916 1547 2260 1626 intelligendi

244 1645 532 1702 virtutem.
558 1644 658 1703 Vel
681 1646 992 1715 dicendum,
1025 1644 1172 1719 quod
1195 1646 1449 1719 quamvis
1476 1646 1623 1702 Deus
1646 1645 1723 1703 sit
1748 1644 1803 1700 in
1832 1644 2024 1701 'ordine
2050 1642 2258 1699 intelli·-

247 1732 501 1806 gibilium
523 1734 698 1791 nobis.
1442 1754 1445 1759 '

322 1823 406 1879 Ad
434 1823 656 1879 tertium
680 1822 1149 1898 dicendum,quod
1178 1822 1431 1899 quamvis
1459 1823 1553 1881 illa
1572 1839 1698 1897 quae
1721 1831 1850 1881 sunt
1876 1823 1933 1879 in
1954 1821 2131 1897 prima
2158 1837 2256 1879 eo·-

245 1928 372 1969 rum
395 1928 521 1985 quae
540 1912 850 1970 intellectus
874 1912 1145 1970 abstrahit
1163 1930 1192 1970 a
1218 1913 1838 1987 phantasmatibus,sint
1857 1929 2055 1985 genere
2081 1914 2259 1985 prima

245 2002 471 2073 cognita
513 2017 545 2058 a
591 2001 765 2070 nobis,
798 2010 862 2059 ut
897 2018 994 2059 ens
1034 2009 1091 2057 et
1133 2018 1332 2072 unum3
1361 2015 1467 2060 non
1510 2011 1695 2061 tamen
1734 2008 1953 2082 oportet
1976 2002 2125 2075 quod
2164 2002 2259 2059 illa

245 2107 377 2164 quae
395 2098 524 2147 sunt
545 2092 722 2165 prima
739 2090 1218 2165 simplicitet-,quae
1247 2106 1354 2148 non
1381 2090 1731 2150 continentur
1754 2092 1811 2149 in
1826 2107 2027 2164 genere
2050 2092 2257 2164 proprii

245 2180 472 2253 objecti,
503 2180 646 2238 sicut
668 2186 724 2237 et
749 2180 878 2237 ista.

321 2270 406 2325 Ad
449 2277 706 2343 quartum
749 2266 1061 2337 dicendum,
1085 2268 1229 2344 quod
1273 2268 1527 2343 quamvis
1564 2270 1713 2327 Deus
1752 2269 1825 2327 sit
1868 2268 2093 2327 ultimus
2136 2270 2261 2327 finis

246 2358 306 2415 in
331 2360 738 2429 consecutione,
765 2366 820 2415 et
848 2360 1054 2432 primus
1083 2360 1136 2415 in
1183 2358 1487 2416 intentione
1514 2360 1792 2433 appetitus
1832 2359 2118 2426 naturalis,
2151 2372 2261 2415 non
2322 2423 2326 2426 ⁸

248 2456 438 2506 tamen
457 2456 672 2521 oportet
695 2449 842 2522 quod
866 2449 940 2505 sit
959 2448 1194 2521 primum
1223 2444 1281 2503 in
1303 2448 1616 2519 cognitione
1640 2448 1841 2505 mentis
1863 2447 2116 2503 humanoe
2136 2462 2261 2520 quas

248 2537 536 2593 ordinatur
565 2535 619 2593 in
642 2536 825 2604 finem,
852 2537 949 2594 sed
977 2536 1034 2592 in
1067 2536 1379 2608 cognitione
1411 2535 1737 2604 ordinantiS,
1768 2537 1912 2593 sicut
1932 2540 2011 2591 ·et
2040 2536 2094 2591 in
2138 2536 2261 2591 aliis

249 2634 380 2699 quae
405 2624 641 2682 naturali
671 2624 916 2699 appetitu
942 2625 1173 2682 tendunt
1203 2624 1257 2681 in
1283 2624 1449 2681 finem
1478 2640 1657 2683 suum.
1682 2626 2042 2698 Cognoscitur
2074 2630 2259 2682 tamen

249 2728 284 2772 a
328 2712 615 2787 principio,
647 2722 712 2779 ,et
753 2714 1054 2772 intenditur
1096 2712 1151 2771 in
1198 2714 1440 2788 quadam
1478 2714 1859 2787 generalitate,
1901 2719 2064 2789 prout
2107 2730 2261 2771 mens

246 2804 464 2876 appetit
487 2819 545 2859 se
571 2802 715 2861 bene
727 2819 848 2862 esse
868 2811 924 2862 et
945 2803 1085 2861 bene
1107 2804 1312 2872 vivere,
1336 2802 1486 2877 quod
1526 2803 1658 2861 tunc
1696 2803 1877 2863 solum
1917 2810 2003 2861 est
2044 2802 2097 2860 ei
2130 2817 2255 2861 cnm

243 2892 428 2950 Deum
449 2892 635 2951 habet.

319 2981 409 3038 Ad
454 2983 706 3054 quintum
756 2983 1068 3051 dicendum,
1110 2982 1258 3057 quod
1315 2980 1638 3041 substantias
1692 2988 1965 3058 separatae
2006 2983 2288 3057 quamvis‘

241 3069 622 3129 abstractione
652 3086 758 3127 non
787 3070 1064 3144 indigeant
1093 3069 1162 3129 ad
1190 3072 1295 3129 hoc
1323 3073 1469 3146 quod
1497 3064 1892 3145 intelligantur,
1922 3078 2105 3130 tamen
2151 3077 2262 3128 non

238 3168 381 3218 sunt
404 3159 773 3233 intelligibiles
798 3178 897 3234 per
919 3152 1101 3219 luinen
1132 3161 1445 3220 intellectus
1485 3162 1716 3235 agentis,
1752 3162 1896 3219 unde
1940 3178 2047 3220 non
2083 3162 2260 3237 primo

238 3249 322 3309 ab
347 3248 632 3307 intellectu
664 3256 848 3307 nostro
877 3259 1298 3323 cognoscuntur.

287 3338 404 3396 Λᾶ
432 3344 648 3396 sextum
676 3338 990 3408 dicendum,
1023 3339 1171 3415 quod
1200 3340 1374 3397 Deum
1398 3355 1539 3410 esse,
1568 3345 1833 3415 quantum
1865 3349 1949 3399 est
1984 3340 2039 3399 in
2068 3356 2146 3410 se,
2172 3346 2256 3399 est

231 3444 345 3503 per
369 3444 430 3484 se
457 3436 646 3485 notum
672 3428 802 3501 quia
825 3443 926 3486 sua
951 3428 1188 3485 essentia
1217 3433 1300 3487 est
1329 3446 1491 3487 suum
1522 3446 1663 3502 esse,
1678 3437 1733 3487 et
1756 3429 1861 3489 hoc
1880 3431 2043 3487 modo
2074 3430 2259 3505 loqui-³

173 3586 180 3593 .
231 3524 336 3573 tur
363 3516 674 3574 Anselmus.
703 3518 824 3575 Non
854 3524 1042 3573 autem
1069 3516 1225 3575 nobis
1251 3518 1344 3591 qui
1373 3520 1493 3597 ejus
1528 3519 1826 3576 essentiam
1849 3536 1955 3577 non
1985 3520 2255 3588 videmus,

227 3606 341 3664 sed
388 3612 574 3663 tamen
615 3607 733 3680 ejus
773 3607 1014 3679 cognitio
1057 3606 1214 3664 nobis
1253 3608 1440 3665 innata
1478 3609 1683 3666 dicitur
1724 3624 1865 3681 esse,
1893 3609 1947 3666 in
1992 3616 2259 3683 qnantum

224 3710 341 3771 per
377 3695 647 3769 principia
693 3694 850 3754 nobis
898 3697 1085 3754 innata
1122 3696 1191 3754 de
1231 3696 1380 3753 facili
1423 3698 1703 3771 percipere
1749 3714 2039 3773 possumus
2082 3698 2291 3753 Deum‘

221 3797 388 3842 esse.
