2800 4492
767 345 901 390 am.
931 360 1012 375 —
1037 345 1491 396 ouonmnn‘ruu‘
1514 345 1804 390 'rennuu-
2172 324 2291 388 219

941 550 1400 643 ARTIOULIUS
1453 541 1624 612 XIV.

278 669 508 746 ⁷Utrum
527 681 668 762 quis
691 681 906 764 absque
921 689 1166 762 peccato
1183 685 1384 764 possit
1411 684 1671 764 aliquem
1686 681 2034 761 juramento
2064 683 2291 746 astrin-

281 770 288 780 '
359 787 520 850 gere,
547 771 710 851 quod
760 773 1111 852 reliyionem'
1160 791 1280 836 non
1321 775 1529 860 intret.
1578 808 1659 819 —
1702 773 1864 851 (1-2‚
1918 777 2128 851 quoest.
2183 772 2285 846 68,

363 864 488 922 art.
521 862 579 936 1,
609 878 772 940 corp.
800 865 856 924 et
881 862 962 926 ad
987 863 1058 938 23
1085 867 1140 926 et
1167 867 1291 926 art.
1322 863 1402 923 92
1431 866 1495 926 et
1517 862 1653 936 120,
1680 860 1867 940 hujus
1894 860 2031 941 zib.)

353 993 509 1050 Circa
559 999 816 1066 quartum
857 995 938 1052 sic
977 995 1314 1068 proceditur.
1355 995 1587 1053 Videtur
1629 991 1775 1068 quod
1820 992 2017 1068 aliquis
2076 993 2284 1066 absque

281 1091 509 1156 peccato
537 1084 708 1156 possit
728 1084 964 1156 aliquem
984 1085 1298 1156 juramento
1336 1085 1638 1156 astringere
1664 1083 1733 1140 ad
1759 1083 1860 1139 hoc
1889 1082 2036 1156 quod
2064 1082 2289 1154 religio-

284 1189 408 1228 nem
433 1188 538 1227 non
568 1172 755 1229 intret.
785 1170 942 1242 Quod
980 1174 1124 1230 enim
1167 1174 1376 1231 licitum
1424 1180 1509 1229 est
1540 1172 1675 1239 fieri,
1709 1171 1919 1227 licitum
1962 1177 2047 1228 est
2078 1172 2287 1244 jurare.

281 1261 389 1318 Sed
427 1261 634 1317 licitum
664 1267 750 1318 est
781 1261 944 1318 alicui
982 1262 1230 1319 saeculari
1258 1262 1404 1335 quod
1438 1277 1717 1334 nunquam
1746 1260 2063 1332 religionem
2100 1261 2287 1316 intret.

281 1349 425 1421 Ergo
469 1349 618 1406 licite
655 1356 833 1421 potest
879 1350 982 1407 hoc
1012 1352 1220 1424 jurare.
1262 1351 1365 1420 Qui
1399 1365 1531 1422 ergo
1576 1349 1669 1405 tali
1697 1351 2011 1421 juramento
2050 1348 2289 1422 aliquem

280 1438 558 1509 astringit,
585 1455 692 1495 non
718 1445 926 1512 peccat,
955 1441 1085 1512 quia
1105 1455 1209 1494 non
1242 1439 1372 1495 facit
1397 1454 1523 1494 eum
1558 1439 1747 1510 jurare
1774 1437 1979 1510 aliquid
2011 1437 2290 1493 illicitum.

354 1527 475 1603 Sed⁴
505 1534 714 1599 contra,
756 1530 1093 1602 propositum
1134 1527 1374 1584 intrandi
1404 1527 1737 1599 'religionem
1778 1542 1812 1582 a
1853 1526 2059 1598 Spiritu
2098 1532 2290 1583 sancto

281 1621 388 1682 est,
421 1623 477 1672 ut
506 1616 736 1679 habetur
763 1633 889 1684 xix,
918 1626 1116 1692 quaest.
1151 1619 1204 1685 ⁴,
1235 1633 1360 1688 cap.
1392 1617 1547 1672 Duoe.
1576 1616 1681 1672 Sed
1707 1616 1975 1672 ,resistere
2005 1614 2288 1671 instinctui

283 1705 517 1776 Spiritus
541 1706 718 1762 sancti
741 1713 824 1762 est
847 1722 1015 1777 grave
1045 1713 1349 1779 peccatum,
1374 1705 1443 1762 de
1468 1721 1575 1779 quo
1603 1705 1913 1778 Stephanus
1938 1704 2287 1776 reprehendit

283 1794 521 1862 Judaeos,
543 1798 667 1851 Act.
691 1811 795 1865 vu,
821 1797 916 1865 bl,
949 1795 1171 1851 dicens:
1213 1795 1311 1856 Vos
1347 1811 1549 1866 semper
1580 1793 1816 1862 Spiritui
1851 1799 2030 1849 sancto
2076 1793 2286 1849 resisti-

285 1883 374 1938 tis.
403 1883 544 1954 Ergo
579 1883 796 1961 illequi
834 1877 1402 1957 aliquem’juramento
1434 1882 1687 1956 astringit
1712 1883 1781 1939 ad
1829 1899 1935 1939 non
1974 1881 2285 1939 intrandum

284 1969 622 2041 religionem,
647 1971 890 2042 graviter
919 1977 1128 2043 peccat.

355 2059 675 2132 Respondeo
698 2059 1008 2126 dicendum,
1043 2059 1208 2132 quod,
1239 2060 1382 2116 sicut
1408 2076 1573 2132 supra
1614 2059 1825 2120 ,dictum
1864 2066 1967 2126 est,
1995 2056 2049 2114 in
2076 2057 2291 2118 actibus

284 2145 536 2204 humanis
564 2163 672 2204 non
701 2157 781 2205 est
809 2147 1015 2222 aliquid
1043 2146 1366 2221 simpliciter
1393 2148 1752 2221 judicandum
1779 2147 2031 2205 illicitum
2069 2155 2291 2220 propter

286 2235 342 2292 id
369 2237 515 2309 quod
557 2237 758 2294 accidit
791 2237 844 2292 in
883 2235 1068 2310 aliquo
1101 2237 1420 2310 particulari
1454 2253 1607 2305 casu,
1638 2237 1733 2292 sed
1781 2243 2003 2309 propter
2046 2236 2099 2292 id
2145 2237 2290 2309 quod

285 2334 371 2381 est
397 2331 454 2380 ut
480 2325 533 2381 in
561 2326 838 2398 pluribus;
861 2326 1004 2382 sicut
1046 2326 1212 2383 etiam
1252 2327 1311 2382 in
1348 2325 1510 2381 rebus
1540 2324 1879 2381 naturalibus
1912 2323 2291 2380 consideratur

284 2414 430 2487 quod
460 2414 514 2469 in
547 2415 790 2486 pluribus
813 2422 916 2471 est.
937 2415 1214 2486 Contingit
1239 2421 1424 2472 autem
1452 2415 1505 2470 in
1531 2413 1715 2486 aliquo
1735 2430 1886 2481 casu,
1907 2415 2051 2486 quod
2083 2412 2290 2486 absque

283 2511 512 2576 peccato
533 2505 732 2576 aliquis
764 2512 946 2577 potest
978 2504 1281 2575 astringere
1311 2504 1549 2576 aliquem
1581 2505 1893 2576 juramento
1918 2502 1985 2558 ad
2012 2500 2117 2556 hoc
2145 2497 2292 2572 qnod

286 2589 602 2663 religionem
625 2609 733 2648 non
762 2593 958 2662 intret3
991 2601 1122 2664 puta
1147 2592 1193 2648 si
1222 2601 1368 2649 esset
1408 2591 1753 2648 matrimonio
1784 2591 2003 2662 ligatus,
2036 2595 2091 2645 et
2131 2586 2296 2644 vellet

285 2681 492 2756 absque
517 2697 784 2737 consensu
809 2680 994 2747 uxoris
1018 2680 1335 2752 religionem
1375 2680 1602 2748 intrare,
1643 2679 1729 2735 vel
1769 2680 1822 2734 in
1852 2679 2070 2736 casibus
2097 2676 2297 2734 simili'-

285 2770 406 2827 bus·
444 2770 773 2843 Simpliciter
799 2769 1298 2842 autem-loquendO,
1327 2769 1587 2826 inducere
1617 2769 1853 2842 aliquem
1899 2768 1967 2825 ad
1996 2767 2294 2841 jurandum

285 2859 434 2934 quod
472 2859 790 2932 religionem
829 2875 937 2916 non
977 2860 1164 2927 intret,
1196 2875 1362 2931 grave
1391 2864 1476 2915 est
1510 2863 1814 2931 peccatum.
1843 2857 1897 2915 Si
1924 2857 2068 2912 enim
2095 2855 2294 2930 aliquis

285 2948 450 3007 vellet
491 2948 808 3020 religionem
837 2949 1062 3018 intrare,
1090 2955 1145 3005 et
1171 2947 1483 3004 immineret
1516 2947 1898 3021 opportunitas
1927 2943 2207 3016 temporie,
2238 2948 2295 2998 et

279 3051 474 3094 somnes
502 3035 929 3095 circumstantiae
965 3037 1338 3103 convenirent,
1367 3035 1611 3107 graviter
1638 3041 1892 3108 peccaret
1921 3035 2015 3106 qui
2058 3048 2182 3090 eum
2222 3029 2293 3088 ab

285 3125 536 3196 ingressu
559 3127 835 3198 religionis
865 3125 1208 3198 probiberet3
1233 3125 1376 3181 unde
1404 3125 1687 3190 Dominus„
1711 3123 1903 3181 Matth.
1936 3137 2112 3192 xxm,
2138 3137 2296 3178 com-

289 3215 528 3272 minatur
548 3215 855 3282 PharisaeiS,
874 3215 970 3288 qui
998 3231 1100 3272 nec
1127 3215 1231 3288 ipsi
1255 3213 1535 3270 intrabant
1564 3214 1619 3268 in
1644 3228 1871 3284 regnum
1890 3211 2167 3279 ciclorum,
2193 3226 2294 3266 nec

288 3303 426 3360 alios
466 3304 672 3367 intrare
708 3304 978 3361 sinebant.
1007 3306 1144 3360 Cum
1180 3307 1368 3359 autem
1415 3301 1614 3374 aliquis
1660 3301 1795 3358 facit
1830 3300 2069 3374 aliquem
2104 3301 2293 3372 jurare

277 3393 434 3464 quod
459 3393 779 3466 religionem
821 3407 926 3450 non
968 3391 1215 3460 intrabit,
1242 3391 1471 3464 impedit
1509 3407 1654 3461 eum,
1686 3396 1951 3464 quantum
1994 3391 2049 3446 in
2084 3405 2147 3446 se
2186 3398 2291 3457 est,

292 3481 364 3536 ab
387 3481 932 3554 ingressujreligionis
949 3480 1246 3538 secundum
1271 3479 1655 3553 quodcumque
1680 3487 1897 3553 tempus
1914 3486 1972 3535 et
1994 3479 2294 3535 secundum

289 3587 692 3644 quamcumque
717 3571 1190 3629 circumstantiam
1217 3575 1601 3642 opportunam,
1630 3569 1761 3642 quia
1793 3569 1847 3624 in
1882 3559 2175 3624 universali
2205 3567 2295 3621 ina-

287 3660 582 3716 cluduntur
610 3661 792 3718 omnia
820 3659 1192 3733 particularia.
1217 3657 1371 3715 Unde
1398 3657 1745 3714 manifestum
1770 3656 2022 3729 estquod
2054 3653 2296 3727 graviter

289 3755 499 3821 peccat.
2076 3736 2079 3739 ¹
2342 3807 2347 3812 ,

359 3839 442 3896 Ad
488 3837 622 3896 illud
658 3853 790 3900 vero
831 3840 978 3913 quod
1025 3838 1282 3912 objicitur
1317 3837 1374 3894 in
1421 3834 1778 3901 contrarium,
1808 3830 2120 3902 dicendum,
2148 3832 2292 3907 quod

273 3921 546 4002 quamvis
565 3926 776 3988 licitum
803 3929 877 3986 sit
901 3929 972 3987 ab
997 3928 1182 4003 aliquo
1209 3927 1352 3986 bono
1380 3943 1545 4002 opere
1582 3923 1876 3993 abstinere,
1908 3929 2091 3980 tamen
2128 3923 2296 3982 illici-'-
