2800 4492
530 326 650 393 510
1006 344 1059 391 ε.
1101 344 1333 391 ‘rnoMAE
1375 344 1702 395 aemam-is
1744 344 2056 391 opuseuna

604 464 659 519 3.
683 462 974 528 Praeterea,
1001 460 1204 518 frustra
1247 465 1332 517 est
1372 460 1468 518 illa
1517 460 1760 534 potentie
1808 476 1935 533 quae
1982 474 2091 517 non
2134 458 2450 516 reducitur
2502 457 2577 515 ad

536 557 740 612 aetum.
761 549 867 608 Sed
895 548 950 605 in
983 550 1164 606 anima
1188 556 1574 623 postmortem
1618 556 1903 609 remanent
1928 548 2192 625 potentiae
2238 548 2576 607 sensitivae.

533 638 676 711 Ergo
699 643 756 695 ει
779 643 933 696 aetus
961 654 1237 696 sensuum.

604 728 710 785 Sed
738 734 929 784 eontra
981 727 1182 785 sentire
1206 731 1289 785 est
1318 726 1565 801 operatio
1594 727 1891 801 conjuncti.
1916 726 2061 802 Ergo
2096 728 2393 785 destructo
2422 741 2578 784 con·

530 815 741 889 juncto,
763 814 818 871 in
844 814 1023 872 anima
1047 822 1303 890 separata
1331 832 1613 873 remanere
1642 832 1749 889 non*
1780 823 2025 889 possunt.

607 904 927 977 Respondeo
951 905 1260 974 dicendum,
1293 906 1439 979 quod
1472 904 1803 977 impossibile
1827 912 1912 961 est
1958 906 2014 962 in
2058 904 2247 963 anima
2292 910 2573 976 separata

540 990 772 1066 alicujus
796 995 1056 1067 potentiae
1077 996 1354 1052 sensitivae
1385 1001 1567 1050 actum
1594 1009 1712 1049 esse
1746 1010 1759 1047 :
1786 994 1930 1066 quod
1970 994 2049 1049 sie
2073 1000 2248 1066 patet.
2278 992 2565 1065 Operatio

540 1096 776 1156 namque
804 1084 1060 1155 potentiae
1091 1082 1366 1139 sensitivae
1395 1082 1585 1138 eodem
1616 1081 1776 1137 modo
1820 1082 2102 1155 perficitur
2149 1083 2204 1136 in
2243 1082 2481 1137 homine
2509 1089 2568 1137 et

542 1170 734 1241 bruto;
765 1172 956 1228 eodem
999 1172 1142 1228 enim
1179 1172 1340 1228 modo
1385 1170 1538 1228 videt
1574 1170 1735 1226 homo
1781 1186 1877 1242 per
1928 1170 2145 1225 ocuium
2190 1186 2303 1243 quo
2350 1186 2566 1242 equuS.

543 1262 711 1315 Actus
735 1269 916 1316 autem
943 1262 1217 1317 sensitivae
1257 1260 1515 1333 potentiae
1559 1260 1612 1313 in
1654 1258 1816 1313 bruto
1864 1274 1965 1313 non
2012 1265 2095 1314 est
2134 1258 2313 1330 ipsius
2354 1259 2567 1313 animae

545 1347 820 1406 sensitivae
853 1365 946 1421 per
975 1364 1054 1415 se,
1081 1349 1173 1405 sed
1217 1350 1491 1405 mediante
1536 1363 1759 1419 organo.
1790 1346 1844 1403 Si
1889 1347 2171 1418 enimper
2218 1362 2279 1401 se
2321 1346 2565 1401 haberet

545 1438 913 1509 operationem
941 1437 1122 1495 anima
1159 1439 1420 1493 sensitiva
1450 1438 1502 1491 in
1532 1436 1712 1501 bruto,
1739 1451 1838 1508 per
1868 1450 1926 1489 se
1966 1435 2194 1490 haberet
2238 1434 2566 1490 subsisten-

547 1525 714 1593 tiam;
740 1526 898 1580 etsie
919 1531 1062 1580 esset
1085 1524 1530 1597 incorruptibilis,
1561 1531 1621 1579 ιιι
1645 1522 1712 1578 de
1742 1519 1925 1578 anima
1960 1520 2215 1577 rationali
2255 1521 2563 1592 probatum

548 1620 649 1669 est.
676 1613 847 1681 Unde,
871 1628 996 1668 cum
1019 1613 1091 1668 sit
1116 1612 1216 1667 hoe
1244 1612 1647 1677 inconvenienS,
1674 1609 2006 1682 impossibile
2030 1615 2113 1664 εει
2130 1610 2275 1681 quod
2304 1609 2363 1663 in
2389 1609 2561 1664 bruto

550 1702 634 1756 vel
664 1702 720 1757 in
747 1701 963 1756 homine
989 1702 1228 1772 potentia
1259 1700 1519 1755 sensitlva
1538 1698 1734 1753 habeat
1765 1698 2001 1771 aliquem
2022 1705 2204 1753 actum
2236 1698 2557 1770 proprium;

550 1790 644 1844 sed
669 1790 845 1844 omnis
869 1797 1024 1845 aetus
1059 1790 1176 1860 ejus
1199 1796 1282 1844 est
1311 1789 1585 1860 conjuncti
1623 1804 1634 1841 :
1666 1787 1807 1841 unde
1852 1788 1905 1840 in
1951 1785 2131 1842 anima
2174 1790 2435 1858 separata
2462 1802 2561 1843 re-

551 1890 770 1930 manere
812 1890 917 1930 non
956 1882 1154 1947 potest.
1195 1874 1429 1943 Quidam
1470 1882 1652 1929 tamen
1703 1874 1912 1942 dicunt,
1942 1874 2178 1929 animam
2228 1874 2557 1930 sensitivam

551 1960 751 2017 habere
792 1960 929 2017 duos
963 1966 1116 2016 actus
1151 1978 1356 2015 :unum
1394 1978 1560 2035 quem
1602 1969 1819 2019 exercet
1860 1950 2063 2031 organo
2106 1960 2407 2027 mediante,
2458 1962 2557 2034 qui

553 2057 674 2125 post
698 2040 929 2107 mortem
970 2065 1075 2105 non
1127 2059 1336 2118 manet,
1366 2051 1532 2106 alium
1568 2066 1731 2124 quem
1765 2066 1860 2122 per
1902 2066 1962 2105 se
1998 2048 2176 2122 ipsam
2215 2050 2353 2120 agit,
2383 2049 2557 2104 et'hie

555 2146 735 2195 manet
761 2146 880 2212 post
908 2145 1154 2194 mortem.
1186 2140 1300 2194 Hoc
1325 2149 1506 2196 autem
1538 2140 1753 2195 videtur
1785 2137 2035 2194 attestari
2078 2136 2321 2210 opinioni
2364 2138 2559 2193 Plato-

555 2229 637 2283 nis
665 2229 732 2284 de
762 2229 940 2284 anima
967 2228 1058 2302 qui
1105 2226 1336 2299 ponebat
1366 2228 1603 2284 animam
1634 2226 1953 2283 sensitivam
1994 2242 2215 2282 movere
2260 2241 2321 2282 se
2350 2226 2553 2299 ipsam,

555 2324 608 2372 ct
638 2315 717 2372 sie
741 2321 926 2372 movet
948 2332 1176 2389 eorpus;
1207 2325 1262 2372 et
1295 2317 1372 2372 sie
1401 2315 1495 2372 illa
1533 2316 1777 2388 operatio
1808 2332 1917 2389 qua
1966 2313 2219 2371 movebat
2260 2331 2322 2371 εε
2350 2316 2551 2387 ipsam,

555 2413 674 2462 erat
695 2406 798 2461 sibi
828 2405 1070 2478 propria;
1101 2405 1204 2461 alia
1235 2420 1381 2470 vere,
1416 2420 1525 2477 qua
1555 2403 1805 2459 movebat
1830 2418 2048 2474 corpuS,
2077 2409 2195 2459 erat
2220 2404 2507 2476 conjuncti
2539 2421 2555 2460 z

556 2503 611 2549 et
639 2502 857 2568 propter
886 2494 987 2550 hoe
1011 2495 1161 2549 Plato
1186 2491 1419 2565 ponebat
1448 2492 1656 2548 animas
1680 2492 1845 2547 etiam
1870 2492 2155 2548 brutorum
2201 2507 2324 2547 esse
2366 2494 2561 2548 incor-

557 2582 838 2655 ruptibiles
865 2599 878 2639 :
904 2582 1006 2638 hoe
1027 2582 1169 2637 enim
1199 2582 1266 2637 de
1294 2581 1621 2637 necessitate
1650 2580 1916 2653 sequitur,
1945 2579 2090 2655 quod
2119 2588 2305 2636 tamen
2330 2580 2422 2637 isti
2443 2596 2559 2638 non

557 2672 878 2728 concedunt.
1553 2674 1559 2681 ’

623 2759 705 2815 Ad
742 2761 971 2831 primum
997 2776 1125 2832 ergo
1149 2759 1458 2825 dicendum,
1493 2757 1639 2831 quod
1677 2756 1818 2813 sicut
1864 2759 2209 2829 operationes
2249 2758 2559 2816 voluntatis

555 2851 774 2917 propter
807 2845 1099 2918 quamdam
1141 2847 1551 2902 similitudinem
1595 2846 1943 2902 nominantur
1980 2845 2293 2902 nominibus
2336 2848 2559 2917 passio-

556 2947 702 3000 num,
736 2948 858 3006 quae
885 2934 1086 2987 suntin
1118 2934 1358 3005 appetitu
1388 2934 1683 3003 sensitivo;
1712 2934 1787 2989 ita
1812 2933 1981 2989 etiam
2011 2933 2321 2990 intellectus
2351 2952 2555 3007 opera-

557 3022 794 3079 tionibus
817 3037 1070 3080 sensuum
1097 3027 1316 3095 propter
1344 3022 1758 3078 similitudinem
1788 3039 1800 3077 ε
1826 3031 1881 3079 ει
1921 3023 2001 3078 sie
2043 3022 2287 3096 loquitur
2328 3024 2561 3081 Cassio-

555 3111 740 3168 doruS.

622 3201 702 3255 Ad
743 3202 1036 3257 secundum
1078 3200 1384 3269 dicendum,
1417 3200 1563 3273 quod
1604 3200 1694 3257 illa
1737 3200 1901 3255 verba
1938 3216 2062 3271 quae
2088 3200 2346 3256 dicuntur
2370 3201 2438 3256 de
2460 3202 2555 3257 di·-

487 3281 490 3283 *
554 3287 684 3353 vite,
712 3295 926 3360 oportet
961 3289 1327 3359 metaphorice
1354 3288 1603 3361 intelligi,
1636 3288 1721 3344 vel
1753 3288 2048 3344 secundum
2082 3305 2262 3343 rerum
2294 3289 2555 3347 similitu-

553 3374 725 3444 dines,
758 3382 813 3431 et
837 3391 938 3431 non
969 3378 1265 3432 secundum
1293 3394 1379 3433 res
1399 3380 1574 3451 ipsam,
1604 3386 1663 3435 ut
1694 3380 2028 3449 Augustinus
2055 3377 2208 3434 dicit.

620 3463 704 3520 Ad
736 3464 954 3520 tertium
983 3463 1290 3531 dicendum,
1316 3467 1462 3539 quod
1492 3467 1789 3523 secundum
1824 3468 2109 3539 quosdam,
2140 3468 2192 3522 in
2232 3469 2415 3541 anima
2460 3484 2557 3525 se-

551 3558 742 3625 parata
773 3570 876 3609 non
907 3555 1403 3627 manentpotentiae
1429 3554 1705 3612 sensitivae
1727 3564 1871 3623 actu,
1894 3557 1986 3611 sed
2020 3554 2073 3612 in
2100 3557 2283 3613 radice
2313 3564 2553 3613 tantum.

550 3641 602 3697 Si
630 3648 810 3698 autem
859 3650 984 3698 actu
1015 3649 1287 3710 maneant,
1315 3658 1417 3698 non
1461 3644 1582 3699 ideo
1613 3645 1814 3700 frustra
1840 3653 2018 3711 erunt,
2052 3645 2306 3718 quamvis
2336 3646 2558 3702 actibus

551 3737 771 3787 careant
815 3749 826 3784 ε
872 3738 1092 3786 manent
1135 3732 1278 3787 enim
1323 3732 1388 3787 ad
1435 3737 1647 3788 naturae
1696 3735 2084 3804 integritatem,
2119 3734 2259 3790 sieut
2306 3735 2557 3791 membra

548 3820 913 3889 generationis
942 3820 996 3875 in
1026 3823 1425 3891 resurgentium
1454 3823 1789 3894 corporibus.

2504 4217 2687 4451 „Ji
