2800 4492
803 320 914 366 x11.
945 335 1027 351 —
1051 291 1479 382 ouonunnm
1522 321 1799 366 mmmm
2174 291 2299 367 '251

293 430 670 504 tivo-probari
710 447 816 486 non
845 437 1090 504 possunt,
1122 431 1225 488 sed
1259 431 1523 495 sola-fide
1562 439 1817 488 tenentur
1855 433 2168 505 prophetice
2205 450 2304 506 per

292 521 556 592 Spiritum
583 527 834 577 sanctum
859 520 1119 589 revelata,
1151 521 1294 577 sicut
1331 521 1625 594 Apostolus
1663 527 1786 594 post
1816 523 2099 594 praemissa
2134 521 2303 579 verba

292 624 438 664 vers·
482 610 566 679 io)
604 609 884 681 subjungit
917 609 1128 668 :Nobis
1173 617 1354 682 autem
1393 610 1649 666 ‘revelavit
1699 611 1839 675 Deus
1880 627 1981 682 per
2032 609 2302 682 Spiritum

292 707 550 756 sanctum.
569 695 666 754 Est
693 704 878 755 autem
891 698 1050 756 valde
1078 699 1381 755 cavendum
1407 715 1475 753 ne
1504 699 1629 771 quis
1657 699 1725 755 ad
1750 715 1815 755 ea
1846 715 1971 772 quae
1988 698 2113 756 fidei
2138 707 2286 768 sunt,

296 786 512 860 aliquas
531 787 1026 844 demonstrationes
1055 786 1328 844 adducere
1353 795 1671 859 praesumat,
1705 795 1928 860 propter
1965 788 2095 844 duo·
2121 789 2303 844 Primo

295 875 536 950 quidem,
569 876 699 949 quia
727 875 782 932 in
815 875 919 932 hoc
945 875 1174 947 derogat
1198 874 1537 932 excellentiae
1579 876 1726 946 fidei,
1748 879 1904 948 cujus
1935 877 2138 933 veritas
2178 892 2305 934 om-

294 979 420 1020 nem
448 963 716 1020 rationem
745 964 1038 1021 humanam
1075 963 1310 1030 excedit,
1342 964 1643 1020 secundum
1690 963 1822 1020 illud
1864 965 2033 1037 Eccli.
2062 980 2149 1034 ιιι,
2184 968 2253 1024 25
2284 982 2299 1020 z

296 1053 542 1110 Plurima
562 1070 722 1126 super
743 1070 952 1128 sensum
985 1053 1214 1109 hominis
1247 1059 1454 1110 ostensa
1484 1058 1610 1109 sunt
1650 1051 1783 1121 tibi‚·
1810 1069 1937 1127 quae
1982 1060 2167 1110 autem
2200 1055 2305 1111 de-

297 1143 656 1198 monstrative
673 1142 891 1214 probari
905 1147 1150 1214 possunt,
1176 1141 1376 1197 rationi
1396 1141 1651 1198 humanae
1675 1141 2001 1198 subduntur.
2028 1143 2296 1211 Secunde,

297 1232 428 1304 quia
451 1246 576 1287 cum
609 1230 926 1303 plerumque
957 1229 1095 1286 tales
1130 1231 1370 1296 rationes
1403 1228 1614 1304 friuolae
1643 1229 1773 1299 sint,
1805 1229 1939 1286 dant
1962 1231 2306 1292 occasionem

298 1318 566 1376 irrisionis
612 1318 938 1384 infidelibus,
970 1317 1100 1373 dum
1149 1323 1346 1389 putant
1386 1318 1532 1389 quod
1575 1324 1799 1391 propter
1835 1319 2077 1374 rationes
2111 1319 2309 1392 hujus·
2362 1324 2371 1332 ‘
2449 1309 2457 1316 ’

297 1409 465 1475 modi,
491 1408 576 1463 his
600 1423 723 1480 quae
747 1415 872 1462 sunt
903 1407 1028 1462 fidei
1053 1405 1447 1475 assentiamus;
1479 1415 1537 1462 et
1559 1406 1663 1462 hoc
1700 1423 1955 1479 expresse
1990 1415 2217 1480 apparet
2249 1409 2304 1463 in

297 1492 602 1553 rationibus
642 1495 732 1550 hic
772 1493 1010 1549 inductis
1039 1509 1164 1566 quae
1199 1491 1504 1550 derisibiies
1533 1500 1679 1560 sunt,
1707 1501 1763 1550 et
1792 1493 1993 1550 nullius
2018 1495 2299 1550 momenti.

273 1575 278 1588 ²
369 1582 526 1651 Quod
551 1571 696 1637 enim
725 1581 898 1653 primo
928 1579 1206 1636 inducitur
1231 1579 1301 1636 de
1333 1595 1491 1637 cereo
1515 1579 1779 1654 paschali,
1804 1595 1911 1637 non
1944 1581 2109 1638 habet
2139 1581 2306 1638 robur
2354 1622 2358 1626 -

299 1673 404 1728 nisi
431 1670 776 1728 auctoritatis
804 1687 816 1724 :
848 1669 1081 1741 probare
1119 1676 1303 1726 autem
1339 1673 1447 1742 'per
1483 1669 1891 1738 auctoritatem,
1925 1685 2033 1727 non
2074 1677 2157 1727 est
2204 1671 2308 1726 de-

301 1759 658 1817 monstrative
703 1759 952 1832 probare,
982 1758 1078 1814 sed
1122 1758 1229 1814 fide
1274 1758 1354 1814 rei
1400 1757 1709 1831 opinionem
1762 1759 1971 1829 sacere;
2021 1763 2077 1814 et
2121 1769 2305 1816 tamen

299 1850 471 1905 multo
494 1855 639 1904 esset
677 1847 906 1905 validior
930 1848 1229 1904 auctoritas
1262 1863 1435 1904 sacrae
1462 1848 1760 1920 scripturae
1786 1863 1953 1920 quam
1992 1847 2304 1905 benedictio

299 1937 571 2011 paschalis
595 1937 771 2006 cerei3
797 1938 1102 2008 praesertim
1127 1952 1250 1992 cum
1280 1937 1396 1993 sine
1428 1937 1795 2009 adscriptione
1820 1931 2087 1994 annorum
2112 1937 2307 1993 mundi

299 2043 490 2084 cereus
535 2025 806 2100 paschalis
836 2025 1086 2082 benedici
1123 2025 1296 2098 possit
1336 2042 1349 2080 :
1383 2040 1491 2096 non
1542 2026 1687 2080 enim
1728 2032 1813 2082 est
1856 2027 1926 2082 de
1972 2026 2303 2083 necessitate

301 2117 571 2190 paschalis
597 2117 742 2172 cerei
771 2115 900 2171 talis
921 2113 1247 2186 adscript103
1277 2115 1419 2170 unde
1448 2115 1502 2170 in
1528 2115 1716 2170 multis
1740 2115 1902 2172 terris
1924 2131 2033 2172 non
2062 2120 2147 2172 est
2168 2130 2305 2173 con-

299 2211 515 2261 suetum
544 2205 688 2276 quod
711 2203 918 2276 aliquid
942 2217 1099 2258 cereo
1131 2202 1492 2258 adscribatur.
1886 2206 1889 2209 '
2302 2249 2309 2256 .

371 2295 524 2364 Quod
553 2294 720 2349 etiam
766 2292 1007 2348 secundo
1053 2292 1361 2363 opponitur,
1391 2289 1670 2346 derisibiie
1718 2297 1801 2347 est
1830 2307 1843 2345 :
1876 2307 1981 2347 non
2023 2293 2170 2348 enim
2203 2307 2304 2348 exm

301 2382 619 2440 crescentiae
651 2396 916 2437 annorum
957 2379 1229 2435 lunarium
1270 2378 1340 2435 ad
1368 2377 1577 2434 solares
1614 2383 2001 2450 computantur
2034 2380 2104 2436 ab
2145 2381 2303 2436 initio

301 2471 508 2537 muudi,
541 2470 636 2526 sed
662 2469 732 2527 ab
761 2469 946 2541 aliqua
969 2467 1335 2523 determinata
1358 2465 1564 2533 radice,
1593 2473 1727 2537 puta
1755 2466 1824 2522 ab
1856 2467 2041 2538 aliqua
2076 2469 2303 2540 opposi-

301 2561 450 2617 tione
485 2559 616 2615 solis
644 2564 699 2612 et
729 2556 888 2622 lunae,
923 2555 1009 2611 vel
1038 2555 1108 2610 ab
1136 2555 1320 2626 aliqua
1349 2554 1749 2626 conjunctione,
1778 2553 1862 2610 vel
1893 2554 1963 2610 ab
1986 2554 2173 2626 aliquo
2202 2554 2310 2609 hu·-

293 2647 557 2720 jusmodi,
584 2645 728 2702 sicut
751 2649 836 2700 est
860 2643 914 2700 in
937 2641 1188 2700 omnibus
1216 2640 1339 2700 aliis
1362 2640 1864 2714 computationibus
1900 2639 2306 2698 astronomicis.
