2800 4492
719 322 858 368 ·x11.
888 335 969 354 -
996 321 1421 374 eumuna-rum
1464 313 1777 380 sse-rmum
2142 307 2261 368 379

255 435 559 496 similitudo
591 437 791 512 speciei
837 440 1074 498 existens
1115 441 1170 496 in
1217 439 1499 498 intellectu
1540 441 1777 510 humano
1816 455 1923 512 non
1962 439 2163 498 sufficit
2192 441 2261 498 ad

256 527 634 598 cognoscenda
660 528 814 602 plura
856 530 1188 602 singularia3
1219 539 1273 586 et
1307 537 1525 604 propter
1549 530 1653 586 hoc
1689 529 1988 601 intellectui
2020 529 2263 603 adjuncti

255 624 382 673 sunt
411 633 620 686 sensus,
655 619 854 692 quibus
877 620 1174 692 singularia
1200 609 1485 694 accipiat.'
1767 614 1772 619 ’

325 708 406 790 Aci
438 709 674 780 primum
702 725 831 782 ergo
851 707 1160 780 dicendum,
1185 710 1331 784 quod
1353 709 1595 782 Angelus
1618 701 1764 766 nu'llo
1794 708 1957 767 modo
1978 708 2261 780 cognoscit

257 797 553 870 singularia
579 815 674 871 per
691 799 928 872 speciem
947 800 1273 873 acquisitam
1300 800 1461 874 :quia
1486 816 1586 856 nec
1605 817 1707 874 per,
1718 800 1955 872 speciem
1982 805 2263 872 acceptam

259 901 290 941 a
317 901 395 954 re,
428 886 508 942 sic
537 887 681 943 enim
709 903 796 944 res
826 894 1050 960 agerent
1080 887 1136 945 in
1171 888 1506 945 intellectum
1535 890 1671 960 ejuS‚
1704 888 1848 960 quod
1888 894 1972 944 est
2006 887 2261 960 impossi-

253 973 396 1044 bile;
422 991 598 1047 neque
625 993 721 1048 per
752 976 994 1050 aliquam
1015 978 1258 1050 ‚speciem
1299 977 1367 1034 de
1408 993 1549 1035 novo
1596 977 1853 1032 influxam
1898 993 1930 1032 a
1959 977 2071 1031 Deo
2099 991 2261 1032 reve-

258 1062 404 1119 lante
449 1063 551 1136 ipsi
599 1064 804 1137 Angelo
844 1065 1055 1138 aliquid«
1096 1066 1165 1122 de
1208 1082 1366 1134 novo,
1417 1067 1550 1140 quia
1594 1066 1805 1138 species
1846 1081 1985 1138 quas
2026 1065 2263 1138 Angelus

257 1149 418 1207 habet
440 1153 583 1226 apud
603 1168 661 1210 se
675 1161 1013 1222 concreatas,
1035 1153 1308 1212 sufficiunt
1326 1155 1395 1212 ad
1414 1155 1595 1212 omnia
1618 1150 2006 1228 cognoscibilia
2024 1153 2263 1226 cognos-*

257 1241 430 1296 cenda
461 1259 474 1295 :
507 1241 603 1298 sed
641 1244 940 1300 secundum
984 1245 1130 1318 quod
1167 1261 1264 1316 per
1293 1242 1459 1300 altius
1493 1243 1675 1299 lumen
1715 1241 2023 1298 intellectus
2066 1241 2259 1314 Angeli
2306 1285 2317 1294 .

256 1329 518 1396 elevatur,
547 1329 601 1385 in
622 1331 844 1388 altiores
871 1333 1255 1403 conceptiones
1270 1331 1469 1388 exiliis
1492 1331 1777 1404 speciebus
1801 1331 2019 1404 prodire
2040 1338 2263 1405 'potest3

255 1417 398 1474 sicut
431 1418 599 1474 etiam
627 1435 693 1475 ex
729 1420 938 1476 eisdem
977 1419 1425 1492 phantasmatum
1462 1419 1747 1492 speci-ebus
1780 1416 2263 1476 intellectus'Pro-

256 1507 438 1579 phetae
463 1506 668 1563 lumine
693 1509 992 1580 prophetiae
1019 1510 1236 1580 adjutus
1276 1508 1519 1582 aliquam
1543 1508 1910 1580 cognitionem
1940 1507 2159 1579 accipit,
2190 1509 2259 1563 ad

257 1611 422 1668 quam
449 1611 554 1651 non
589 1595 894 1652 sufficiebat
937 1599 1186 1654 naturale
1233 1598 1412 1662 lumen
1456 1596 2027 1670 intellectus-agentis.
2071 1597 2265 1653 Restat
2338 1632 2343 1638 ·

256 1699 386 1754 ergo
443 1691 502 1739 ut
553 1683 792 1756 Angelus
836 1693 1130 1758 cognoscat
1175 1685 1477 1758 singularia
1517 1702 1611 1758 per
1660 1686 1872 1759 species
1914 1692 2259 1760 conci-satas.

257 1772 410 1828 Sicut
449 1777 634 1828 autem
681 1789 776 1846 per
827 1789 992 1830 unam
1037 1775 1274 1846 speciem
1317 1781 1667 1832 concreatam
1709 1779 1889 1848 potest
1936 1789 2265 1845 cognoscere

259 1859 474 1920 diversa
517 1861 818 1930 individua,
879 1865 955 1918 ita
998 1864 1166 1919 etiam
1212 1863 1384 1920 multo
1441 1863 1675 1936 amplius
1720 1867 1899 1936 potest
1951 1879 2047 1935 per
2098 1877 2263 1926 unam

258 1965 582 2022 cognoscere
609 1951 878 2024 quidquid
907 1957 990 2008 est
1027 1952 1082 2007 in
1125 1968 1232 2010 uno
1272 1952 1572 2022 individuo,
1619 1959 1817 2010 utnon
1856 1958 2107 2025 oporteat
2136 1968 2261 2008 eum

259 2039 419 2094 aliam
449 2039 683 2111 speciem
730 2039 949 2107 habere,
995 2056 1100 2097 uon
1130 2057 1239 2113 qua
1279 2033 1561 2114 cognoscit
1588 2042 1825 2108 colorem
1865 2045 2024 2098 unius
2071 2041 2258 2114 pomi3

257 2128 354 2183 sed
399 2127 558 2183 simul
601 2129 978 2200 cognoscendo
1026 2129 1128 2185 boc
1173 2145 1435 2201 pomum,-
1462 2132 1748 2202 cognoscit
1779 2121 2048 2204 quidquid
2076 2135 2166 2186 est
2208 2131 2262 2186 in

257 2231 418 2289 pomo
445 2217 536 2273 illo
560 2223 615 2273 et
638 2218 1004 2274 essentialiter
1027 2224 1083 2273 et
1102 2218 1537 2286 accidentaliter.
1560 2219 1797 2276 Effectus
1826 2225 2009 2275 autem
2038 2234 2146 2274 non
2174 2225 2260 2274 est

257 2305 314 2360 in
337 2321 501 2362 causa
531 2322 631 2363 sua
661 2315 719 2364 ut
757 2307 810 2362 in
841 2323 906 2364 ea
941 2307 1112 2380 possit
1139 2308 1415 2380 cognosci,
1448 2308 1551 2364 nisi
1590 2309 1663 2364 sit
1688 2323 1853 2364 causa
1898 2307 2263 2364 determinata

257 2394 327 2450 ad
379 2395 632 2450 effectum
679 2394 866 2465 illum;
913 2395 1056 2450 sicut
1100 2403 1255 2467 patet
1309 2397 1362 2450 in
1424 2411 1606 2451 causis
1659 2393 2002 2460 necessariis,
2035 2393 2263 2466 ·quibus

255 2488 657 2555 cognoscuntur
685 2483 910 2539 effectus
933 2499 1154 2553 earum3
1195 2483 1292 2539 sed
1319 2498 1488 2539 causa
1516 2475 1836 2554 contingens
1865 2498 1970 2538 non
2000 2483 2267 2538 determi-

255 2579 418 2629 natur
447 2573 514 2628 ad
542 2573 796 2632 effectum
825 2587 982 2627 suum
1021 2573 1126 2628 nisi
1157 2573 1376 2644 quando
1418 2580 1547 2629 actu
1574 2572 1826 2644 producit
1867 2573 2074 2646 ipsum3
2120 2573 2265 2628 unde

257 2661 312 2716 in
335 2675 502 2717 causa
527 2647 874 2732 contingente
899 2676 1006 2717 non
1033 2667 1119 2716 est
1141 2661 1368 2718 effectus
1391 2663 1509 2733 ejus
1536 2667 1596 2716 ut
1622 2660 1676 2716 in
1699 2677 1763 2717 ea
1788 2662 1959 2733 possit
1985 2660 2261 2732 cognosci,

256 2751 360 2807 nisi
391 2751 608 2823 quando
627 2751 742 2822 jam
771 2758 899 2808 actu
940 2752 1238 2824 productus
1269 2758 1373 2808 est.
1398 2751 1469 2806 Et
1512 2750 1633 2806 ideo
1662 2751 1901 2822 Angelus
1930 2767 2027 2824 per
2054 2749 2265 2824 species

254 2847 575 2896 concreatus
613 2853 946 2912 cognoscens
989 2856 1185 2896 causas
1239 2837 1577 2912 universales
1618 2841 1859 2896 omnium
1907 2840 2263 2913 singularium

254 2927 709 3001 contingentium,
746 2943 850 2986 non
881 2929 1162 3002 cognoscit
1199 2929 1434 2987 naturali
1470 2929 1779 3000 cognitione
1808 2927 2033 2986 effectus
2074 2945 2261 2985 earum

255 3025 550 3090 antequam
580 3019 690 3073 sint
718 3019 775 3073 in
803 3026 950 3086 actu,
979 3020 1073 3076 sed
1105 3020 1291 3074 statim
1318 3033 1444 3074 cum
1474 3027 1601 3074 actu
1628 3023 1777 3074 sunt.

327 3107 410 3161 Ad
439 3106 737 3166 secundum
762 3106 1070 3174 dicendum,
1096 3108 1262 3180 quod,
1287 3107 1507 3180 quando
1527 3106 1735 3178 aliquid
1765 3104 1956 3177 incipit
1984 3083 2104 3160 esse
2133 3121 2267 3178 prae·

255 3209 400 3260 sens,
439 3193 680 3264 Angelus
701 3194 776 3254 de
819 3210 956 3251 novo
993 3196 1272 3266 cognoscit
1300 3193 1437 3252 illud
1472 3211 1582 3250 non
1626 3194 1773 3250 facta
1804 3193 1986 3266 aliqua
2031 3195 2265 3252 innova-

215 3355 221 3360 ·
255 3285 402 3340 tione
437 3285 492 3340 in
536 3281 654 3354 ipso
699 3283 922 3354 Angelo,
954 3285 1050 3340 sed
1096 3285 1152 3341 in
1197 3300 1254 3340 re
1279 3283 1650 3356 cognoscibili,
1683 3285 1738 3340 in
1786 3299 1897 3356 qua
1923 3290 2007 3340 est
2050 3285 2261 3359 aliquid

254 3373 397 3446 quod
428 3373 584 3447 prius
611 3388 718 3429 non
749 3371 870 3438 fuit,
903 3372 1047 3446 quod
1083 3373 1201 3428 sine
1224 3389 1288 3429 ea
1315 3372 1534 3445 cognita
1564 3389 1669 3432 non
1695 3375 2063 3447 cognoscitur.

323 3465 405 3521 Ad
439 3463 662 3520 tertium
691 3460 1002 3530 dicendum,
1038 3462 1183 3535 quod
1213 3462 1507 3535 applicatio
1532 3462 1626 3520 illa
1654 3472 1739 3520 est
1777 3463 2129 3536 intelligenda
2164 3479 2261 3538 per

253 3553 474 3610 modum
504 3551 656 3607 illum
680 3567 788 3624 quo
812 3552 960 3608 Deus
997 3551 1151 3609 ideas
1178 3553 1248 3609 ad
1286 3568 1374 3608 res
1403 3553 1809 3625 cognoscendas
1850 3552 2109 3625 applicat,
2149 3568 2259 3609 non

253 3642 396 3696 sicut
419 3641 660 3698 medium
689 3640 1054 3713 cognoscibile
1081 3641 1149 3699 ad
1180 3641 1346 3709 aliud,
1375 3642 1473 3698 sed
1506 3643 1648 3698 sicut
1677 3645 1871 3698 modus
1896 3639 2261 3712 cognoscendi

257 3730 325 3786 ad
355 3745 468 3794 rem
497 3732 802 3802 cognitam;
839 3731 974 3788 alias
1011 3731 1142 3788 nihil
1169 3732 1376 3790 valeret
1406 3732 1473 3788 ad
1513 3731 1869 3805 propositum,
1900 3730 2043 3786 sicut
2070 3735 2261 3786 osten-

255 3834 376 3875 sum
401 3826 484 3874 est
513 3819 567 3873 in
592 3819 914 3892 objiciendo·

323 3908 408 3967 Ad
433 3915 692 3982 quartum
709 3910 1016 3980 dicendum,
1042 3911 1186 3985 quod
1212 3909 1523 3968 intellectus
1546 3908 1736 3987 Angeli
1760 3923 1935 3984 neque
1952 3925 2057 3977 una
2076 3909 2261 3994 specie
