<?xml version="1.0" encoding="UTF-8"?>
<!DOCTYPE html PUBLIC "-//W3C//DTD XHTML 1.0 Transitional//EN"
    "http://www.w3.org/TR/xhtml1/DTD/xhtml1-transitional.dtd">
<html xmlns="http://www.w3.org/1999/xhtml" xml:lang="en" lang="en">
 <head>
  <title>
</title>
<meta http-equiv="Content-Type" content="text/html;charset=utf-8" />
  <meta name='ocr-system' content='tesseract 3.04.00' />
  <meta name='ocr-capabilities' content='ocr_page ocr_carea ocr_par ocr_line ocrx_word'/>
</head>
<body>
  <div class='ocr_page' id='page_1' title='image "./sthomaquinatisd00thomgoog_0182.png"; bbox 0 0 2800 4492; ppageno 0'>
   <div class='ocr_carea' id='block_1_1' title="bbox 531 359 2063 434">
    <p class='ocr_par' dir='ltr' id='par_1_1' title="bbox 531 359 2063 434">
     <span class='ocr_line' id='line_1_1' title="bbox 531 359 2063 434; baseline -0.001 -5"><span class='ocrx_word' id='word_1_1' title='bbox 531 367 651 434; x_wconf 86' lang='grc'>168</span> <span class='ocrx_word' id='word_1_2' title='bbox 1009 359 1062 429; x_wconf 62' lang='grc' dir='ltr'>κζ</span> <span class='ocrx_word' id='word_1_3' title='bbox 1107 380 1338 428; x_wconf 72' lang='lat' dir='ltr'>mouAE</span> <span class='ocrx_word' id='word_1_4' title='bbox 1378 379 1703 433; x_wconf 65' lang='lat' dir='ltr'>Aommffls</span> <span class='ocrx_word' id='word_1_5' title='bbox 1752 379 2063 427; x_wconf 69' lang='lat' dir='ltr'>opuscumt</span> 
     </span>
    </p>
   </div>
   <div class='ocr_carea' id='block_1_2' title="bbox 477 484 2573 4012">
    <p class='ocr_par' dir='ltr' id='par_1_2' title="bbox 477 484 2546 2692">
     <span class='ocr_line' id='line_1_2' title="bbox 533 484 2533 569; baseline -0.003 -11"><span class='ocrx_word' id='word_1_6' title='bbox 533 506 619 558; x_wconf 83' lang='lat' dir='ltr'>est</span> <span class='ocrx_word' id='word_1_7' title='bbox 645 496 1124 554; x_wconf 79' lang='lat' dir='ltr'><strong>determinativum</strong></span> <span class='ocrx_word' id='word_1_8' title='bbox 1147 496 1512 552; x_wconf 70' lang='lat' dir='ltr'>essentialiter</span> <span class='ocrx_word' id='word_1_9' title='bbox 1536 493 1788 552; x_wconf 86' lang='lat' dir='ltr'>animalis</span> <span class='ocrx_word' id='word_1_10' title='bbox 1804 484 1817 563; x_wconf 69' lang='grc' dir='ltr'><em>ξ</em></span> <span class='ocrx_word' id='word_1_11' title='bbox 1834 494 1975 550; x_wconf 88' lang='lat' dir='ltr'>unde</span> <span class='ocrx_word' id='word_1_12' title='bbox 1992 493 2283 569; x_wconf 68' lang='lat' dir='ltr'>essentiale</span> <span class='ocrx_word' id='word_1_13' title='bbox 2307 493 2533 563; x_wconf 90' lang='lat' dir='ltr'>homini,</span> 
     </span>
     <span class='ocr_line' id='line_1_3' title="bbox 531 581 2537 658; baseline -0.001 -16"><span class='ocrx_word' id='word_1_14' title='bbox 531 595 587 644; x_wconf 90' lang='lat' dir='ltr'>et</span> <span class='ocrx_word' id='word_1_15' title='bbox 607 587 676 642; x_wconf 92' lang='lat' dir='ltr'>de</span> <span class='ocrx_word' id='word_1_16' title='bbox 703 588 914 644; x_wconf 91' lang='lat' dir='ltr'>ratione</span> <span class='ocrx_word' id='word_1_17' title='bbox 944 588 1060 658; x_wconf 84' lang='lat' dir='ltr'>ejus</span> <span class='ocrx_word' id='word_1_18' title='bbox 1090 586 1348 641; x_wconf 85' lang='lat' dir='ltr'>existens.</span> <span class='ocrx_word' id='word_1_19' title='bbox 1376 585 1497 641; x_wconf 87' lang='lat' dir='ltr'>Alio</span> <span class='ocrx_word' id='word_1_20' title='bbox 1524 585 1686 641; x_wconf 88' lang='lat' dir='ltr'>modo</span> <span class='ocrx_word' id='word_1_21' title='bbox 1716 583 1916 639; x_wconf 90' lang='lat' dir='ltr'>accidit</span> <span class='ocrx_word' id='word_1_22' title='bbox 1942 581 2149 656; x_wconf 88' lang='lat' dir='ltr'>aliquid</span> <span class='ocrx_word' id='word_1_23' title='bbox 2193 583 2381 652; x_wconf 89' lang='lat' dir='ltr'>alicui,</span> <span class='ocrx_word' id='word_1_24' title='bbox 2412 586 2537 658; x_wconf 87' lang='lat' dir='ltr'>quia</span> 
     </span>
     <span class='ocr_line' id='line_1_4' title="bbox 529 670 2539 744; baseline 0 -15"><span class='ocrx_word' id='word_1_25' title='bbox 529 688 634 730; x_wconf 90' lang='lat' dir='ltr'>nec</span> <span class='ocrx_word' id='word_1_26' title='bbox 658 677 742 728; x_wconf 85' lang='lat' dir='ltr'>est</span> <span class='ocrx_word' id='word_1_27' title='bbox 769 674 824 729; x_wconf 91' lang='lat' dir='ltr'>in</span> <span class='ocrx_word' id='word_1_28' title='bbox 853 675 970 744; x_wconf 86' lang='lat' dir='ltr'>ejus</span> <span class='ocrx_word' id='word_1_29' title='bbox 995 672 1327 739; x_wconf 87' lang='lat' dir='ltr'>definitione,</span> <span class='ocrx_word' id='word_1_30' title='bbox 1348 687 1450 728; x_wconf 89' lang='lat' dir='ltr'>nec</span> <span class='ocrx_word' id='word_1_31' title='bbox 1474 677 1558 728; x_wconf 89' lang='lat' dir='ltr'>est</span> <span class='ocrx_word' id='word_1_32' title='bbox 1578 670 2057 726; x_wconf 81' lang='lat' dir='ltr'>determinativum</span> <span class='ocrx_word' id='word_1_33' title='bbox 2090 670 2322 742; x_wconf 82' lang='lat' dir='ltr'>alicujus</span> <span class='ocrx_word' id='word_1_34' title='bbox 2349 687 2539 729; x_wconf 87' lang='lat' dir='ltr'>essen-</span> 
     </span>
     <span class='ocr_line' id='line_1_5' title="bbox 531 757 2539 834; baseline -0.001 -14"><span class='ocrx_word' id='word_1_35' title='bbox 531 759 744 820; x_wconf 85' lang='lat' dir='ltr'>tialium</span> <span class='ocrx_word' id='word_1_36' title='bbox 773 759 1190 834; x_wconf 85' lang='lat' dir='ltr'>principiorum3</span> <span class='ocrx_word' id='word_1_37' title='bbox 1213 759 1358 816; x_wconf 85' lang='lat' dir='ltr'>sicut</span> <span class='ocrx_word' id='word_1_38' title='bbox 1399 757 1593 816; x_wconf 85' lang='lat' dir='ltr'>albedo</span> <span class='ocrx_word' id='word_1_39' title='bbox 1627 759 1831 815; x_wconf 85' lang='lat' dir='ltr'>accidit</span> <span class='ocrx_word' id='word_1_40' title='bbox 1855 759 2080 814; x_wconf 84' lang='lat' dir='ltr'>homini.</span> <span class='ocrx_word' id='word_1_41' title='bbox 2110 758 2209 814; x_wconf 86' lang='lat' dir='ltr'>His</span> <span class='ocrx_word' id='word_1_42' title='bbox 2255 775 2390 830; x_wconf 84' lang='lat' dir='ltr'>ergo</span> <span class='ocrx_word' id='word_1_43' title='bbox 2420 776 2539 832; x_wconf 71' lang='lat' dir='ltr'>quae</span> 
     </span>
     <span class='ocr_line' id='line_1_6' title="bbox 531 847 2542 922; baseline -0.001 -16"><span class='ocrx_word' id='word_1_44' title='bbox 531 857 658 908; x_wconf 86' lang='lat' dir='ltr'>sunt</span> <span class='ocrx_word' id='word_1_45' title='bbox 685 850 988 922; x_wconf 89' lang='lat' dir='ltr'>composita</span> <span class='ocrx_word' id='word_1_46' title='bbox 1013 866 1079 905; x_wconf 86' lang='lat' dir='ltr'>ex</span> <span class='ocrx_word' id='word_1_47' title='bbox 1105 849 1338 906; x_wconf 85' lang='lat' dir='ltr'>materia</span> <span class='ocrx_word' id='word_1_48' title='bbox 1363 855 1419 905; x_wconf 91' lang='lat' dir='ltr'>et</span> <span class='ocrx_word' id='word_1_49' title='bbox 1443 848 1635 918; x_wconf 89' lang='lat' dir='ltr'>forma,</span> <span class='ocrx_word' id='word_1_50' title='bbox 1666 847 1865 904; x_wconf 88' lang='lat' dir='ltr'>accidit</span> <span class='ocrx_word' id='word_1_51' title='bbox 1899 847 2107 920; x_wconf 89' lang='lat' dir='ltr'>aliquid</span> <span class='ocrx_word' id='word_1_52' title='bbox 2132 853 2337 920; x_wconf 83' lang='lat' dir='ltr'>praeter</span> <span class='ocrx_word' id='word_1_53' title='bbox 2369 849 2542 905; x_wconf 87' lang='lat' dir='ltr'>ratio-</span> 
     </span>
     <span class='ocr_line' id='line_1_7' title="bbox 532 935 2540 1012; baseline -0.001 -17"><span class='ocrx_word' id='word_1_54' title='bbox 532 953 658 996; x_wconf 88' lang='lat' dir='ltr'>nem</span> <span class='ocrx_word' id='word_1_55' title='bbox 681 939 882 1012; x_wconf 83' lang='lat' dir='ltr'>speciei</span> <span class='ocrx_word' id='word_1_56' title='bbox 912 939 1149 994; x_wconf 83' lang='lat' dir='ltr'>existens</span> <span class='ocrx_word' id='word_1_57' title='bbox 1175 943 1406 1010; x_wconf 88' lang='lat' dir='ltr'>utroque</span> <span class='ocrx_word' id='word_1_58' title='bbox 1431 938 1612 993; x_wconf 91' lang='lat' dir='ltr'>mod0.</span> <span class='ocrx_word' id='word_1_59' title='bbox 1642 937 1780 994; x_wconf 89' lang='lat' dir='ltr'>Cum</span> <span class='ocrx_word' id='word_1_60' title='bbox 1810 936 1953 992; x_wconf 87' lang='lat' dir='ltr'>enim</span> <span class='ocrx_word' id='word_1_61' title='bbox 1991 935 2059 991; x_wconf 92' lang='lat' dir='ltr'>de</span> <span class='ocrx_word' id='word_1_62' title='bbox 2083 937 2300 993; x_wconf 87' lang='lat' dir='ltr'>ratione</span> <span class='ocrx_word' id='word_1_63' title='bbox 2338 938 2540 1009; x_wconf 87' lang='lat' dir='ltr'>speciei</span> 
     </span>
     <span class='ocr_line' id='line_1_8' title="bbox 523 1025 2543 1098; baseline -0.001 -14"><span class='ocrx_word' id='word_1_64' title='bbox 523 1025 786 1084; x_wconf 77' lang='lat' dir='ltr'>&#39;humanae</span> <span class='ocrx_word' id='word_1_65' title='bbox 807 1025 880 1082; x_wconf 79' lang='lat' dir='ltr'>sit</span> <span class='ocrx_word' id='word_1_66' title='bbox 899 1026 1044 1098; x_wconf 88' lang='lat' dir='ltr'>quod</span> <span class='ocrx_word' id='word_1_67' title='bbox 1074 1031 1431 1097; x_wconf 84' lang='lat' dir='ltr'>componatur</span> <span class='ocrx_word' id='word_1_68' title='bbox 1457 1043 1523 1080; x_wconf 84' lang='lat' dir='ltr'>ex</span> <span class='ocrx_word' id='word_1_69' title='bbox 1551 1025 1733 1081; x_wconf 84' lang='lat' dir='ltr'>anima</span> <span class='ocrx_word' id='word_1_70' title='bbox 1771 1031 1827 1082; x_wconf 90' lang='lat' dir='ltr'>et</span> <span class='ocrx_word' id='word_1_71' title='bbox 1869 1039 2125 1097; x_wconf 89' lang='lat' dir='ltr'>corpore;</span> <span class='ocrx_word' id='word_1_72' title='bbox 2153 1025 2543 1081; x_wconf 80' lang='lat' dir='ltr'>determinatio</span> 
     </span>
     <span class='ocr_line' id='line_1_9' title="bbox 533 1113 2542 1190; baseline -0 -19"><span class='ocrx_word' id='word_1_73' title='bbox 533 1115 776 1190; x_wconf 88' lang='lat' dir='ltr'>corporis</span> <span class='ocrx_word' id='word_1_74' title='bbox 817 1120 872 1170; x_wconf 92' lang='lat' dir='ltr'>et</span> <span class='ocrx_word' id='word_1_75' title='bbox 901 1115 1098 1172; x_wconf 83' lang='lat' dir='ltr'>animae</span> <span class='ocrx_word' id='word_1_76' title='bbox 1122 1121 1206 1170; x_wconf 80' lang='lat' dir='ltr'>est</span> <span class='ocrx_word' id='word_1_77' title='bbox 1229 1121 1431 1187; x_wconf 84' lang='lat' dir='ltr'>praeter</span> <span class='ocrx_word' id='word_1_78' title='bbox 1453 1115 1720 1170; x_wconf 87' lang='lat' dir='ltr'>rationem</span> <span class='ocrx_word' id='word_1_79' title='bbox 1744 1114 1966 1185; x_wconf 88' lang='lat' dir='ltr'>speciei,</span> <span class='ocrx_word' id='word_1_80' title='bbox 2000 1118 2055 1167; x_wconf 90' lang='lat' dir='ltr'>et</span> <span class='ocrx_word' id='word_1_81' title='bbox 2094 1113 2298 1168; x_wconf 85' lang='lat' dir='ltr'>accidit</span> <span class='ocrx_word' id='word_1_82' title='bbox 2338 1114 2542 1170; x_wconf 86' lang='lat' dir='ltr'>homini</span> 
     </span>
     <span class='ocr_line' id='line_1_10' title="bbox 530 1201 2540 1276; baseline -0.001 -16"><span class='ocrx_word' id='word_1_83' title='bbox 530 1203 588 1260; x_wconf 88' lang='lat' dir='ltr'>in</span> <span class='ocrx_word' id='word_1_84' title='bbox 613 1209 879 1276; x_wconf 88' lang='lat' dir='ltr'>quantum</span> <span class='ocrx_word' id='word_1_85' title='bbox 914 1212 997 1259; x_wconf 90' lang='lat' dir='ltr'>est</span> <span class='ocrx_word' id='word_1_86' title='bbox 1026 1203 1206 1270; x_wconf 89' lang='lat' dir='ltr'>homo,</span> <span class='ocrx_word' id='word_1_87' title='bbox 1236 1205 1380 1276; x_wconf 91' lang='lat' dir='ltr'>quod</span> <span class='ocrx_word' id='word_1_88' title='bbox 1411 1205 1483 1260; x_wconf 87' lang='lat' dir='ltr'>sit</span> <span class='ocrx_word' id='word_1_89' title='bbox 1522 1219 1588 1258; x_wconf 87' lang='lat' dir='ltr'>ex</span> <span class='ocrx_word' id='word_1_90' title='bbox 1610 1202 1712 1258; x_wconf 87' lang='lat' dir='ltr'>hac</span> <span class='ocrx_word' id='word_1_91' title='bbox 1742 1202 1924 1258; x_wconf 89' lang='lat' dir='ltr'>anima</span> <span class='ocrx_word' id='word_1_92' title='bbox 1962 1207 2017 1256; x_wconf 80' lang='lat' dir='ltr'>et</span> <span class='ocrx_word' id='word_1_93' title='bbox 2043 1217 2111 1256; x_wconf 85' lang='lat' dir='ltr'>ex</span> <span class='ocrx_word' id='word_1_94' title='bbox 2136 1201 2241 1258; x_wconf 87' lang='lat' dir='ltr'>hoc</span> <span class='ocrx_word' id='word_1_95' title='bbox 2279 1217 2540 1274; x_wconf 85' lang='lat' dir='ltr'>corpore;</span> 
     </span>
     <span class='ocr_line' id='line_1_11' title="bbox 532 1289 2544 1364; baseline -0.001 -16"><span class='ocrx_word' id='word_1_96' title='bbox 532 1293 632 1356; x_wconf 72' lang='lat' dir='ltr'>sed</span> <span class='ocrx_word' id='word_1_97' title='bbox 656 1293 910 1348; x_wconf 88' lang='lat' dir='ltr'>convenit</span> <span class='ocrx_word' id='word_1_98' title='bbox 939 1308 1036 1364; x_wconf 88' lang='lat' dir='ltr'>per</span> <span class='ocrx_word' id='word_1_99' title='bbox 1057 1307 1117 1348; x_wconf 90' lang='lat' dir='ltr'>se</span> <span class='ocrx_word' id='word_1_100' title='bbox 1140 1291 1265 1348; x_wconf 89' lang='lat' dir='ltr'>huic</span> <span class='ocrx_word' id='word_1_101' title='bbox 1293 1290 1519 1358; x_wconf 89' lang='lat' dir='ltr'>homini,</span> <span class='ocrx_word' id='word_1_102' title='bbox 1550 1289 1619 1346; x_wconf 92' lang='lat' dir='ltr'>de</span> <span class='ocrx_word' id='word_1_103' title='bbox 1642 1292 1799 1363; x_wconf 88' lang='lat' dir='ltr'>cujus</span> <span class='ocrx_word' id='word_1_104' title='bbox 1831 1291 2044 1346; x_wconf 90' lang='lat' dir='ltr'>ratione</span> <span class='ocrx_word' id='word_1_105' title='bbox 2070 1297 2235 1359; x_wconf 88' lang='lat' dir='ltr'>esset,</span> <span class='ocrx_word' id='word_1_106' title='bbox 2264 1291 2312 1347; x_wconf 87' lang='lat' dir='ltr'>si</span> <span class='ocrx_word' id='word_1_107' title='bbox 2341 1291 2544 1350; x_wconf 87' lang='lat' dir='ltr'>defini-</span> 
     </span>
     <span class='ocr_line' id='line_1_12' title="bbox 533 1377 2545 1453; baseline -0 -14"><span class='ocrx_word' id='word_1_108' title='bbox 533 1387 705 1450; x_wconf 84' lang='lat' dir='ltr'>retur,</span> <span class='ocrx_word' id='word_1_109' title='bbox 739 1381 882 1453; x_wconf 88' lang='lat' dir='ltr'>quod</span> <span class='ocrx_word' id='word_1_110' title='bbox 913 1387 1057 1436; x_wconf 88' lang='lat' dir='ltr'>esset</span> <span class='ocrx_word' id='word_1_111' title='bbox 1081 1396 1146 1436; x_wconf 84' lang='lat' dir='ltr'>ex</span> <span class='ocrx_word' id='word_1_112' title='bbox 1175 1381 1277 1437; x_wconf 88' lang='lat' dir='ltr'>hac</span> <span class='ocrx_word' id='word_1_113' title='bbox 1302 1381 1485 1436; x_wconf 87' lang='lat' dir='ltr'>anima</span> <span class='ocrx_word' id='word_1_114' title='bbox 1514 1383 1569 1434; x_wconf 88' lang='lat' dir='ltr'>et</span> <span class='ocrx_word' id='word_1_115' title='bbox 1610 1395 1677 1436; x_wconf 87' lang='lat' dir='ltr'>ex</span> <span class='ocrx_word' id='word_1_116' title='bbox 1719 1379 1824 1437; x_wconf 87' lang='lat' dir='ltr'>hoc</span> <span class='ocrx_word' id='word_1_117' title='bbox 1864 1393 2121 1452; x_wconf 85' lang='lat' dir='ltr'>corpore;</span> <span class='ocrx_word' id='word_1_118' title='bbox 2152 1377 2299 1435; x_wconf 85' lang='lat' dir='ltr'>sicut</span> <span class='ocrx_word' id='word_1_119' title='bbox 2346 1379 2418 1437; x_wconf 92' lang='lat' dir='ltr'>de</span> <span class='ocrx_word' id='word_1_120' title='bbox 2453 1397 2545 1438; x_wconf 87' lang='lat' dir='ltr'>ra-</span> 
     </span>
     <span class='ocr_line' id='line_1_13' title="bbox 533 1465 2543 1542; baseline 0 -16"><span class='ocrx_word' id='word_1_121' title='bbox 533 1471 684 1538; x_wconf 27' lang='lat' dir='ltr'>tion-e</span> <span class='ocrx_word' id='word_1_122' title='bbox 711 1465 946 1526; x_wconf 83' lang='lat' dir='ltr'>hominis</span> <span class='ocrx_word' id='word_1_123' title='bbox 970 1469 1272 1538; x_wconf 72' lang='lat' dir='ltr'>communis</span> <span class='ocrx_word' id='word_1_124' title='bbox 1297 1475 1380 1525; x_wconf 84' lang='lat' dir='ltr'>est</span> <span class='ocrx_word' id='word_1_125' title='bbox 1423 1467 1571 1542; x_wconf 84' lang='lat' dir='ltr'>quod</span> <span class='ocrx_word' id='word_1_126' title='bbox 1599 1467 1671 1524; x_wconf 82' lang='lat' dir='ltr'>sit</span> <span class='ocrx_word' id='word_1_127' title='bbox 1700 1484 1767 1524; x_wconf 86' lang='lat' dir='ltr'>ex</span> <span class='ocrx_word' id='word_1_128' title='bbox 1792 1466 1973 1524; x_wconf 88' lang='lat' dir='ltr'>anima</span> <span class='ocrx_word' id='word_1_129' title='bbox 2010 1473 2067 1521; x_wconf 90' lang='lat' dir='ltr'>et</span> <span class='ocrx_word' id='word_1_130' title='bbox 2095 1482 2345 1540; x_wconf 88' lang='lat' dir='ltr'>corpore.</span> <span class='ocrx_word' id='word_1_131' title='bbox 2379 1471 2543 1526; x_wconf 85' lang='lat' dir='ltr'>Acci-</span> 
     </span>
     <span class='ocr_line' id='line_1_14' title="bbox 533 1550 2543 1631; baseline -0 -15"><span class='ocrx_word' id='word_1_132' title='bbox 533 1550 686 1616; x_wconf 83' lang='lat' dir='ltr'>dunt·</span> <span class='ocrx_word' id='word_1_133' title='bbox 727 1565 894 1614; x_wconf 82' lang='lat' dir='ltr'>etiam</span> <span class='ocrx_word' id='word_1_134' title='bbox 939 1559 1256 1631; x_wconf 87' lang='lat' dir='ltr'>compositis</span> <span class='ocrx_word' id='word_1_135' title='bbox 1303 1573 1368 1614; x_wconf 81' lang='lat' dir='ltr'>ex</span> <span class='ocrx_word' id='word_1_136' title='bbox 1414 1557 1647 1614; x_wconf 86' lang='lat' dir='ltr'>materia</span> <span class='ocrx_word' id='word_1_137' title='bbox 1687 1564 1744 1613; x_wconf 89' lang='lat' dir='ltr'>et</span> <span class='ocrx_word' id='word_1_138' title='bbox 1798 1557 1972 1613; x_wconf 78' lang='lat' dir='ltr'>forma</span> <span class='ocrx_word' id='word_1_139' title='bbox 2029 1564 2231 1630; x_wconf 84' lang='lat' dir='ltr'>praeter</span> <span class='ocrx_word' id='word_1_140' title='bbox 2273 1559 2543 1615; x_wconf 85' lang='lat' dir='ltr'>rationem</span> 
     </span>
     <span class='ocr_line' id='line_1_15' title="bbox 477 1645 2545 1720; baseline 0.001 -18"><span class='ocrx_word' id='word_1_141' title='bbox 477 1663 480 1667; x_wconf 90' lang='lat'><em>·</em></span> <span class='ocrx_word' id='word_1_142' title='bbox 519 1647 735 1720; x_wconf 81' lang='lat' dir='ltr'>&#39;speciei</span> <span class='ocrx_word' id='word_1_143' title='bbox 760 1647 934 1704; x_wconf 89' lang='lat' dir='ltr'>multa</span> <span class='ocrx_word' id='word_1_144' title='bbox 959 1646 1066 1702; x_wconf 89' lang='lat' dir='ltr'>alia</span> <span class='ocrx_word' id='word_1_145' title='bbox 1091 1663 1215 1720; x_wconf 88' lang='lat' dir='ltr'>quae</span> <span class='ocrx_word' id='word_1_146' title='bbox 1238 1660 1345 1702; x_wconf 88' lang='lat' dir='ltr'>non</span> <span class='ocrx_word' id='word_1_147' title='bbox 1371 1650 1499 1702; x_wconf 88' lang='lat' dir='ltr'>sunt</span> <span class='ocrx_word' id='word_1_148' title='bbox 1526 1646 1949 1703; x_wconf 78' lang='lat' dir='ltr'>determinativa</span> <span class='ocrx_word' id='word_1_149' title='bbox 1980 1645 2357 1702; x_wconf 85' lang='lat' dir='ltr'>essentialium</span> <span class='ocrx_word' id='word_1_150' title='bbox 2394 1649 2545 1719; x_wconf 88' lang='lat' dir='ltr'>prin-</span> 
     </span>
     <span class='ocr_line' id='line_1_16' title="bbox 534 1732 2544 1807; baseline 0.001 -18"><span class='ocrx_word' id='word_1_151' title='bbox 534 1735 820 1806; x_wconf 88' lang='lat' dir='ltr'>cipiorum.</span> <span class='ocrx_word' id='word_1_152' title='bbox 853 1734 1185 1790; x_wconf 87' lang='lat' dir='ltr'>Substantiis</span> <span class='ocrx_word' id='word_1_153' title='bbox 1215 1749 1346 1789; x_wconf 92' lang='lat' dir='ltr'>vero</span> <span class='ocrx_word' id='word_1_154' title='bbox 1386 1732 1839 1789; x_wconf 84' lang='lat' dir='ltr'>immaterialibus</span> <span class='ocrx_word' id='word_1_155' title='bbox 1868 1733 2069 1789; x_wconf 86' lang='lat' dir='ltr'>creatis</span> <span class='ocrx_word' id='word_1_156' title='bbox 2094 1733 2297 1789; x_wconf 86' lang='lat' dir='ltr'>accidit</span> <span class='ocrx_word' id='word_1_157' title='bbox 2322 1735 2544 1807; x_wconf 87' lang='lat' dir='ltr'>quidem</span> 
     </span>
     <span class='ocr_line' id='line_1_17' title="bbox 532 1821 2545 1896; baseline 0 -16"><span class='ocrx_word' id='word_1_158' title='bbox 532 1821 717 1896; x_wconf 83' lang='lat' dir='ltr'>aliqua</span> <span class='ocrx_word' id='word_1_159' title='bbox 744 1827 941 1894; x_wconf 74' lang='lat' dir='ltr'>praeter</span> <span class='ocrx_word' id='word_1_160' title='bbox 968 1823 1236 1878; x_wconf 88' lang='lat' dir='ltr'>rationem</span> <span class='ocrx_word' id='word_1_161' title='bbox 1255 1821 1456 1894; x_wconf 87' lang='lat' dir='ltr'>speciei</span> <span class='ocrx_word' id='word_1_162' title='bbox 1474 1837 1597 1894; x_wconf 84' lang='lat' dir='ltr'>quae</span> <span class='ocrx_word' id='word_1_163' title='bbox 1624 1837 1731 1878; x_wconf 90' lang='lat' dir='ltr'>non</span> <span class='ocrx_word' id='word_1_164' title='bbox 1758 1829 1887 1878; x_wconf 82' lang='lat' dir='ltr'>sunt</span> <span class='ocrx_word' id='word_1_165' title='bbox 1909 1821 2330 1879; x_wconf 78' lang='lat' dir='ltr'>determinativa</span> <span class='ocrx_word' id='word_1_166' title='bbox 2355 1839 2545 1881; x_wconf 88' lang='lat' dir='ltr'>essen-</span> 
     </span>
     <span class='ocr_line' id='line_1_18' title="bbox 535 1897 2545 1982; baseline 0.001 -18"><span class='ocrx_word' id='word_1_167' title='bbox 535 1897 750 1965; x_wconf 85' lang='lat' dir='ltr'>tialium</span> <span class='ocrx_word' id='word_1_168' title='bbox 774 1907 1180 1982; x_wconf 82' lang='lat' dir='ltr'>principiorum,</span> <span class='ocrx_word' id='word_1_169' title='bbox 1211 1915 1271 1963; x_wconf 91' lang='lat' dir='ltr'>ut</span> <span class='ocrx_word' id='word_1_170' title='bbox 1295 1909 1505 1964; x_wconf 89' lang='lat' dir='ltr'>dictum</span> <span class='ocrx_word' id='word_1_171' title='bbox 1532 1913 1647 1978; x_wconf 81' lang='lat' dir='ltr'>est3</span> <span class='ocrx_word' id='word_1_172' title='bbox 1678 1924 1784 1965; x_wconf 93' lang='lat' dir='ltr'>non</span> <span class='ocrx_word' id='word_1_173' title='bbox 1820 1913 2006 1965; x_wconf 85' lang='lat' dir='ltr'>tamen</span> <span class='ocrx_word' id='word_1_174' title='bbox 2033 1909 2291 1965; x_wconf 87' lang='lat' dir='ltr'>accidunt</span> <span class='ocrx_word' id='word_1_175' title='bbox 2330 1910 2411 1966; x_wconf 88' lang='lat' dir='ltr'>eis</span> <span class='ocrx_word' id='word_1_176' title='bbox 2439 1911 2545 1968; x_wconf 89' lang='lat' dir='ltr'>ali-</span> 
     </span>
     <span class='ocr_line' id='line_1_19' title="bbox 533 1995 2544 2072; baseline 0.001 -18"><span class='ocrx_word' id='word_1_177' title='bbox 533 2011 645 2072; x_wconf 87' lang='lat' dir='ltr'>qua</span> <span class='ocrx_word' id='word_1_178' title='bbox 672 2011 798 2068; x_wconf 83' lang='lat' dir='ltr'>quae</span> <span class='ocrx_word' id='word_1_179' title='bbox 836 2000 962 2051; x_wconf 84' lang='lat' dir='ltr'>sunt</span> <span class='ocrx_word' id='word_1_180' title='bbox 990 1995 1410 2053; x_wconf 83' lang='lat' dir='ltr'>determinativa</span> <span class='ocrx_word' id='word_1_181' title='bbox 1452 1997 1706 2053; x_wconf 79' lang='lat' dir='ltr'>essentiae</span> <span class='ocrx_word' id='word_1_182' title='bbox 1729 1997 1932 2070; x_wconf 87' lang='lat' dir='ltr'>speciei</span> <span class='ocrx_word' id='word_1_183' title='bbox 1965 2012 1980 2052; x_wconf 73' lang='grc' dir='ltr'><strong>ε</strong></span> <span class='ocrx_word' id='word_1_184' title='bbox 2012 1997 2141 2070; x_wconf 87' lang='lat' dir='ltr'>quia</span> <span class='ocrx_word' id='word_1_185' title='bbox 2178 1999 2305 2069; x_wconf 85' lang='lat' dir='ltr'>ipsa</span> <span class='ocrx_word' id='word_1_186' title='bbox 2348 2009 2544 2056; x_wconf 85' lang='lat' dir='ltr'>natura</span> 
     </span>
     <span class='ocr_line' id='line_1_20' title="bbox 515 2083 2545 2158; baseline 0.001 -16"><span class='ocrx_word' id='word_1_187' title='bbox 515 2085 735 2158; x_wconf 77' lang='lat' dir='ltr'>&#39;speciei</span> <span class='ocrx_word' id='word_1_188' title='bbox 766 2099 874 2140; x_wconf 88' lang='lat' dir='ltr'>non</span> <span class='ocrx_word' id='word_1_189' title='bbox 897 2083 1274 2141; x_wconf 87' lang='lat' dir='ltr'>individuatur</span> <span class='ocrx_word' id='word_1_190' title='bbox 1300 2099 1396 2157; x_wconf 88' lang='lat' dir='ltr'>per</span> <span class='ocrx_word' id='word_1_191' title='bbox 1426 2086 1733 2150; x_wconf 86' lang='lat' dir='ltr'>materiam,</span> <span class='ocrx_word' id='word_1_192' title='bbox 1760 2084 1857 2140; x_wconf 90' lang='lat' dir='ltr'>sed</span> <span class='ocrx_word' id='word_1_193' title='bbox 1898 2100 1995 2157; x_wconf 86' lang='lat' dir='ltr'>per</span> <span class='ocrx_word' id='word_1_194' title='bbox 2024 2099 2081 2140; x_wconf 87' lang='lat' dir='ltr'>se</span> <span class='ocrx_word' id='word_1_195' title='bbox 2118 2085 2312 2156; x_wconf 86' lang='lat' dir='ltr'>ipsam,</span> <span class='ocrx_word' id='word_1_196' title='bbox 2347 2089 2545 2144; x_wconf 67' lang='lat' dir='ltr'>eximo</span> 
     </span>
     <span class='ocr_line' id='line_1_21' title="bbox 535 2171 2546 2250; baseline 0.003 -22"><span class='ocrx_word' id='word_1_197' title='bbox 535 2173 680 2248; x_wconf 83' lang='lat' dir='ltr'>qnod</span> <span class='ocrx_word' id='word_1_198' title='bbox 710 2171 833 2228; x_wconf 88' lang='lat' dir='ltr'>talis</span> <span class='ocrx_word' id='word_1_199' title='bbox 869 2172 1042 2229; x_wconf 86' lang='lat' dir='ltr'>forma</span> <span class='ocrx_word' id='word_1_200' title='bbox 1071 2189 1179 2230; x_wconf 89' lang='lat' dir='ltr'>non</span> <span class='ocrx_word' id='word_1_201' title='bbox 1205 2179 1288 2230; x_wconf 84' lang='lat' dir='ltr'>est</span> <span class='ocrx_word' id='word_1_202' title='bbox 1315 2180 1447 2230; x_wconf 89' lang='lat' dir='ltr'>nata</span> <span class='ocrx_word' id='word_1_203' title='bbox 1485 2173 1653 2246; x_wconf 80' lang='lat' dir='ltr'>recipi</span> <span class='ocrx_word' id='word_1_204' title='bbox 1681 2173 1739 2230; x_wconf 87' lang='lat' dir='ltr'>in</span> <span class='ocrx_word' id='word_1_205' title='bbox 1768 2172 1952 2245; x_wconf 88' lang='lat' dir='ltr'>aliqua</span> <span class='ocrx_word' id='word_1_206' title='bbox 1975 2172 2242 2244; x_wconf 79' lang='lat' dir='ltr'>materia3</span> <span class='ocrx_word' id='word_1_207' title='bbox 2272 2177 2423 2233; x_wconf 88' lang='lat' dir='ltr'>unde</span> <span class='ocrx_word' id='word_1_208' title='bbox 2450 2193 2546 2250; x_wconf 89' lang='lat' dir='ltr'>per</span> 
     </span>
     <span class='ocr_line' id='line_1_22' title="bbox 535 2250 2541 2338; baseline 0.002 -20"><span class='ocrx_word' id='word_1_209' title='bbox 535 2278 594 2318; x_wconf 85' lang='lat' dir='ltr'>se</span> <span class='ocrx_word' id='word_1_210' title='bbox 617 2263 794 2335; x_wconf 88' lang='lat' dir='ltr'>ipsam</span> <span class='ocrx_word' id='word_1_211' title='bbox 813 2275 922 2318; x_wconf 89' lang='lat' dir='ltr'>non</span> <span class='ocrx_word' id='word_1_212' title='bbox 948 2269 1030 2318; x_wconf 88' lang='lat' dir='ltr'>est</span> <span class='ocrx_word' id='word_1_213' title='bbox 1054 2250 1505 2334; x_wconf 87' lang='lat' dir='ltr'>multiplicabilis,</span> <span class='ocrx_word' id='word_1_214' title='bbox 1524 2264 1715 2335; x_wconf 81' lang='lat' dir='ltr'>&#39;neque</span> <span class='ocrx_word' id='word_1_215' title='bbox 1758 2262 2123 2334; x_wconf 66' lang='lat' dir='ltr'>praedicabilis</span> <span class='ocrx_word' id='word_1_216' title='bbox 2165 2263 2235 2319; x_wconf 92' lang='lat' dir='ltr'>de</span> <span class='ocrx_word' id='word_1_217' title='bbox 2272 2265 2541 2338; x_wconf 86' lang='lat' dir='ltr'>pluribus.</span> 
     </span>
     <span class='ocr_line' id='line_1_23' title="bbox 533 2349 2545 2424; baseline 0.002 -16"><span class='ocrx_word' id='word_1_218' title='bbox 533 2350 640 2409; x_wconf 91' lang='lat' dir='ltr'>Sed</span> <span class='ocrx_word' id='word_1_219' title='bbox 671 2349 800 2424; x_wconf 87' lang='lat' dir='ltr'>quia</span> <span class='ocrx_word' id='word_1_220' title='bbox 829 2365 937 2406; x_wconf 86' lang='lat' dir='ltr'>non</span> <span class='ocrx_word' id='word_1_221' title='bbox 973 2356 1056 2406; x_wconf 88' lang='lat' dir='ltr'>est</span> <span class='ocrx_word' id='word_1_222' title='bbox 1086 2365 1244 2408; x_wconf 86' lang='lat' dir='ltr'>suum</span> <span class='ocrx_word' id='word_1_223' title='bbox 1285 2366 1427 2418; x_wconf 87' lang='lat' dir='ltr'>esse,</span> <span class='ocrx_word' id='word_1_224' title='bbox 1460 2351 1662 2408; x_wconf 88' lang='lat' dir='ltr'>accidit</span> <span class='ocrx_word' id='word_1_225' title='bbox 1700 2351 1749 2406; x_wconf 91' lang='lat' dir='ltr'>ei</span> <span class='ocrx_word' id='word_1_226' title='bbox 1786 2350 1994 2421; x_wconf 87' lang='lat' dir='ltr'>aliquid</span> <span class='ocrx_word' id='word_1_227' title='bbox 2036 2357 2235 2424; x_wconf 84' lang='lat' dir='ltr'>praeter</span> <span class='ocrx_word' id='word_1_228' title='bbox 2267 2355 2545 2412; x_wconf 87' lang='lat' dir='ltr'>rationem</span> 
     </span>
     <span class='ocr_line' id='line_1_24' title="bbox 533 2437 2545 2512; baseline 0 -16"><span class='ocrx_word' id='word_1_229' title='bbox 533 2437 755 2510; x_wconf 84' lang='lat' dir='ltr'>speciei,</span> <span class='ocrx_word' id='word_1_230' title='bbox 797 2438 1006 2494; x_wconf 86' lang='lat' dir='ltr'>scilicet</span> <span class='ocrx_word' id='word_1_231' title='bbox 1042 2439 1222 2512; x_wconf 90' lang='lat' dir='ltr'>ipsum</span> <span class='ocrx_word' id='word_1_232' title='bbox 1276 2453 1417 2504; x_wconf 88' lang='lat' dir='ltr'>esse,</span> <span class='ocrx_word' id='word_1_233' title='bbox 1459 2444 1515 2495; x_wconf 87' lang='lat' dir='ltr'>et</span> <span class='ocrx_word' id='word_1_234' title='bbox 1561 2440 1670 2496; x_wconf 90' lang='lat' dir='ltr'>alia</span> <span class='ocrx_word' id='word_1_235' title='bbox 1698 2439 1952 2512; x_wconf 77' lang='lat' dir='ltr'>quaedam</span> <span class='ocrx_word' id='word_1_236' title='bbox 2003 2455 2129 2512; x_wconf 79' lang='lat' dir='ltr'>quae</span> <span class='ocrx_word' id='word_1_237' title='bbox 2164 2443 2545 2502; x_wconf 85' lang='lat' dir='ltr'>attribuuntur</span> 
     </span>
     <span class='ocr_line' id='line_1_25' title="bbox 533 2515 2543 2602; baseline 0.006 -22"><span class='ocrx_word' id='word_1_238' title='bbox 533 2526 835 2599; x_wconf 85' lang='lat' dir='ltr'>supposito,</span> <span class='ocrx_word' id='word_1_239' title='bbox 867 2533 923 2583; x_wconf 90' lang='lat' dir='ltr'>et</span> <span class='ocrx_word' id='word_1_240' title='bbox 968 2542 1074 2584; x_wconf 90' lang='lat' dir='ltr'>non</span> <span class='ocrx_word' id='word_1_241' title='bbox 1121 2535 1362 2597; x_wconf 79' lang='lat' dir='ltr'>naturae3</span> <span class='ocrx_word' id='word_1_242' title='bbox 1391 2531 1617 2602; x_wconf 83' lang='lat' dir='ltr'>propter</span> <span class='ocrx_word' id='word_1_243' title='bbox 1645 2528 1791 2600; x_wconf 89' lang='lat' dir='ltr'>quod</span> <span class='ocrx_word' id='word_1_244' title='bbox 1835 2515 2275 2601; x_wconf 81' lang='lat' dir='ltr'>suppositum-in</span> <span class='ocrx_word' id='word_1_245' title='bbox 2314 2533 2395 2590; x_wconf 91' lang='lat' dir='ltr'>eis</span> <span class='ocrx_word' id='word_1_246' title='bbox 2438 2551 2543 2592; x_wconf 89' lang='lat' dir='ltr'>non</span> 
     </span>
     <span class='ocr_line' id='line_1_26' title="bbox 533 2612 2204 2692; baseline 0.002 -23"><span class='ocrx_word' id='word_1_247' title='bbox 533 2621 618 2670; x_wconf 89' lang='lat' dir='ltr'>est</span> <span class='ocrx_word' id='word_1_248' title='bbox 639 2616 858 2692; x_wconf 88' lang='lat' dir='ltr'>omnino</span> <span class='ocrx_word' id='word_1_249' title='bbox 878 2612 1023 2672; x_wconf 87' lang='lat' dir='ltr'>idem</span> <span class='ocrx_word' id='word_1_250' title='bbox 1048 2631 1177 2672; x_wconf 88' lang='lat' dir='ltr'>cum</span> <span class='ocrx_word' id='word_1_251' title='bbox 1207 2622 1423 2672; x_wconf 89' lang='lat' dir='ltr'>natura.</span> <span class='ocrx_word' id='word_1_252' title='bbox 2199 2649 2204 2653; x_wconf 85' lang='lat'><em>-</em></span> 
     </span>
    </p>

    <p class='ocr_par' dir='ltr' id='par_1_3' title="bbox 533 2703 2573 3290">
     <span class='ocr_line' id='line_1_27' title="bbox 603 2703 2545 2778; baseline 0.006 -20"><span class='ocrx_word' id='word_1_253' title='bbox 603 2703 688 2758; x_wconf 84' lang='lat' dir='ltr'>Ad</span> <span class='ocrx_word' id='word_1_254' title='bbox 728 2703 1028 2759; x_wconf 89' lang='lat' dir='ltr'>secundum</span> <span class='ocrx_word' id='word_1_255' title='bbox 1067 2703 1377 2771; x_wconf 88' lang='lat' dir='ltr'>dicendum,</span> <span class='ocrx_word' id='word_1_256' title='bbox 1412 2705 1558 2777; x_wconf 90' lang='lat' dir='ltr'>quod</span> <span class='ocrx_word' id='word_1_257' title='bbox 1595 2719 1703 2761; x_wconf 89' lang='lat' dir='ltr'>non</span> <span class='ocrx_word' id='word_1_258' title='bbox 1740 2719 1901 2760; x_wconf 87' lang='lat' dir='ltr'>omne</span> <span class='ocrx_word' id='word_1_259' title='bbox 1942 2706 2087 2778; x_wconf 88' lang='lat' dir='ltr'>quod</span> <span class='ocrx_word' id='word_1_260' title='bbox 2130 2708 2335 2765; x_wconf 80' lang='lat' dir='ltr'>accidit</span> <span class='ocrx_word' id='word_1_261' title='bbox 2380 2711 2545 2770; x_wconf 87' lang='lat' dir='ltr'>alicui</span> 
     </span>
     <span class='ocr_line' id='line_1_28' title="bbox 533 2781 2573 2870; baseline 0.008 -26"><span class='ocrx_word' id='word_1_262' title='bbox 533 2797 736 2862; x_wconf 85' lang='lat' dir='ltr'>praeter</span> <span class='ocrx_word' id='word_1_263' title='bbox 762 2791 1029 2847; x_wconf 88' lang='lat' dir='ltr'>rationem</span> <span class='ocrx_word' id='word_1_264' title='bbox 1057 2791 1278 2862; x_wconf 88' lang='lat' dir='ltr'>speciei,</span> <span class='ocrx_word' id='word_1_265' title='bbox 1311 2798 1396 2848; x_wconf 87' lang='lat' dir='ltr'>est</span> <span class='ocrx_word' id='word_1_266' title='bbox 1442 2791 1921 2850; x_wconf 86' lang='lat' dir='ltr'>determinativum</span> <span class='ocrx_word' id='word_1_267' title='bbox 1960 2796 2213 2852; x_wconf 75' lang='lat' dir='ltr'>essentiae</span> <span class='ocrx_word' id='word_1_268' title='bbox 2257 2798 2449 2870; x_wconf 74' lang='lat' dir='ltr'>ipsine,</span> <span class='ocrx_word' id='word_1_269' title='bbox 2484 2781 2573 2860; x_wconf 35' lang='lat' dir='ltr'>ut*</span> 
     </span>
     <span class='ocr_line' id='line_1_29' title="bbox 533 2872 2547 2957; baseline 0.007 -23"><span class='ocrx_word' id='word_1_270' title='bbox 533 2885 785 2950; x_wconf 77' lang='lat' dir='ltr'>oporteat</span> <span class='ocrx_word' id='word_1_271' title='bbox 807 2877 940 2935; x_wconf 89' lang='lat' dir='ltr'>illud</span> <span class='ocrx_word' id='word_1_272' title='bbox 965 2872 1103 2952; x_wconf 83' lang='lat' dir='ltr'>poni</span> <span class='ocrx_word' id='word_1_273' title='bbox 1121 2879 1175 2936; x_wconf 89' lang='lat' dir='ltr'>in</span> <span class='ocrx_word' id='word_1_274' title='bbox 1202 2881 1413 2937; x_wconf 84' lang='lat' dir='ltr'>ratione</span> <span class='ocrx_word' id='word_1_275' title='bbox 1442 2883 1584 2954; x_wconf 72' lang='lat' dir='ltr'>ejus,</span> <span class='ocrx_word' id='word_1_276' title='bbox 1610 2883 1753 2938; x_wconf 86' lang='lat' dir='ltr'>sicut</span> <span class='ocrx_word' id='word_1_277' title='bbox 1782 2883 1990 2938; x_wconf 88' lang='lat' dir='ltr'>dictum</span> <span class='ocrx_word' id='word_1_278' title='bbox 2010 2891 2121 2952; x_wconf 84' lang='lat' dir='ltr'>est3</span> <span class='ocrx_word' id='word_1_279' title='bbox 2150 2891 2206 2941; x_wconf 91' lang='lat' dir='ltr'>et</span> <span class='ocrx_word' id='word_1_280' title='bbox 2235 2887 2381 2957; x_wconf 91' lang='lat' dir='ltr'>ideo,</span> <span class='ocrx_word' id='word_1_281' title='bbox 2415 2889 2547 2948; x_wconf 88' lang='lat' dir='ltr'>licet</span> 
     </span>
     <span class='ocr_line' id='line_1_30' title="bbox 533 2967 2546 3045; baseline 0.007 -23"><span class='ocrx_word' id='word_1_282' title='bbox 533 2967 715 3041; x_wconf 86' lang='lat' dir='ltr'>ipsum</span> <span class='ocrx_word' id='word_1_283' title='bbox 745 2981 864 3025; x_wconf 88' lang='lat' dir='ltr'>esse</span> <span class='ocrx_word' id='word_1_284' title='bbox 891 2981 998 3024; x_wconf 91' lang='lat' dir='ltr'>non</span> <span class='ocrx_word' id='word_1_285' title='bbox 1021 2968 1093 3024; x_wconf 88' lang='lat' dir='ltr'>sit</span> <span class='ocrx_word' id='word_1_286' title='bbox 1126 2968 1196 3024; x_wconf 90' lang='lat' dir='ltr'>de</span> <span class='ocrx_word' id='word_1_287' title='bbox 1219 2969 1433 3027; x_wconf 87' lang='lat' dir='ltr'>ratione</span> <span class='ocrx_word' id='word_1_288' title='bbox 1460 2971 1758 3043; x_wconf 88' lang='lat' dir='ltr'>suppositi;</span> <span class='ocrx_word' id='word_1_289' title='bbox 1786 2971 1914 3042; x_wconf 87' lang='lat' dir='ltr'>quia</span> <span class='ocrx_word' id='word_1_290' title='bbox 1959 2978 2140 3028; x_wconf 82' lang='lat' dir='ltr'>tamen</span> <span class='ocrx_word' id='word_1_291' title='bbox 2191 2977 2433 3045; x_wconf 86' lang='lat' dir='ltr'>pertinet</span> <span class='ocrx_word' id='word_1_292' title='bbox 2475 2981 2546 3037; x_wconf 88' lang='lat' dir='ltr'>ad</span> 
     </span>
     <span class='ocr_line' id='line_1_31' title="bbox 534 3057 2546 3140; baseline 0.006 -28"><span class='ocrx_word' id='word_1_293' title='bbox 534 3057 896 3132; x_wconf 81' lang='lat' dir='ltr'>suppositum,</span> <span class='ocrx_word' id='word_1_294' title='bbox 925 3064 980 3114; x_wconf 90' lang='lat' dir='ltr'>et</span> <span class='ocrx_word' id='word_1_295' title='bbox 1010 3071 1117 3114; x_wconf 89' lang='lat' dir='ltr'>non</span> <span class='ocrx_word' id='word_1_296' title='bbox 1147 3066 1230 3114; x_wconf 89' lang='lat' dir='ltr'>est</span> <span class='ocrx_word' id='word_1_297' title='bbox 1259 3058 1328 3114; x_wconf 91' lang='lat' dir='ltr'>de</span> <span class='ocrx_word' id='word_1_298' title='bbox 1355 3057 1569 3115; x_wconf 85' lang='lat' dir='ltr'>ratione</span> <span class='ocrx_word' id='word_1_299' title='bbox 1597 3064 1842 3127; x_wconf 83' lang='lat' dir='ltr'>naturae;</span> <span class='ocrx_word' id='word_1_300' title='bbox 1874 3059 2223 3118; x_wconf 88' lang='lat' dir='ltr'>manifestum</span> <span class='ocrx_word' id='word_1_301' title='bbox 2265 3071 2353 3121; x_wconf 88' lang='lat' dir='ltr'>est</span> <span class='ocrx_word' id='word_1_302' title='bbox 2394 3069 2546 3140; x_wconf 90' lang='lat' dir='ltr'>quod</span> 
     </span>
     <span class='ocr_line' id='line_1_32' title="bbox 535 3141 2548 3244; baseline 0.006 -44"><span class='ocrx_word' id='word_1_303' title='bbox 535 3147 876 3218; x_wconf 85' lang='lat' dir='ltr'>suppositum</span> <span class='ocrx_word' id='word_1_304' title='bbox 903 3152 959 3202; x_wconf 89' lang='lat' dir='ltr'>et</span> <span class='ocrx_word' id='word_1_305' title='bbox 982 3141 1181 3204; x_wconf 75' lang='lat' dir='ltr'>natura</span> <span class='ocrx_word' id='word_1_306' title='bbox 1205 3160 1316 3203; x_wconf 86' lang='lat' dir='ltr'>non</span> <span class='ocrx_word' id='word_1_307' title='bbox 1341 3152 1473 3204; x_wconf 83' lang='lat' dir='ltr'>sunt</span> <span class='ocrx_word' id='word_1_308' title='bbox 1498 3147 1719 3244; x_wconf 88' lang='lat' dir='ltr'>omnino</span> <span class='ocrx_word' id='word_1_309' title='bbox 1743 3147 1927 3203; x_wconf 89' lang='lat' dir='ltr'>idem</span> <span class='ocrx_word' id='word_1_310' title='bbox 1912 3163 1967 3202; x_wconf 85' lang='lat' dir='ltr'>m</span> <span class='ocrx_word' id='word_1_311' title='bbox 1992 3149 2431 3227; x_wconf 86' lang='lat' dir='ltr'>quibuscumque</span> <span class='ocrx_word' id='word_1_312' title='bbox 2456 3172 2548 3213; x_wconf 87' lang='lat' dir='ltr'>res</span> 
     </span>
     <span class='ocr_line' id='line_1_33' title="bbox 533 3239 1097 3290; baseline 0.004 -2"><span class='ocrx_word' id='word_1_313' title='bbox 533 3247 644 3288; x_wconf 85' lang='lat' dir='ltr'>non</span> <span class='ocrx_word' id='word_1_314' title='bbox 668 3239 752 3290; x_wconf 85' lang='lat' dir='ltr'>est</span> <span class='ocrx_word' id='word_1_315' title='bbox 773 3249 933 3290; x_wconf 87' lang='lat' dir='ltr'>suum</span> <span class='ocrx_word' id='word_1_316' title='bbox 957 3249 1097 3290; x_wconf 85' lang='lat' dir='ltr'>esse.</span> 
     </span>
    </p>

    <p class='ocr_par' dir='ltr' id='par_1_4' title="bbox 533 3289 2555 4012">
     <span class='ocr_line' id='line_1_34' title="bbox 606 3289 2547 3404; baseline 0.007 -28"><span class='ocrx_word' id='word_1_317' title='bbox 606 3320 692 3376; x_wconf 87' lang='lat' dir='ltr'>Ad</span> <span class='ocrx_word' id='word_1_318' title='bbox 732 3321 864 3377; x_wconf 89' lang='lat' dir='ltr'>illud</span> <span class='ocrx_word' id='word_1_319' title='bbox 906 3337 1036 3378; x_wconf 89' lang='lat' dir='ltr'>vero</span> <span class='ocrx_word' id='word_1_320' title='bbox 1073 3321 1218 3394; x_wconf 91' lang='lat' dir='ltr'>quod</span> <span class='ocrx_word' id='word_1_321' title='bbox 1257 3321 1318 3378; x_wconf 89' lang='lat' dir='ltr'>in</span> <span class='ocrx_word' id='word_1_322' title='bbox 1355 3323 1695 3382; x_wconf 84' lang='lat' dir='ltr'>contrarium</span> <span class='ocrx_word' id='word_1_323' title='bbox 1731 3325 2007 3397; x_wconf 75' lang='lat' dir='ltr'>oincitur,</span> <span class='ocrx_word' id='word_1_324' title='bbox 2046 3325 2360 3397; x_wconf 85' lang='lat' dir='ltr'>dicendum,</span> <span class='ocrx_word' id='word_1_325' title='bbox 2393 3289 2547 3404; x_wconf 88' lang='lat' dir='ltr'>quod</span> 
     </span>
     <span class='ocr_line' id='line_1_35' title="bbox 535 3408 2551 3486; baseline 0.007 -21"><span class='ocrx_word' id='word_1_326' title='bbox 535 3413 737 3466; x_wconf 86' lang='lat' dir='ltr'>natura</span> <span class='ocrx_word' id='word_1_327' title='bbox 759 3408 958 3464; x_wconf 87' lang='lat' dir='ltr'>dicitur</span> <span class='ocrx_word' id='word_1_328' title='bbox 981 3410 1316 3466; x_wconf 85' lang='lat' dir='ltr'>constituere</span> <span class='ocrx_word' id='word_1_329' title='bbox 1339 3413 1681 3486; x_wconf 83' lang='lat' dir='ltr'>suppositum</span> <span class='ocrx_word' id='word_1_330' title='bbox 1705 3413 1895 3470; x_wconf 85' lang='lat' dir='ltr'>etiam</span> <span class='ocrx_word' id='word_1_331' title='bbox 1900 3413 1955 3469; x_wconf 87' lang='lat' dir='ltr'>in</span> <span class='ocrx_word' id='word_1_332' title='bbox 1982 3416 2300 3486; x_wconf 89' lang='lat' dir='ltr'>compositis</span> <span class='ocrx_word' id='word_1_333' title='bbox 2325 3433 2394 3475; x_wconf 86' lang='lat' dir='ltr'>ex</span> <span class='ocrx_word' id='word_1_334' title='bbox 2420 3436 2551 3480; x_wconf 86' lang='lat' dir='ltr'>ma-</span> 
     </span>
     <span class='ocr_line' id='line_1_36' title="bbox 535 3496 2553 3576; baseline 0.007 -23"><span class='ocrx_word' id='word_1_335' title='bbox 535 3497 679 3554; x_wconf 83' lang='lat' dir='ltr'>teria</span> <span class='ocrx_word' id='word_1_336' title='bbox 706 3504 761 3553; x_wconf 91' lang='lat' dir='ltr'>et</span> <span class='ocrx_word' id='word_1_337' title='bbox 789 3496 982 3564; x_wconf 88' lang='lat' dir='ltr'>forma,</span> <span class='ocrx_word' id='word_1_338' title='bbox 1013 3513 1118 3552; x_wconf 90' lang='lat' dir='ltr'>non</span> <span class='ocrx_word' id='word_1_339' title='bbox 1145 3497 1273 3570; x_wconf 87' lang='lat' dir='ltr'>quia</span> <span class='ocrx_word' id='word_1_340' title='bbox 1299 3506 1494 3556; x_wconf 86' lang='lat' dir='ltr'>natura</span> <span class='ocrx_word' id='word_1_341' title='bbox 1517 3502 1591 3557; x_wconf 84' lang='lat' dir='ltr'>sit</span> <span class='ocrx_word' id='word_1_342' title='bbox 1618 3517 1727 3558; x_wconf 89' lang='lat' dir='ltr'>una</span> <span class='ocrx_word' id='word_1_343' title='bbox 1756 3517 1844 3558; x_wconf 88' lang='lat' dir='ltr'>res</span> <span class='ocrx_word' id='word_1_344' title='bbox 1870 3509 1925 3559; x_wconf 91' lang='lat' dir='ltr'>et</span> <span class='ocrx_word' id='word_1_345' title='bbox 1953 3505 2293 3576; x_wconf 89' lang='lat' dir='ltr'>suppositum</span> <span class='ocrx_word' id='word_1_346' title='bbox 2319 3507 2430 3564; x_wconf 88' lang='lat' dir='ltr'>alia</span> <span class='ocrx_word' id='word_1_347' title='bbox 2458 3526 2553 3567; x_wconf 88' lang='lat' dir='ltr'>res</span> 
     </span>
     <span class='ocr_line' id='line_1_37' title="bbox 533 3584 2548 3668; baseline 0.007 -26"><span class='ocrx_word' id='word_1_348' title='bbox 533 3585 658 3658; x_wconf 89' lang='lat' dir='ltr'>(hoc</span> <span class='ocrx_word' id='word_1_349' title='bbox 681 3585 827 3642; x_wconf 91' lang='lat' dir='ltr'>enim</span> <span class='ocrx_word' id='word_1_350' title='bbox 853 3590 939 3642; x_wconf 89' lang='lat' dir='ltr'>est</span> <span class='ocrx_word' id='word_1_351' title='bbox 959 3584 1257 3640; x_wconf 86' lang='lat' dir='ltr'>secundum</span> <span class='ocrx_word' id='word_1_352' title='bbox 1280 3587 1591 3658; x_wconf 87' lang='lat' dir='ltr'>opinionem</span> <span class='ocrx_word' id='word_1_353' title='bbox 1618 3588 1917 3647; x_wconf 86' lang='lat' dir='ltr'>dicentium</span> <span class='ocrx_word' id='word_1_354' title='bbox 1940 3593 2087 3664; x_wconf 88' lang='lat' dir='ltr'>quod</span> <span class='ocrx_word' id='word_1_355' title='bbox 2116 3597 2310 3650; x_wconf 85' lang='lat' dir='ltr'>natura</span> <span class='ocrx_word' id='word_1_356' title='bbox 2334 3601 2548 3668; x_wconf 86' lang='lat' dir='ltr'>speciei</span> 
     </span>
     <span class='ocr_line' id='line_1_38' title="bbox 536 3675 2553 3755; baseline 0.005 -23"><span class='ocrx_word' id='word_1_357' title='bbox 536 3675 610 3732; x_wconf 85' lang='lat' dir='ltr'>sit</span> <span class='ocrx_word' id='word_1_358' title='bbox 642 3675 816 3733; x_wconf 79' lang='lat' dir='ltr'>forma</span> <span class='ocrx_word' id='word_1_359' title='bbox 853 3680 1100 3742; x_wconf 80' lang='lat' dir='ltr'>tantum3</span> <span class='ocrx_word' id='word_1_360' title='bbox 1123 3689 1248 3747; x_wconf 80' lang='lat' dir='ltr'>quae</span> <span class='ocrx_word' id='word_1_361' title='bbox 1292 3677 1577 3733; x_wconf 86' lang='lat' dir='ltr'>constituit</span> <span class='ocrx_word' id='word_1_362' title='bbox 1612 3681 1955 3753; x_wconf 86' lang='lat' dir='ltr'>suppositum</span> <span class='ocrx_word' id='word_1_363' title='bbox 1990 3682 2133 3738; x_wconf 88' lang='lat' dir='ltr'>sicut</span> <span class='ocrx_word' id='word_1_364' title='bbox 2178 3683 2402 3755; x_wconf 88' lang='lat' dir='ltr'>totum);</span> <span class='ocrx_word' id='word_1_365' title='bbox 2448 3689 2553 3745; x_wconf 86' lang='lat' dir='ltr'>sed</span> 
     </span>
     <span class='ocr_line' id='line_1_39' title="bbox 537 3762 2551 3845; baseline 0.006 -26"><span class='ocrx_word' id='word_1_366' title='bbox 537 3763 667 3836; x_wconf 87' lang='lat' dir='ltr'>quia</span> <span class='ocrx_word' id='word_1_367' title='bbox 699 3763 1000 3821; x_wconf 86' lang='lat' dir='ltr'>secundum</span> <span class='ocrx_word' id='word_1_368' title='bbox 1037 3762 1257 3820; x_wconf 88' lang='lat' dir='ltr'>modum</span> <span class='ocrx_word' id='word_1_369' title='bbox 1293 3765 1633 3836; x_wconf 84' lang='lat' dir='ltr'>significandi</span> <span class='ocrx_word' id='word_1_370' title='bbox 1676 3774 1874 3824; x_wconf 83' lang='lat' dir='ltr'>natura</span> <span class='ocrx_word' id='word_1_371' title='bbox 1911 3769 2253 3842; x_wconf 83' lang='lat' dir='ltr'>significatur</span> <span class='ocrx_word' id='word_1_372' title='bbox 2296 3781 2359 3828; x_wconf 88' lang='lat' dir='ltr'>ut</span> <span class='ocrx_word' id='word_1_373' title='bbox 2390 3791 2551 3845; x_wconf 74' lang='lat' dir='ltr'>pare,</span> 
     </span>
     <span class='ocr_line' id='line_1_40' title="bbox 535 3851 2555 3968; baseline 0.008 -61"><span class='ocrx_word' id='word_1_374' title='bbox 535 3853 750 3908; x_wconf 85' lang='lat' dir='ltr'>ratione</span> <span class='ocrx_word' id='word_1_375' title='bbox 765 3851 1098 3924; x_wconf 89' lang='lat' dir='ltr'>supradicta,</span> <span class='ocrx_word' id='word_1_376' title='bbox 1126 3853 1466 3924; x_wconf 85' lang='lat' dir='ltr'>suppositum</span> <span class='ocrx_word' id='word_1_377' title='bbox 1492 3869 1619 3910; x_wconf 88' lang='lat' dir='ltr'>vero</span> <span class='ocrx_word' id='word_1_378' title='bbox 1650 3862 1713 3910; x_wconf 92' lang='lat' dir='ltr'>ut</span> <span class='ocrx_word' id='word_1_379' title='bbox 1742 3861 1949 3929; x_wconf 88' lang='lat' dir='ltr'>totum;</span> <span class='ocrx_word' id='word_1_380' title='bbox 1973 3866 2169 3918; x_wconf 85' lang='lat' dir='ltr'>natura</span> <span class='ocrx_word' id='word_1_381' title='bbox 2195 3859 2555 3968; x_wconf 78' lang='lat' dir='ltr'>significatur</span> 
     </span>
     <span class='ocr_line' id='line_1_41' title="bbox 536 3929 1920 4012; baseline 0.006 -17"><span class='ocrx_word' id='word_1_382' title='bbox 536 3929 603 3996; x_wconf 80' lang='lat' dir='ltr'>ut</span> <span class='ocrx_word' id='word_1_383' title='bbox 627 3942 982 4010; x_wconf 79' lang='lat' dir='ltr'>constituens„</span> <span class='ocrx_word' id='word_1_384' title='bbox 1009 3946 1066 3998; x_wconf 90' lang='lat' dir='ltr'>et</span> <span class='ocrx_word' id='word_1_385' title='bbox 1088 3941 1431 4012; x_wconf 81' lang='lat' dir='ltr'>suppositum</span> <span class='ocrx_word' id='word_1_386' title='bbox 1454 3947 1517 4000; x_wconf 86' lang='lat' dir='ltr'>ut</span> <span class='ocrx_word' id='word_1_387' title='bbox 1541 3942 1920 4003; x_wconf 82' lang='lat' dir='ltr'>constitutum.</span> 
     </span>
    </p>
   </div>
  </div>
 </body>
</html>
