2800 4492
815 350 928 397 xu.
959 367 1038 384 -
1067 352 1493 404 ouonmnmtm
1536 317 1831 405 omarum
2205 339 2327 402 255

319 468 466 522 Deus
489 465 702 524 infinita
721 466 901 524 facere
923 474 1122 542 potest,
1150 470 1293 526 undo
1322 478 1377 529 et
1399 471 1577 529 virtus
1617 472 1714 528 Dei
1744 479 1828 530 est
1868 473 2111 543 infinita3
2142 479 2197 529 et
2220 471 2325 529 hoc

319 555 570 611 ultimum
599 557 668 623 ei,
699 557 910 614 infinita
925 573 1115 631 posse3
1145 560 1288 617 sicut
1311 561 1505 618 virtuti
1534 561 1703 622 finitae
1727 569 1811 619 est
1840 561 2094 619 ultimum
2135 561 2323 635 aliqua

317 643 681 702 determinata
711 661 890 718 posse.

1013 828 1470 891 ARTIOULUS
1512 830 1623 892 III.

409 959 627 1026 Utrum
649 977 818 1041 aqua)
842 959 969 1025 siut
993 978 1174 1042 super
1201 963 1399 1027 coelos.
1423 998 1501 1010 -
1526 935 1695 1044 (Art.
1725 965 1872 1041 1403
1898 969 1956 1029 ct
1978 967 2009 1027 1
2026 970 2231 1046 part„

1016 1057 1227 1132 quaest.
1269 1054 1370 1132 66,
1401 1058 1525 1118 art.
1556 1053 1644 1134 2).

390 1183 473 1240 Ad
487 1182 784 1239 secundum
807 1183 887 1239 sic
901 1185 1235 1257 proceditur.
1256 1185 1486 1244 Videtur
1506 1186 1653 1260 quod
1676 1201 1835 1259 aquae
1857 1186 2119 1244 habentes
2134 1205 2321 1247 veram

223 1301 228 1306 ·
317 1273 556 1344 speciem
583 1288 742 1345 aquae
771 1272 1117 1330 elementaris
1145 1289 1306 1346 super
1335 1274 1504 1332 coelos
1541 1275 1798 1330 existant.
1844 1277 2015 1330 Homo
2045 1278 2189 1332 enim
2231 1280 2321 1334 di-

315 1363 460 1417 citur
481 1361 655 1416 minor
679 1360 913 1416 mundus
938 1368 1158 1434 propter
1177 1362 1591 1419 similitudinem
1611 1379 1775 1436 quam
1790 1363 1953 1418 habet
1978 1380 2101 1419 cum
2118 1367 2320 1422 mundo

318 1449 531 1522 majori.
568 1449 674 1505 Sed
699 1449 948 1505 videmus
972 1450 1116 1522 quod
1151 1449 1206 1505 in
1235 1466 1461 1522 corpore
1490 1451 1726 1507 humano
1756 1453 2137 1524 superponitur
2162 1470 2319 1509 cere-

317 1539 474 1611 brum
503 1537 647 1612 quod
677 1537 841 1594 habet
867 1542 1123 1594 naturam
1165 1555 1341 1612 aquae,
1373 1540 1525 1596 cordi
1563 1541 1708 1612 quod
1737 1541 1901 1596 habet
1928 1541 2319 1614 proprietatem

317 1628 476 1699 igniS,
511 1629 562 1682 in
589 1635 855 1700 quantum
884 1633 969 1682 est
996 1626 1114 1683 fons
1137 1629 1404 1685 naturalis
1428 1629 1645 1685 caloris.
1673 1621 1820 1700 Ergo
1842 1629 2007 1685 etiam
2034 1631 2087 1686 in
2116 1633 2319 1687 mundo

318 1717 509 1788 maJ'ori
553 1731 695 1788 aqua
741 1717 1126 1788 superponitur
1167 1717 1288 1772 aliis
1315 1717 1627 1786 elementis;
1659 1725 1714 1774 et
1758 1717 1878 1774 haec
1920 1719 2059 1782 ratio
2105 1720 2322 1776 videtur

316 1807 601 1878 Augustini
632 1807 688 1860 in
722 1820 807 1860 χιι
835 1806 904 1861 de
932 1806 1096 1862 Civit.
1141 1805 1258 1873 Dei,
1297 1806 1388 1862 ubi
1432 1807 1633 1863 dicitur
1662 1807 1729 1862 de
1773 1808 2119 1880 quibusdam,
2170 1810 2315 1883 quod

313 1894 631 1966 ponderibus
667 1894 1036 1951 elementorum
1063 1884 1465 1960 mouentum-'et
1493 1895 1609 1971 ideo
1648 1911 1753 1950 uon
1790 1903 2009 1968 putant,
2050 1913 2315 1970 aquarum

315 1983 537 2054 fluidam
563 1999 874 2056 yravemque
918 1990 1171 2040 naturam
1199 1983 1258 2038 iu
1299 1984 1663 2056 superioribus
1707 1985 1893 2041 muudi
1932 1986 2059 2042 locis
2084 1988 2317 2058 potuisse

275 2119 283 2123 .
315 2071 566 2128 constitui
583 2086 602 2140 ,¹
629 2072 722 2145 qui
747 2072 1030 2127 secundum
1067 2072 1304 2129 rationes
1330 2089 1475 2138 suas,
1505 2066 1553 2128 εἴ
1592 2073 1697 2144 ipsi
1724 2073 1983 2130 homiuem
2009 2075 2185 2146 facere
2214 2093 2319 2148 po-

293 2163 555 2227 tuissent,
582 2178 686 2218 non
711 2161 760 2216 ei
795 2161 1076 2233 pituitam,
1101 2162 1238 2232 quod
1262 2177 1431 2234 yroece
1459 2161 1709 2234 phlegma
1738 2162 1960 2228 dicitur,
1986 2171 2036 2220 et
2064 2171 2317 2237 tauquam

312 2253 374 2307 iu
403 2250 670 2308 elementia
700 2249 940 2322 corporis
972 2249 1146 2305 nostri
1174 2265 1439 2321 aquarum
1467 2249 1629 2306 vicem
1661 2249 1880 2317 obtinet,
1923 2251 1983 2308 iu
2014 2254 2185 2325 capite
2213 2270 2317 2325 po·-

311 2347 519 2398 nerent.

382 2428 487 2484 Sed
526 2432 736 2494 contra,
770 2431 952 2498 partes
982 2425 1170 2480 mund1
1210 2433 1335 2482 sunt
1363 2423 1570 2498 optime
1611 2432 1667 2481 et
1696 2425 2099 2483 ordinatissime
2129 2429 2319 2500 dispo-

312 2517 434 2575 sitae
467 2516 767 2573 secundum
796 2531 952 2572 suam
987 2520 1261 2570 naturam.
1293 2511 1396 2570 Sed
1424 2514 1479 2568 id
1505 2512 1649 2586 quod
1676 2513 1841 2570 habet
1869 2516 2108 2586 speciem
2134 2532 2311 2588 aquae,

312 2606 632 2663 naturaliter
656 2611 742 2661 est
767 2603 1150 2678 ponderosum,
1187 2611 1243 2658 et
1279 2603 1354 2659 ita
1383 2602 1702 2660 naturaliter
1727 2602 1974 2659 subsidet
1998 2605 2317 2677 corporibus

309 2683 538 2764 levibuS,
561 2695 674 2752 aeri
695 2700 753 2750 et
779 2694 913 2765 igni.
939 2693 1058 2749 Non
1079 2707 1208 2765 ergo
1233 2691 1441 2765 aliquid
1464 2691 1669 2748 habens
1693 2707 1877 2749 veram
1900 2694 2137 2766 speciem
2161 2710 2318 2769 aquae

309 2801 475 2857 supra
503 2783 671 2840 coelos
699 2783 906 2839 existit.
2376 2788 2385 2796 '

377 2874 703 2947 Respondeo
743 2871 1054 2938 dicendum,
1103 2870 1294 2945 quod
1279 2887 1336 2926 m
1377 2886 1535 2927 sacra
1576 2849 1877 2944 Scriptura,
1926 2889 2051 2946 quae
2094 2875 2317 2931 mentiri

309 2978 415 3020 non
460 2968 660 3035 potest,
699 2977 954 3034 expresse
996 2959 1214 3027 dicitur,
1252 2975 1426 3032 aquas
1469 2975 1587 3016 esse
1631 2977 1797 3033 supra
1842 2961 2073 3030 coelum;
2114 2963 2318 3019 dicitur

309 3052 454 3107 enim
479 3051 680 3106 GeneS.
714 3066 752 3116 ι,
787 3051 840 3118 7,
873 3049 1017 3121 quod
1048 3048 1232 3104 divisit
1259 3065 1425 3121 aquas
1447 3066 1563 3121 quse
1581 3055 1709 3130 suut
1734 3049 1827 3105 sub
1855 3050 2211 3120 firmamento,
2250 3051 2315 3106 ab

309 3139 462 3211 aquis
491 3153 604 3210 quae
627 3143 752 3193 sunt
777 3153 944 3208 supra
971 3136 1364 3207 firmamentum
1379 3155 1400 3206 ,·
1428 3147 1483 3193 et
1512 3139 1567 3193 in
1604 3138 1801 3194 Psalm.
1830 3154 2043 3206 cxnvn,
2074 3139 2312 3195 dicitur:

309 3229 480 3299 Aquae
504 3242 618 3299 quae
645 3241 802 3298 super
830 3225 974 3281 coelos
1003 3232 1146 3290 sunt,
1178 3225 1391 3281 laudent
1420 3243 1605 3281 nomen
1631 3226 1868 3282 Domini.
1896 3227 1964 3282 Et
1994 3225 2136 3295 ideo,
2168 3229 2314 3286 sicut

309 3318 645 3390 Augustinus
675 3315 807 3370 dicit
851 3314 904 3369 in
935 3329 977 3370 ιι
1007 3329 1168 3385 super
1195 3314 1334 3370 Gen.
1367 3316 1435 3370 ad
1466 3315 1723 3382 litteram,
1764 3317 2015 3388 quomodo
2056 3319 2136 3376 vel
2176 3335 2315 3391 qua-

308 3408 594 3478 lescumque
631 3419 782 3477 aquoe
825 3402 902 3458 ibi
948 3404 1078 3469 sint,
1123 3417 1226 3458 esse
1270 3402 1346 3458 ibi
1389 3419 1476 3460 eas
1520 3403 1735 3460 minime
1774 3406 2085 3464 dubitemus,
2132 3408 2317 3479 Major

307 3497 496 3571 quippe
533 3503 609 3553 est
635 3493 932 3566 Scripturae
958 3493 1116 3563 hujus
1139 3492 1433 3549 auctoritas
1468 3509 1628 3566 quam
1660 3495 1830 3550 amuis
1854 3495 2076 3552 humani
2105 3495 2316 3567 yeueris

307 3586 590 3659 capacitas.
620 3584 748 3652 Sed,
791 3585 934 3638 sicut
961 3583 1317 3654 AugustinuS,
1355 3599 1374 3639 1
1403 3583 1647 3655 ejusdem
1676 3582 1819 3650 libri,
1868 3583 2021 3651 dicit,
2054 3590 2211 3654 turpe
2238 3589 2317 3640 est

307 3674 470 3732 nimis
499 3681 548 3731 et
570 3673 946 3747 perniciosum,
983 3678 1140 3745 atquc
1171 3673 1399 3728 maximo
1422 3673 1729 3737 cavendum,
1760 3680 1824 3728 wc
1853 3672 2224 3729 Christianum
2252 3671 2315 3727 dc

307 3749 392 3820 his
417 3763 590 3830 rebus,
633 3766 842 3821 scilicet
867 3763 1226 3830 naturalibuS‚
1259 3779 1411 3834 quasi
1438 3759 1719 3820 secundum
1752 3759 2074 3816 christianas
2102 3758 2315 3816 litteras

307 3854 600 3926 loquentem
631 3853 710 3910 ita
739 3853 971 3912 delirare
1014 3851 1236 3926 quilibet
1263 3850 1493 3923 infidelis
1531 3847 1741 3915 audiat,
1772 3855 1853 3914 ut,
1884 3847 2314 3920 quemadmodum

309 3931 536 4012 dicitur,
565 3948 674 4006 toto
700 3943 821 4005 caelo
849 3957 1040 4003 errare
1084 3940 1423 4019 conspiciens,
1462 3959 1623 4004 risum
1677 3945 1853 4001 tenere
1892 3937 1988 4004 vix
2008 3937 2198 4016 possit.
2237 3941 2317 4010 Et
