2800 4492
721 322 836 369 111.
867 338 946 354 —
965 323 1401 395 ouonnmnruu
1456 324 1804 371 ononis-,cmv
2172 312 2294 375 565

2091 460 2135 513 3,
2180 445 2299 501 vir-

1959 548 1998 597 o
2030 522 2299 607 accipitur

1798 620 1850 675 ui
1934 621 2082 679 nulla
2125 624 2301 679 virtus

289 439 536 517 scientiae
566 439 651 497 vel
695 441 962 511 pecuniae.
1005 442 1074 497 Et
1101 442 1184 498 sio
1211 442 1379 497 etiam
1411 442 1681 515 loquendo

290 535 437 587 tutes
466 530 699 587 morales
740 537 868 587 sunt
908 545 1200 599 eonnexae3
1251 532 1410 603 cnjus
1451 532 1716 587 connexio

286 620 586 677 *seeundum
635 620 1016 693 Philosophum
1063 635 1129 675 ex
1176 625 1332 693 parte
1375 620 1682 693 prudentiae

291 714 469 782 potest
492 708 679 765 haberi
705 709 820 764 sine
845 708 1152 780 prudentia,
1181 714 1238 763 et
1262 706 1597 781 impossibile
1621 726 1678 765 es
1731 707 1929 766 habere
1955 710 2301 782 prudentiam

289 800 405 855 sine
437 797 734 854 virtutibus
777 796 1077 853 moralibus
1121 814 1135 851 t
1167 801 1322 867 cujus
1367 797 1508 853 ratio
1538 804 1648 867 est,
1678 798 1807 870 quia
1850 799 2138 873 prudentia
2167 800 2299 856 nihil

290 888 436 945 aliud
465 895 550 943 est
577 902 741 960 quam
771 894 922 943 recta
952 884 1092 941 ratio
1134 885 1437 957 agibilium.
1484 886 1821 958 Impossibile
1849 896 1934 944 est
1964 894 2148 947 autem
2178 906 2303 946 ree-

291 981 403 1033 tam
452 976 717 1031 rationem
763 973 962 1029 habere
1000 974 1147 1030 eirea
1194 972 1402 1047 aliquid
1452 973 1554 1029 nisi
1594 987 1661 1029 ex
1701 982 1851 1031 recta
1899 977 2111 1033 ratione
2154 979 2300 1035 oirca
2384 1028 2397 1043 ,

292 1064 554 1145 principia
591 1080 603 1119 :
637 1063 901 1136 principia
925 1069 1111 1119 autem
1132 1062 1413 1134 agibilium
1439 1067 1567 1118 sunt
1591 1063 1725 1119 lines
1749 1063 2049 1132 virtutum,
2035 1082 2048 1095 ·
2076 1071 2132 1121 et
2155 1068 2301 1124 circa
2375 1097 2377 1100 ·

293 1155 426 1211 fines
460 1153 719 1207 virtutum
753 1151 932 1207 nullus
963 1150 1097 1207 bene
1135 1167 1194 1207 se
1220 1151 1383 1208 habet
1412 1152 1515 1206 nisi
1557 1168 1651 1223 per
1679 1151 1922 1208 habitum
1955 1152 2100 1209 illius
2122 1154 2304 1210 virtu-

292 1243 410 1297 tis.
438 1248 492 1295 et
520 1239 600 1295 sio
625 1254 846 1294 necesse
875 1247 959 1294 est
988 1239 1133 1312 quod
1157 1238 1445 1311 prudentia
1470 1238 1667 1294 babeat
1692 1254 1877 1295 seeum
1908 1238 2044 1295 alias
2071 1242 2305 1299 virtutes

290 1316 561 1396 morales3
601 1326 855 1382 similiter
879 1326 1001 1383 aliae
1029 1342 1134 1382 non
1164 1332 1390 1399 possunt
1421 1326 1606 1382 haberi
1636 1326 1754 1382 sine
1784 1326 2092 1399 prudentia.
2119 1330 2303 1386 Potest

285 1418 438 1475 ‘enim
483 1416 680 1488 aliquis
723 1414 920 1471 habere
963 1414 1371 1471 inclinationem
1414 1398 1719 1471 naturalem
1758 1416 1851 1471 ad
1876 1422 2033 1471 aetus
2072 1406 2303 1490 alicujus

292 1507 513 1561 virtutis
553 1504 670 1559 sine
714 1502 1033 1575 prudentia3
1065 1510 1121 1559 et
1149 1509 1353 1576 quanto
1393 1498 1557 1573 babet
1598 1504 1860 1575 majorem
1898 1503 2301 1561 inclinationem

291 1596 412 1651 sine
441 1593 626 1649 habitu
658 1592 897 1661 virtutiS‚
928 1599 1080 1648 tanto
1111 1594 1266 1663 pejus
1294 1598 1402 1660 est,
1427 1598 1481 1647 et
1508 1591 1628 1663 plus
1656 1592 1957 1664 impingere
1982 1599 2161 1664 potest
2186 1594 2303 1651 sine

294 1682 583 1758 prudentia
613 1698 627 1735 ε
657 1682 800 1737 siout
829 1681 1082 1753 patet·de
1121 1680 1212 1735 illo
1241 1680 1336 1753 qui
1381 1680 1548 1736 habet
1590 1680 1969 1737 fortitudinem
1998 1682 2305 1738 naturalem

293 1772 414 1828 sine
457 1769 783 1847 discretione
825 1778 880 1825 et
925 1768 1234 1848 prudentia.
1271 1768 1340 1824 Et
1369 1766 1491 1823 ideo
1534 1768 1667 1824 dicit
1698 1767 2036 1841 Gregorius:
2084 1770 2306 1828 Goeterae

297 1859 545 1924 virtutes,
576 1858 681 1915 nisi
709 1875 772 1915 ea
795 1874 909 1930 quoe
935 1864 1122 1929 ayunt,
1142 1856 1443 1929 prudenter
1468 1862 1654 1929 ayant,
1681 1866 1789 1913 eto.
1822 1858 1917 1914 Est
1946 1865 2001 1914 et
2032 1858 2140 1921 alia⁴
2163 1862 2305 1917 ratio

296 1947 650 2003 connexionis
683 1947 737 2002 in
762 1946 1056 2002 virtutibus
1084 1946 1339 2018 gratuitis
1369 1952 1593 2017 propter
1618 1948 1908 2003 caritatem
1948 1948 2001 2002 in
2032 1965 2138 2023 qua
2168 1964 2303 2008 con-

297 2042 641 2091 nectuntur:
661 2037 812 2108 quia
837 2036 930 2107 qui
961 2034 1125 2090 habet
1147 2036 1456 2095 caritatem,
1486 2034 1650 2089 habet
1682 2051 1870 2091 omnes
1906 2037 2140 2093 virtutes
2177 2051 2312 2109 gra-

299 2124 502 2191 tuitas;
535 2130 588 2179 et.
609 2121 858 2178 similiter
887 2122 980 2194 qni
1011 2120 1172 2175 habet
1202 2136 1387 2186 unam,
1414 2120 1579 2176 habet
1602 2122 1915 2177 caritatem.

371 2212 450 2267 Ad
483 2211 716 2281 primum
756 2224 885 2281 ergo
924 2208 1232 2273 dicendum,
1267 2208 1412 2281 quod
1444 2214 1601 2264 actus
1629 2224 1735 2264 non
1767 2215 1893 2264 sunt
1922 2210 2081 2266 divisi
2108 2227 2308 2269 secun-

299 2299 429 2355 dum
460 2300 724 2367 virtutes;
768 2298 898 2370 quia
941 2314 1045 2353 non
1077 2303 1253 2368 potest
1285 2312 1404 2352 esse
1438 2304 1595 2352 actus
1625 2298 2005 2369 temperantiae
2033 2287 2157 2355 sine
2181 2308 2307 2357 actu

300 2388 656 2455 fortitudinis,
685 2403 785 2442 nec
813 2384 1148 2442 fortitudinis
1177 2385 1277 2440 nisi
1304 2400 1433 2441 oum
1461 2393 1589 2440 actu
1616 2387 1994 2457 temperantiae
2021 2396 2128 2447 eto.

373 2476 456 2531 Ad
499 2475 797 2531 secundum
836 2474 1147 2539 dicendum,
1180 2472 1324 2545 quod
1365 2472 1471 2529 hoo
1507 2473 1709 2529 dieitur
1734 2474 1863 2546 quia
1905 2491 2011 2531 non
2050 2475 2310 2547 probatur

302 2581 399 2638 per
429 2562 813 2619 auctoritatem
839 2562 1044 2618 Bibliae.
1976 2608 1985 2617 ,

375 2652 458 2709 Ad
503 2651 726 2707 tertium
759 2649 1071 2713 dicendum,
1107 2648 1253 2721 quod
1281 2664 1386 2703 non
1412 2648 1669 2705 dicuntur
1698 2647 1931 2706 morales
1958 2665 1989 2706 a
2015 2657 2311 2707 consuetu-

304 2740 452 2806 dine,
483 2738 579 2793 sed
608 2752 825 2801 amore;
871 2744 926 2792 et
956 2737 1086 2792 dato
1114 2737 1259 2809 quod
1290 2736 1535 2808 indigent
1567 2745 1827 2811 tempore,
1862 2747 2043 2796 tamen
2069 2755 2175 2797 non
2210 2740 2313 2797 ha-

303 2824 457 2883 bebit
481 2824 740 2881 virtutem
773 2824 874 2880 nisi
899 2824 977 2880 sit
1007 2822 1266 2896 prudens·

997 2994 1393 3073 QUAESTIO
1439 2995 1622 3063 XVI.

381 3125 588 3183 Deinde
631 3123 918 3197 quaesitum
967 3130 1052 3179 est
1089 3125 1156 3179 de
1200 3124 1565 3190 restitutione,
1599 3140 1725 3197 quae
1762 3130 2030 3197 estxaotus
2050 3126 2314 3197 justitiam

309 3222 366 3273 et
391 3216 536 3271 circa
563 3215 664 3269 hoc
691 3213 922 3286 quaesita
952 3221 1078 3267 sunt
1106 3212 1210 3268 tria
1238 3228 1252 3265 :
1297 3213 1359 3266 ⁴0
1382 3211 1451 3267 de
1481 3210 1589 3267 illis
1613 3210 1706 3285 qui
1736 3221 1957 3286 propter
1986 3223 2169 3286 partes
2192 3224 2319 3271 sunt

311 3312 468 3359 extra
493 3304 778 3369 eivitate53
807 3306 867 3357 20
891 3300 960 3355 de
985 3315 1049 3355 eo
1075 3300 1166 3373 qui
1193 3298 1338 3355 mala
1361 3298 1468 3355 fide
1493 3299 1653 3372 longo
1679 3306 1922 3374 tempore
1951 3303 2319 3377 praesoripsit3

311 3396 374 3447 30
401 3391 468 3447 de
493 3406 558 3447 eo
583 3390 678 3464 qui
707 3389 885 3445 aliena
913 3388 1272 3460 consumpsit.

893 3567 897 3571 ·
952 3546 1411 3609 ARTICULUS
1452 3547 1687 3611 XXIII.

387 3676 603 3740 Utrum
631 3672 872 3753 eoepulai
895 3676 1143 3751 propter
1159 3675 1391 3749 partes,
1417 3672 1654 3749 possint
1681 3676 1944 3755 expetere
1978 3672 2127 3737 bona
2154 3690 2270 3739 sua

694 3761 927 3825 abillis
953 3760 1062 3839 qui
1088 3764 1234 3823 sunt
1260 3760 1328 3821 in
1354 3759 1599 3821 civitate
1622 3765 1941 3822 manentes.

388 3888 546 3944 Circa
575 3883 809 3958 primum
847 3883 1149 3969 quaeritur-3
1178 3887 1364 3937 utrum
1393 3880 1602 3952 expulsi
1633 3888 1852 3953 propter
1880 3890 2083 3956 partes„
2116 3886 2329 3959 possint
