2800 4492
722 342 836 390 xn.
866 355 950 374 -
974 337 1402 394 ouonmmtwn
1444 339 1755 388 sitentium
2120 328 2237 387 377

209 457 390 536 'plura
425 459 699 535 intelligit.
739 461 882 534 Ergo
919 459 1230 517 intellectus
1261 457 1541 532 angelicus
1574 457 1875 532 singularia
1910 473 2239 532 cognoscere

233 568 342 610 non
366 559 566 625 potest.
1848 613 1854 618 .

305 646 356 702 4.
381 644 436 702 Si
459 643 691 709 dicatur,
724 641 869 714 quod
899 654 1004 697 non
1031 639 1312 712 cognoscit
1340 653 1437 712 per
1460 653 1626 694 unam
1649 638 1888 710 speciem
1914 639 2117 706 omnia,
2142 639 2237 696 sed

232 750 330 808 per
365 748 532 788 unam
573 731 812 804 speciem
847 729 1030 785 omnia
1071 727 1351 784 individua
1390 727 1553 784 unius
1594 728 1817 801 speciei,
1865 734 1920 784 et
1950 743 2058 784 non
2088 728 2193 784 alia
2220 744 2237 797 ς
2268 797 2283 803 ,

234 831 446 880 contra.
476 821 572 877 llla
599 835 708 876 una
737 819 948 891 species
974 833 1082 874 non
1112 833 1172 873 se
1208 817 1373 874 habet
1401 817 1579 888 magis
1605 817 1674 872 ad
1700 832 1867 872 unum
1896 815 2238 872 individuum

233 928 398 986 quam
436 910 505 967 ad
546 909 713 966 aliud.
767 907 874 965 Sed
944 911 1158 979 oportet
1214 905 1360 978 quod
1418 919 1515 977 per
1550 904 1788 977 speciem
1845 905 2241 978 intelligibilem

205 1001 545 1058 'intellectus
611 997 1005 1055 determinetur
1047 995 1116 1051 ad
1168 991 1595 1050 determinatum
1652 992 2035 1065 cognoscibile.
2099 995 2241 1068 Ergo

201 1093 330 1164 'per
357 1089 594 1163 speciem
637 1087 786 1144 illam
821 1099 930 1142 non
967 1084 1170 1157 poterit
1195 1097 1525 1154 cognoscere
1560 1081 1665 1138 hoc
1695 1081 2025 1154 particulare
2053 1083 2243 1140 deter-

235 1179 459 1235 minate.
1634 1181 1639 1186 ·
1729 1178 1737 1193 “

303 1267 407 1326 Sed
431 1273 622 1323 contra
646 1261 896 1336 estquod
926 1261 1130 1318 dicitur
1157 1259 1226 1317 ad
1257 1258 1423 1316 Hebr.
1473 1273 1513 1326 ι,
1541 1260 1609 1315 ⁴4
1638 1274 1653 1314 t
1682 1258 1873 1316 Omnes
1898 1267 2023 1317 sunt
2047 1261 2225 1317 admi-

234 1355 546 1414 nistratorii
579 1353 828 1427 spiritus,
853 1351 915 1406 in
956 1348 1317 1406 ministerium
1343 1347 1493 1403 missi
1516 1354 1741 1420 propter
1767 1364 1851 1404 eos
1889 1348 1984 1422 qui
2020 1350 2238 1406 heredi-

233 1453 393 1503 tatem
438 1443 656 1517 capiunt
687 1438 912 1506 saluti&
947 1438 1091 1510 quod
1137 1453 1244 1494 non
1290 1445 1477 1509 posset
1523 1451 1664 1504 esse,
1703 1436 1810 1493 nisi
1848 1447 2237 1510 cognoscerent

233 1533 536 1606 singulares
565 1530 829 1586 homines.
1456 1541 1461 1546 ·

302 1620 625 1693 Respondeo
669 1615 980 1682 dicendum,
1022 1613 1168 1686 quod
1210 1610 1451 1684 Angelus
1490 1611 1699 1686 absque
1736 1611 1905 1669 dubio
1942 1613 2239 1686 singularia

231 1709 534 1784 cognoscit.
575 1707 650 1764 Ut
696 1712 882 1762 autem
931 1702 1218 1759 videamus
1265 1700 1489 1757 modum
1526 1717 1641 1774 ,quo
1686 1701 1789 1757 hoc
1836 1702 2095 1775 possibile
2140 1707 2233 1772 sit,

233 1799 513 1858 sciendum
536 1802 638 1864 est,
667 1793 812 1868 quod
851 1792 920 1849 ad
960 1792 1064 1847 hoc
1102 1791 1248 1864 quod
1276 1789 1553 1861 singulare
1590 1789 1814 1861 aliquod
1852 1798 2234 1862 cognoscatur,

233 1894 448 1964 oportet
468 1884 614 1960 quod
644 1884 698 1939 in
721 1880 967 1955 potentia
991 1877 1360 1951 cognoscitiva
1387 1877 1462 1933 sit
1486 1877 1791 1935 similitudo
1810 1880 1947 1950 ejus,
1977 1879 2033 1936 in
2057 1895 2239 1953 quan-

233 1985 348 2034 tum
385 1973 715 2050 particulare
741 1977 845 2027 est.
887 1968 1080 2026 Omnis
1109 1973 1296 2024 autem
1333 1965 1511 2023 forma
1551 1964 1621 2022 de
1648 1981 1708 2022 se
1746 1970 2055 2026 communis
2082 1978 2165 2026 est
2219 1987 2231 2024 :

201 2067 374 2123 *unde
399 2062 606 2120 additio
638 2060 827 2116 formae
855 2057 923 2114 ad
953 2057 1182 2113 formam
1221 2070 1328 2110 non
1357 2061 1539 2127 potest
1571 2067 1691 2111 esse
1722 2067 1890 2112 causa
1920 2055 2236 2113 individua-

199 2155 400 2212 'tionis
426 2171 439 2208 ε
467 2152 598 2227 quia
638 2156 1010 2223 quotcumque
1051 2144 1243 2202 sormae
1285 2143 1448 2199 simul
1494 2151 1879 2215 aggregentur,
1922 2151 1983 2201 ut
2028 2145 2230 2213 album,

230 2243 552 2307 bicubitum,
576 2246 632 2296 et
655 2238 915 2309 crispum,
943 2239 1000 2290 et
1027 2231 1358 2305 hujusmodi,
1385 2245 1493 2286 non
1515 2231 1859 2288 constituunt
1881 2233 2235 2304 particulare,

232 2333 362 2408 quia
407 2331 526 2387 baec
553 2327 736 2386 omnia
775 2323 937 2380 simul
973 2327 1102 2377 sunt
1131 2321 1187 2375 in
1225 2334 1360 2385 uno,
1391 2326 1451 2375 et
1493 2317 1572 2375 ita
1603 2319 1661 2373 in
1701 2319 1946 2390 pluribus
1976 2322 2237 2393 potentiis

231 2432 316 2480 est
343 2418 600 2496 possibile
623 2413 866 2472 invenire
891 2429 905 2480 ;
931 2411 1026 2468 sed
1057 2407 1421 2464 individuatio
1446 2407 1637 2463 formae
1664 2412 1750 2463 est
1772 2423 1840 2463 ex
1865 2411 2113 2474 materia,
2140 2426 2239 2482 per

231 2527 398 2587 quam
425 2508 600 2564 forma
626 2500 968 2579 contrahitur
990 2498 1058 2555 ad
1084 2497 1188 2552 hoc
1210 2495 1657 2553 determinatum.
1686 2493 1843 2552 Unde
1864 2495 1936 2552 ad
1963 2497 2067 2553 hoc
2090 2499 2237 2570 quod

231 2597 562 2675 particulare
591 2595 972 2664 cognoscatur,
1015 2591 1233 2659 oportet
1262 2585 1409 2657 quod
1448 2584 1505 2640 in
1533 2591 1897 2656 cognoscente
1928 2600 2038 2642 non
2060 2586 2236 2643 solum

231 2691 304 2746 sit
333 2682 632 2744 similitudo
660 2680 867 2744 formae,
913 2675 1009 2732 sed
1047 2673 1359 2748 aliqualiter
1396 2673 1662 2730 materiae.
1706 2672 2016 2731 Similitudo
2053 2683 2238 2732 autem

231 2779 309 2836 rei
335 2774 568 2848 cognitae
592 2769 882 2843 dupliciter
901 2772 985 2822 est
1011 2764 1067 2820 in
1096 2767 1493 2835 cognoscente:
1524 2775 1631 2818 uno
1657 2757 1820 2838 modo
1844 2763 1999 2820 sicut
2011 2769 2237 2822 causata

233 2865 370 2933 are,
414 2865 556 2921 sicut
597 2860 654 2916 in
692 2859 776 2914 his
812 2871 938 2930 quae
971 2859 1373 2926 cognoscuntur
1413 2866 1512 2924 per
1556 2851 1796 2924 speciem
1840 2851 2174 2911 abstractam
2205 2871 2234 2911 a

233 2955 426 3022 rebus;
454 2951 559 3010 alio
588 2948 755 3006 modo·
789 2945 932 3002 sicut
963 2958 1130 3001 causa
1159 2941 1258 3007 rei,
1288 2947 1350 2996 ut
1379 2945 1531 3013 patet
1558 2939 1615 2995 in
1642 2940 1872 3010 artifice,
1903 2943 1997 3014 qui
2030 2957 2238 3014 cogno-

233 3046 336 3102 scit
365 3040 718 3098 artificiatum
745 3050 842 3106 per
869 3033 1018 3090 illam
1055 3030 1284 3087 formam
1309 3045 1411 3102 per
1437 3043 1603 3101 quam
1632 3028 1811 3101 ipsum
1839 3029 1991 3086 facit.
2016 3031 2237 3103 Species

233 3139 420 3192 autem
443 3142 570 3200 quae
593 3132 678 3182 est
700 3125 758 3179 in
778 3137 941 3178 sensu
959 3127 1185 3178 causata
1213 3133 1245 3175 a
1273 3135 1332 3174 re
1355 3117 1619 3184 sensibili,
1646 3117 1703 3172 in
1728 3125 1995 3190 quantum
2017 3135 2123 3175 non
2150 3126 2234 3176 est

233 3219 454 3280 omnino
501 3231 535 3271 a
577 3209 982 3269 conditionibus
1027 3205 1404 3264 materialibus
1454 3206 1740 3278 depurata,
1795 3212 1880 3263 est
1933 3207 2233 3265 similitudo

233 3312 426 3369 formae
452 3300 754 3362 secundum
777 3296 921 3369 quod
950 3303 1033 3352 est
1056 3296 1112 3350 in
1147 3294 1415 3362 materia3
1445 3300 1501 3348 et
1528 3294 1652 3350 ideo
1678 3309 1775 3367 per
1804 3310 1927 3352 eam
1950 3299 2237 3370 cognosci-

234 3410 325 3458 tur
353 3390 706 3471 particulare.
734 3385 838 3442 Sed
865 3385 994 3458 quia
1023 3381 1322 3439 secundum
1359 3381 1506 3452 quod
1537 3382 1591 3437 in
1620 3382 1900 3440 intellectu
1927 3394 2115 3442 nostro
2145 3401 2238 3442 re-

233 3487 436 3562 cipitur
478 3477 689 3553 species
735 3473 816 3529 rei
868 3469 1161 3536 sensibilis,
1214 3477 1300 3525 est
1347 3469 1569 3526 omnino
1611 3471 1729 3543 jam
1784 3487 1817 3528 a
1864 3472 2239 3530 materialibus

233 3567 638 3634 conditionibus
681 3561 969 3635 depurata,
1015 3574 1121 3616 non
1171 3562 1352 3630 potest
1393 3557 1705 3614 intellectus
1748 3565 1933 3615 noster
1976 3577 2074 3632 per
2115 3576 2237 3617 eam

235 3666 446 3722 directe
471 3651 802 3730 particulare
824 3661 1172 3722 cognoscere,
1203 3646 1300 3702 sed
1330 3661 1425 3719 per
1454 3646 1746 3719 quamdam
1774 3647 2120 3705 reflexionem
2149 3647 2238 3704 in-

236 3749 488 3808 tellectus
524 3742 593 3799 ad
634 3738 910 3813 potentias
952 3733 1261 3801 sensitivas,
1294 3749 1327 3790 a
1376 3733 1577 3806 quibus
1615 3733 1827 3804 species
1869 3732 2239 3806 intelligibiles

237 3833 650 3898 abstrahuntur.
678 3829 781 3884 Per
812 3825 1044 3882 formam
1080 3829 1284 3890 autem,
1311 3837 1439 3894 quae
1476 3827 1561 3876 est
1593 3833 1762 3877 causa
1804 3820 1903 3887 rei,
1930 3820 2035 3877 hoc
2074 3823 2237 3881 modo

238 3911 586 4002 cognoscitur
613 3933 702 3976 res
721 3908 1022 3973 secuudum
1047 3913 1192 3986 quod
1219 3910 1397 3967 forma
1423 3908 1517 3966 illa
1543 3915 1629 3966 est
1663 3923 1831 3966 causa
1856 3910 1993 3982 ejus.
2018 3910 2087 3968 Et
2109 3911 2239 3986 quia

1057 4031 1090 4057 Ι
