2800 4492
717 348 807 394 ιιι.
834 364 918 379 -
939 350 1036 404 m,-
1056 348 1328 403 nonnum
1365 350 1467 397 nn
1486 347 1818 403 mmmm
2192 334 2262 404 11

263 461 416 535 prios
439 462 726 535 dirigendo
763 470 818 530 et
847 466 1149 531 ·,ιιιονθιιιιο
1179 468 1263 525 lta
1291 466 1439 531 enim
1479 466 1733 529 universa
1770 470 2040 547 creatura
2070 466 2271 524 divinae

265 550 646 622 gubernationi
693 554 1003 627 subjicitur,
1045 556 1188 620 sicut
1231 556 1595 620 instrumenta
1645 555 1951 623 subduntur
1992 555 2269 627 guberna·-

268 640 404 695 tioni
435 642 681 709 artificis,
713 651 768 699 et
793 644 1092 727 qualitates
1118 644 1398 701 naturales
1422 644 1611 706 virtuti
1648 645 1847 701 animae
1876 644 2176 712 nutritivae,
2210 652 2270 699 ut

266 728 469 801 dicitur
495 745 537 786 11
562 731 630 787 de
656 732 873 801 Anima.
903 732 1062 789 Unde
1087 732 1230 789 sicut
1256 731 1443 797 calore
1466 733 1701 789 naturali
1727 734 1981 806 sequitur
2018 748 2177 805 opus
2178 733 2271 788 di-

265 819 496 887 gestivae
523 820 822 877 secundum
833 821 1111 893 regulam
1151 836 1317 893 quarn
1359 821 1590 894 imponit
1624 820 1794 877 calori
1822 822 1943 894 ipsa
1970 822 2053 877 vis
2082 821 2271 893 diges-

266 905 402 977 tiva,
427 913 486 965 et
511 924 700 978 omnes
739 886 973 965 virtutes
997 910 1282 973 inferiores
1309 924 1601 983 corporum
1626 917 1941 982 operantur,
1969 910 2268 971 secundum

265 995 413 1067 quod
439 996 748 1069 diriguntur
773 1006 831 1055 et
856 1004 1146 1055 moventur-
1177 1014 1244 1061 ex
1280 998 1578 1055 virtutibus
1604 1012 1893 1071 corporum
1938 997 2268 1063 coelestiu1n‚

266 1082 347 1139 ita
375 1098 562 1152 omnes
591 1086 824 1142 virtutes
849 1086 1048 1155 activas
1078 1092 1280 1151 creatae
1307 1086 1929 1163 operantursecupd-um
1955 1086 2104 1159 quod,
2130 1085 2271 1151 diri-

265 1178 471 1246 guntur
489 1182 544 1231 et
567 1183 855 1232 moventur
881 1183 1198 1233 acreatore.
1223 1176 1313 1233 Sic
1343 1163 1511 1247 igitur
1536 1176 1589 1231 in
1610 1176 1755 1231 omni
1780 1175 2095 1247 cogniti-one
2120 1174 2270 1231 veri-

267 1262 401 1329 tatis
423 1262 632 1335 indiget
672 1263 1089 1329 mens'humana
1133 1264 1320 1324 divina
1361 1264 1697 1337 operatione,
1724 1264 1822 1320 sed
1860 1266 1915 1319 in
1946 1261 2269 1329 naturaliter

266 1350 500 1421 cognitis
524 1367 633 1408 non
659 1352 868 1423 indiget
891 1368 1029 1409 nova
1058 1351 1199 1419 luce,
1225 1351 1322 1407 sed
1355 1350 1471 1408 solo
1494 1358 1667 1417 motu,
1694 1360 1750 1407 et
1780 1351 2081 1407 directione
2118 1351 2268 1425 ejus;

266 1438 326 1492 ιιι
353 1437 476 1495 aliis
501 1447 690 1496 autem
730 1440 900 1497 etiam
940 1454 1082 1497 nova
1116 1439 1504 1496 illustratione.
1531 1440 1599 1495 Et
1628 1439 1787 1512 quia
1780 1440 1932 1509 Boot.
1958 1439 2027 1496 de
2066 1437 2269 1495 talibus

266 1526 530 1600 loquitur,
560 1530 683 1585 ideo
707 1528 884 1585 dicit:
919 1549 945 1583 α
975 1529 1251 1599 Quantum
1281 1529 1467 1585 divina
1496 1528 1605 1597 lux,
1638 1534 1749 1599 etc.-
1782 1548 1809 1579 n

273 1682 280 1689 .
336 1616 422 1673 Ad
459 1617 693 1691 primum
733 1632 864 1689 ergo
901 1618 1212 1685 dicendum,
1241 1618 1388 1691 quod
1422 1618 1707 1691 quamvis
1726 1616 1857 1672 nihil
1899 1615 2071 1675 simus
2114 1614 2271 1672 suffi-

271 1704 480 1761 cientes
505 1707 748 1777 cogitare
783 1722 850 1763 ex
877 1706 1036 1763 nobis
1063 1707 1180 1763 sine
1205 1707 1520 1781 operatione
1548 1706 1727 1772 Dei‚n
1694 1722 1801 1763 non
1833 1710 2013 1761 tamen
2054 1710 2273 1777 oportet

265 1772 454 1866 quod
442 1811 494 1850 ιιι
519 1794 761 1867 qualibet
779 1802 968 1851 nostra
987 1796 1306 1869 operatione
1323 1811 1523 1852 novum
1545 1795 1725 1852 lumen
1748 1794 1903 1851 nobis
1928 1793 2273 1861 infundatur-2

337 1881 423 1938 Ad
447 1882 746 1939 secundum
769 1882 1079 1951 dicendum,
1109 1883 1255 1957 quod
1285 1883 1587 1941 secundum
1614 1882 1718 1939 hoc
1739 1883 1889 1942 Deus
1914 1897 2015 1937 nos
2039 1880 2270 1937 interius

263 1968 428 2033 docet
455 1970 512 2025 in
541 1970 774 2027 naturali
799 1972 1291 2044 cognitione,quod
1313 1972 1565 2030 naturaie
1586 1972 1765 2027 lumen
1782 1970 1837 2027 in
1866 1969 2025 2027 nobis
2049 1974 2260 2033 causat,

264 2068 318 2115 et
351 2057 484 2114 illud
515 2058 703 2131 dirigit
747 2060 806 2117 in
838 2061 1175 2127 veritatem.
1207 2062 1261 2117 in
1305 2060 1429 2117 aliis
1468 2076 1598 2119 vero
1641 2062 1808 2117 etiam
1851 2060 2035 2116 lumen
2063 2073 2265 2116 novum

175 2158 196 2166 ‘
263 2124 624 2204 infundendo·

292 2220 420 2292 .Ad
453 2237 672 2293 tertium
714 2236 1024 2313 dicendum,
1053 2214 1197 2313 quod
1240 2234 1431 2295 oculus
1474 2234 1778 2313 corporalis
1806 2254 1877 2295 ex-
1902 2236 2269 2293 illustratione

263 2282 399 2380 solis
447 2324 744 2398 corporalis
795 2342 903 2383 non
941 2328 1295 2401 consequitur
1347 2328 1527 2384 lumen
1574 2324 1795 2401 aliquod
1846 2326 1949 2381 sibi
1998 2324 2265 2392 naturale,

264 2428 364 2485 per
389 2407 534 2486 quod
563 2414 736 2488 possit
773 2414 954 2471 facere
996 2415 1276 2472 visibilia·
1262 2432 1318 2471 ιιι
1343 2424 1517 2473 actu:
1549 2417 1693 2473 sicut
1733 2414 2087 2488 consequitur
2112 2429 2267 2469 mens

262 2516 332 2559 ox
362 2499 726 2558 illustratione
756 2502 887 2559 solis
914 2503 1166 2581 increati,
1183 2509 1240 2560 et
1265 2502 1387 2560 ideo
1418 2490 1607 2560 oculus
1633 2502 1841 2575 indiget
1868 2518 2083 2575 semper
2111 2510 2270 2559 exte-

262 2590 398 2647 riori
425 2589 648 2656 lumine,
681 2594 737 2645 et
767 2604 872 2645 non
901 2604 1072 2645 mens.
1125 2608 1129 2612 ·

269 2724 278 2744 ,
334 2677 423 2734 Ad
451 2681 710 2749 quartum
745 2677 1056 2745 dicendum,
1089 2677 1242 2755 quod
1277 2678 1461 2755 lumen
1502 2676 1869 2737 intellectuale
1911 2678 2004 2735 ubi
2046 2684 2131 2737 est
2164 2696 2269 2752 pu-

262 2782 390 2823 rum
412 2767 555 2823 sicut
598 2765 653 2821 in
681 2765 908 2838 angelis,
935 2768 1055 2823 sine
1100 2750 1423 2825 difficultate
1460 2770 1643 2825 omnia
1688 2769 1909 2841 cognita
1946 2768 2273 2831 naturaliter

263 2856 626 2921 demonstrat,
656 2855 734 2911 ita
764 2856 910 2928 quod
951 2856 1012 2912 in·
1039 2856 1118 2913 eis
1143 2868 1228 2913 est
1273 2857 1459 2921 omnia
1492 2856 2139 2929 naturalia-cognoscere
2166 2872 2179 2910 :
2213 2856 2268 2911 in

263 2944 424 3001 nobis
447 2956 629 3001 autem
649 2943 832 3009 lumen
857 2945 1166 3017 huiusmodi
1188 2952 1272 3001 est
1295 2946 1681 3003 obumbratum
1712 2962 1808 3017 per
1829 2943 2271 3022 coniunctionem

264 3034 336 3090 ad
361 3048 558 3105 corpus
581 3041 636 3089 et
665 3034 732 3089 ad
762 3032 909 3091 vires
931 3049 1240 3107 corporeae,
1257 3040 1313 3090 et
1332 3051 1398 3090 ex
1419 3034 1525 3089 hoc
1546 3033 1937 3105 impeditur,ut
1968 3049 2075 3089 non
2097 3032 2270 3105 possit

265 3121 435 3201 libere
463 3120 750 3177 veritatem
780 3122 945 3179 etiam
977 3123 1302 3201 naturaliter
1325 3122 1747 3195 cognoscibilem
1772 3121 2041 3193 inspicere
2067 3137 2269 3178 secun-

264 3210 398 3271 dum
420 3209 553 3266 illud
591 3211 810 3284 Sapien.
843 3228 944 3268 tx:
983 3212 1192 3285 Corpus
1233 3210 1371 3285 quod
1408 3210 1803 3283 corrumpitur,
1837 3213 2101 3283 aqyravat
2138 3210 2269 3266 ani-

264 3316 431 3377 mcm,3
450 3306 500 3356 et
526 3306 745 3357 terrena
771 3300 1090 3358 inhabitatio
1114 3301 1373 3373 deprimit
1398 3305 1605 3357 sensum
1629 3301 1801 3357 multa
1832 3301 2169 3373 coyitantem.
2200 3300 2269 3356 Et

264 3404 334 3444 ex
359 3389 470 3464 hoc
486 3394 589 3455 est,
618 3390 764 3462 quod
799 3405 909 3445 non
939 3396 1024 3445 est
1054 3391 1110 3445 in
1137 3390 1292 3446 nobis
1337 3390 1557 3447 omnino
1599 3388 1891 3445 veritatem
1918 3403 2265 3461 cognoscere,

263 3477 475 3555 scilicet
511 3484 730 3551 propter
771 3476 1181 3553 impedimenta.
1225 3478 1330 3535 Sed
1383 3478 1760 3551 unusquisque
1799 3476 1904 3533 hoc
1953 3478 2129 3549 magis
2179 3476 2267 3533 vel

264 3566 446 3645 rninus
472 3565 637 3621 habet
662 3566 718 3621 in
743 3572 1018 3639 potestate
1041 3567 1343 3626 secundum
1365 3566 1513 3643 quod
1554 3567 1748 3633 lumen·
1775 3564 2147 3639 intellectuale
2184 3570 2271 3622 est

261 3652 320 3721 ‚in
351 3655 468 3727 ipso
495 3652 713 3727 puriuS.-
1033 3700 1037 3705 ,

334 3742 416 3799 Ad
446 3744 698 3815 quintum
721 3742 1033 3811 dicendum,
1066 3744 1212 3817 quod
1254 3759 1485 3817 corpora
1524 3742 1781 3801 inferiora
1820 3742 2072 3816 quamvis
2115 3740 2267 3797 indi-

266 3840 429 3903 geant
453 3831 519 3887 ad
549 3830 654 3887 hoc
691 3832 836 3905 quod
866 3841 1160 3905 operentur
1183 3832 1501 3911 corporibus
1541 3831 1932 3905 superioribus,
1966 3836 2027 3884 ut
2072 3828 2143 3885 ab
2186 3830 2267 3885 eis

263 3928 612 4003 ruoveantur,
651 3934 774 4001 non·
801 3930 984 3979 tamen
1029 3921 1278 3995 indigent
1313 3922 1382 3993 ad
1426 3922 1675 3999 proprias
1714 3917 2059 3995 operationes
2100 3917 2273 3991 perfi-
