2800 4492
539 352 623 423 26
991 372 1074 422 ἰι.
1115 370 1364 418 monae.
1386 352 1737 423 Acamans
1759 368 2079 421 ornacum
2126 328 2133 335 .

533 494 744 565 gentius
779 489 1241 565 comprehendere
1278 492 1633 564 praesumens,
1662 488 1761 544 sed
1801 486 2043 559 intellige
2080 486 2565 559 incomprehensi-

543 582 674 639 bilia
703 598 844 641 esse.
893 598 919 632 ιι
960 579 1230 647 Secunde,
1262 595 1329 635 ex
1374 578 1477 637 hoc
1505 578 1653 651 quod
1700 577 1757 633 in
1792 576 1878 633 his
1920 584 2215 649 quae-sunt
2260 576 2384 633 fidei
2414 578 2562 633 ratio

537 670 808 745 -praecedit
832 668 1013 738 fidem,
1043 684 1150 725 non
1172 668 1308 726 fides
1333 668 1620 734 rationem,
1648 666 1777 722 dum
1798 665 2009 723 scilicet
2028 665 2228 739 aliquis
2250 665 2355 723 hoc
2379 665 2561 724 solum

537 760 662 817 ‚vult
688 760 914 823 credere
943 758 1090 832 quod
1113 759 1324 816 ratione
1343 762 1525 832 potest
1548 754 1811 824 invenire,
1840 770 1969 813 cum
1995 754 2194 812 debeat
2212 762 2341 831 esse
2370 771 2401 810 e
2418 768 2560 813 con-

537 865 732 921 verso3
777 848 920 904 unde
959 846 1112 905 Hilar
1157 864 1172 903 ι
1223 866 1252 901 α
1297 845 1581 904 Credendo
1620 844 1855 918 inquire,
1908 852 2183 917 percurre,
2222 844 2479 916 persiste.
2526 861 2560 897 ιι

536 938 730 997 Tertio
751 932 894 995 ultra
914 938 1136 995 modum
1153 952 1272 993 suae
1289 935 1615 1010 capacitatis
1638 935 1707 991 ad
1729 934 2041 991 divinorum
2063 934 2559 1007 perscrutationem

543 1044 606 1084 se
627 1026 943 1105 ingerendo,
986 1025 1130 1083 unde
1152 1026 1311 1083 Rom.
1357 1039 1446 1082 ιιι
1473 1040 1487 1079 :
1518 1024 1644 1083 Non
1670 1023 1793 1095 plus
1814 1038 2019 1095 sapere,
2044 1038 2201 1094 quam
2232 1028 2439 1093 oportet
2460 1036 2562 1097 3αρ-

544 1133 690 1190 pere,
731 1115 820 1171 secl
867 1130 1052 1188 sapere
1095 1114 1168 1170 ad
1209 1112 1568 1177 sobtrietatem,
1615 1118 1669 1169 et
1706 1110 1991 1181 unicuique
2016 1109 2155 1166 sicut
2198 1110 2343 1166 Deus
2370 1107 2563 1167 divisit

541 1220 846 1267 mensuram
869 1204 1016 1275 fidei.
1043 1204 1164 1261 Non
1196 1203 1348 1259 enim
1369 1216 1560 1258 omnes
1582 1200 1831 1257 eamdem
1863 1212 2175 1256 mensuram
2202 1205 2331 1255 sunt
2358 1212 2560 1255 conse-

545 1294 683 1363 cuti,
733 1292 876 1350 unde
915 1292 1126 1366 aliquid
1167 1299 1252 1348 est
1292 1290 1439 1349 ultra
1476 1289 1697 1347 modum
1744 1288 1923 1376 unius,
1973 1287 2119 1362 quod
2148 1293 2257 1345 n‘on
2292 1293 2377 1347 est
2413 1286 2560 1346 ultra

543 1387 768 1448 modum
796 1381 1056 1440 alteriusf
1420 1420 1425 1425 .

613 1472 698 1533 Ad
742 1472 978 1546 primum
1015 1486 1146 1543 ergo
1178 1470 1490 1536 dicendum,
1524 1468 1672 1543 quod
1699 1467 1795 1525 illa
1823 1467 2079 1525 dicuntur
2104 1466 2301 1525 altiora
2338 1466 2559 1527 homine

459 1635 462 1638 Ι
542 1578 670 1637 quae
691 1562 1058 1636 capacitatem
1085 1560 1204 1633 ejus
1227 1558 1521 1625 excedunt,
1550 1573 1657 1614 non
1682 1571 1809 1630 quae
1831 1564 1958 1615 sunt
1982 1557 2233 1629 digniora
2252 1560 2557 1615 secundum

544 1659 798 1709 naturam
829 1666 844 1705 ε
877 1650 1007 1723 quia
1032 1648 1116 1705 his
1140 1664 1264 1721 quae
1284 1652 1413 1703 sunt
1432 1644 1702 1718 digniora,
1728 1652 1935 1719 quanto
1956 1647 2130 1718 tnagis
2154 1646 2314 1703 homo
2338 1653 2558 1705 servato

546 1756 646 1795 suo
683 1738 844 1795 modo
886 1737 1140 1803 intendit,
1187 1731 1545 1806 tantoimagis
1582 1734 1836 1807 proficit;
1878 1735 1977 1792 sed
2004 1736 2173 1791 etiam
2220 1736 2273 1791 in
2318 1736 2560 1799 minimis

545 1826 960 1887 considerandis
1000 1824 1130 1881 dum
1174 1822 1374 1897 aliquis
1418 1823 1639 1880 modum
1680 1840 1796 1881 suae
1842 1824 2169 1897 capacitatis
2210 1824 2446 1899 excedit,
2491 1827 2559 1883 de

541 1915 694 1976 facili
736 1909 929 1971 incidit
975 1913 1030 1970 in
1073 1928 1332 1980 errorem,
1361 1912 1534 1968 'unde
1569 1911 1706 1984 glos.
1750 1914 1955 1971 ibidem
1995 1912 2133 1970 dicit
2175 1929 2249 1969 z«
2302 1915 2559 1973 Haeretici

533 1996 760 2063 duobus
799 2002 976 2060 modis
1017 2003 1173 2069 fiunt,
1223 2002 1435 2059 scilicet
1472 2016 1597 2057 cum
1639 2003 1707 2058 de
1738 2003 2015 2069 creatore,
2058 2002 2143 2059 vel
2182 2002 2251 2059 de
2288 2002 2560 2061 creaturis

539 2092 693 2152 -ultra
723 2092 946 2153 modum
969 2090 1332 2179 intendentes,
1366 2090 1421 2147 in
1450 2106 1665 2149 errores
1706 2092 1973 2159 incidunt,
2020 2099 2077 2149 et
2104 2107 2137 2149 a
2165 2092 2399 2149 veritate
2442 2092 2560 2155 dis-

535 2174 852 2240 cedunt.»
908 2176 911 2181 '
1512 2198 1517 2205 ·

615 2270 700 2332 Ad
738 2269 1038 2327 secundum
1067 2220 1377 2338 dicendum,
1424 2222 1571 2344 quod
1602 2268 1935 2343 perscrutari
1973 2276 2057 2326 est
2094 2269 2254 2342 quasi
2282 2269 2368 2327 ad
2398 2270 2559 2329 finem

539 2358 842 2419 scrutari.
886 2358 989 2417 hoc
1017 2353 1212 2417 autem
1231 2358 1483 2416 illicitum
1512 2364 1569 2415 et
1599 2365 2126 2432 praesumptuosum
2120 2366 2223 2425 est,
2264 2364 2327 2415 ut
2360 2358 2560 2432 aliquis

545 2446 630 2504 sic
651 2446 839 2504 divina
861 2454 1156 2517 scrutetur,
1183 2446 1346 2521 'quasi
1371 2448 1441 2505 ad
1472 2446 1635 2503 finem
1658 2445 2157 2519 comprehensionis
2182 2452 2465 2503 venturus.
2522 2502 2529 2509 ,

537 2570 542 2575 -
617 2536 700 2595 Ad
727 2530 948 2594 tertium
973 2532 1286 2605 dicendum,
1318 2536 1465 2610 quod
1496 2534 1587 2591 ubi
1618 2534 1755 2592 fides
1778 2537 2061 2609 quaeritur,
2088 2540 2413 2607 argumenta
2450 2535 2560 2594 tol-

547 2624 748 2684 luntur
743 2640 880 2698 quae
897 2626 1021 2682 fidei
1047 2625 1429 2693 adversantur,
1460 2632 1516 2680 et
1540 2639 1663 2680 eam
1683 2624 1993 2697 praecedere
2010 2632 2307 2695 conantum
2336 2636 2443 2683 non
2466 2624 2554 2681 iila

547 2727 673 2787 quae
697 2730 818 2773 eam
849 2712 1011 2769 modo
1039 2711 1226 2769 debito
1251 2710 1576 2785 sequuntur.-
2030 2729 2038 2737 ·

539 2836 546 2853 ,-
616 2802 708 2858 Ad
730 2808 990 2875 quartum
1019 2794 1332 2867 dicendum,
1365 2797 1511 2873 quod
1542 2814 1652 2855 non
1689 2798 1817 2856 licet
1842 2772 1945 2855 hoc
1982 2800 2183 2857 mundo
2211 2803 2446 2861 scrutari
2468 2804 2557 2863 di·-

546 2891 674 2949 vina
705 2891 986 2963 mysteria,
1020 2896 1080 2945 ut
1108 2886 1182 2945 ad
1215 2904 1402 2944 eorum
1428 2887 1967 2961 comprehensionem
2002 2889 2233 2947 intentio
2271 2892 2551 2961 habeatur,

549 2986 609 3035 ut
633 2986 785 3053 patet
811 2995 876 3033 ex
902 2978 1004 3034 hoc
1028 2974 1176 3051 quod
1197 2978 1446 3051 sequitur
1474 2995 1487 3033 ι
1513 2998 1540 3032 α
1566 2978 1721 3035 Licet
1748 2979 1889 3035 scire
1909 2979 2061 3053 quod‘
2082 2985 2242 3037 natus
2266 2984 2358 3049 sit,
2390 2991 2499 3039 etc.
2526 3001 2551 3034 ιι
2614 3010 2622 3017 -

525 3066 641 3125 Ille
680 3067 829 3123 enim
875 3065 1098 3121 modum
1139 3066 1449 3124 nativitatis
1485 3066 1729 3134 discutit,
1778 3066 1873 3140 qui
1915 3068 2114 3143 quaerit
2156 3070 2289 3142 quid
2332 3070 2405 3125 sit
2444 3070 2555 3143 ipsa

549 3148 828 3221 nativitaS‚
873 3166 1001 3210 cum
1041 3153 1110 3211 de
1151 3154 1351 3212 divinis
1393 3154 1665 3229 possimus
1704 3156 1843 3213 scire
1872 3156 2006 3230 quid
2045 3171 2158 3213 ιιοιι
2184 3158 2315 3225 sint,
2355 3166 2411 3215 et
2455 3168 2553 3217 nou

536 3242 682 3315 ‹quid
707 3242 837 3299 sint.
1916 3282 1920 3289 ,

534 3354 544 3361 -
587 3331 703 3394 Ad
732 3330 984 3405 quintum
1011 3326 1319 3401 dicendum,
1351 3333 1502 3407 quod
1522 3288 1722 3408 duplex
1748 3334 1833 3391 est
1862 3335 2099 3392 humana
2122 3335 2285 3392 ratio.
2312 3336 2432 3395 Una
2454 3296 2556 3393 de-

555 3419 917 3478 monstrativa
941 3437 1140 3494 cogens
1164 3422 1501 3480 intellectum
1528 3423 1596 3479 ad
1625 3423 1979 3491 credendum,
2010 3431 2068 3480 et
2096 3424 2223 3481 talis
2246 3441 2353 3482 non
2379 3429 2557 3498 potest

551 3508 740 3566 haberi
769 3509 838 3566 de
880 3509 964 3567 his
992 3518 1268 3584 quai-sunt
1307 3508 1454 3578 fidei,
1486 3511 1581 3567 sed
1614 3518 1793 3585 potest
1822 3513 2011 3570 haberi
2048 3513 2118 3570 ad
2142 3516 2459 3571 evacuanda
2493 3530 2558 3571 ea

552 3614 677 3676 quae
719 3598 880 3659 fidem
919 3600 1345 3669 destruunt,-.vel
1371 3601 1761 3674 impossibilem
1808 3611 2077 3661 asserunt.
2112 3604 2373 3673 Quamvis
2414 3604 2558 3661 enim

544 3704 619 3747 ‘ea
659 3681 1094 3765 quae-fideisunt
1122 3690 1485 3750 demonstrari
1530 3708 1640 3748 non
1676 3692 1915 3766 possint,
1957 3708 2065 3749 non
2098 3698 2286 3750 tamen
2330 3703 2558 3768 possunt
2644 3689 2651 3695 ’

554 3777 984 3837 demonstrative
1011 3779 1334 3853 improbari.-
1360 3780 1417 3838 Si
1455 3787 1640 3838 autem
1684 3782 1811 3839 talis
1851 3783 1993 3840 ratio
2016 3783 2086 3839 ad
2118 3784 2455 3855 probandum
2488 3786 2559 3843 'ea

526 3884 681 3942 ‘quae
708 3875 836 3925 sunt
863 3868 990 3927 fidei
1019 3864 1388 3939 induceretur,
1420 3877 1785 3929 evacuaretur
1821 3873 2076 3928 meritum
2102 3872 2246 3939 fidei,
2281 3874 2411 3946 quia
2442 3874 2560 3945 jam

559 3959 826 4018 assentire
846 3957 932 4021 his
954 3974 1069 4022 non
1079 3966 1227 4021 esset
1249 3959 1636 4033 voluntarium,
1662 3962 1759 4021 sed
1778 3958 2169 4023 necessarium.
2193 3963 2355 4029 Ratio
2374 3969 2560 4022 autem
