2800 4492
491 314 616 380 460
646 350 654 357 -
970 328 1022 376 s.
1065 326 1300 375 ποκα
1337 325 1669 378 Aquinum
1708 325 2021 379 orusouu

561 454 619 509 ².
653 448 950 516 Pratum,
975 460 1178 519 corpus
1211 443 1358 517 quod
1401 441 1841 517 praeintelligitur
1886 442 2269 517 assumptioni,
2292 450 2387 505 eet
2412 454 2508 506 u·

493 539 808 613 sumptioni,
840 542 926 594 est
949 533 1348 607 assumptibilo.
1375 532 1485 591 &d
1508 548 1711 606 corpus
1737 546 1843 590 non
1870 540 1959 593 est
1984 534 2373 609 assumptibile
2398 537 2505 595 nisi

495 636 557 685 ut
587 629 804 685 unitum
827 638 1030 683 enimn
1057 621 1333 691 rationali,
1363 637 1473 681 non
1498 622 1644 679 enim
1670 620 1875 701 dicitur
1900 637 2103 696 corpus
2140 624 2507 683 inanimatum

495 732 616 775 esse
653 713 1055 788 assumptibile.
1085 712 1230 783 Ergo
1269 711 1402 769 unio
1437 711 1641 769 unimus
1674 717 1731 767 et
1766 712 2015 785 corporis
2063 712 2509 787 praeintelligitur

495 804 566 863 nd
594 809 1022 877 assumptionem
1049 800 1304 857 humanm
1323 806 1571 863 nutura:
1598 806 1659 857 et
1678 799 1762 859 sic
1786 799 1935 857 idem
1956 802 2105 875 quod
2133 804 2314 875 prius.

565 896 620 949 3.
647 893 940 956 Frater-en,
964 889 1211 945 medium
1251 888 1473 947 unionis
1510 887 1953 962 pmsupponitur
1978 888 2050 945 ad
2094 888 2377 949 unionem.
2398 890 2503 949 Sed

495 978 673 1054 gratie
699 985 788 1037 est
810 978 1054 1037 medium
1081 977 1298 1035 unionis
1317 976 1575 1035 humanus
1592 984 1807 1035 naturae
1828 976 1901 1035 ad
1926 976 2169 1035 divinam
2189 994 2499 1052 personam,

497 1067 640 1125 unde
681 1067 883 1124 dicitur
932 1073 1113 1138 gretia
1155 1066 1391 1122 unionis.
1434 1064 1583 1135 Ergo
1622 1065 2063 1138 praesupponitur
2102 1064 2173 1123 nd
2222 1066 2500 1125 unionem.

495 1157 690 1214 Gratia
711 1161 900 1213 nutem
921 1170 1032 1212 non
1055 1159 1236 1228 potest
1260 1152 1493 1224 intelligi
1520 1153 1625 1211 nisi
1648 1154 1707 1209 in
1731 1154 1937 1220 anime,
1966 1153 2150 1211 enimn
2174 1161 2369 1213 nutem
2388 1172 2501 1214 :nou

496 1244 817 1317 intelligitur
841 1259 962 1301 esse
983 1249 1284 1317 antequam
1305 1243 1521 1315 corpori
1552 1242 1801 1310 unietur3
1828 1243 1958 1314 quia
1991 1242 2230 1301 creando
2256 1242 2500 1301 infundi-

499 1342 607 1400 tur,
653 1342 710 1389 et
741 1332 1076 1390 infundendo
1115 1337 1356 1389 creatur.
1403 1330 1549 1402 Ergo
1588 1336 1806 1402 oportet
1856 1330 2201 1403 pmintelligi
2248 1333 2498 1392 unionem

496 1421 752 1480 humanm
773 1428 986 1480 nntnroe
1009 1436 1139 1477 cum
1166 1419 1384 1488 divium
1412 1420 1575 1477 etsie
1600 1419 1745 1477 idem
1766 1418 1917 1493 quod
1941 1420 2113 1491 prius.

567 1512 623 1567 6.
647 1512 942 1579 praem,
965 1506 1282 1566 humanitas
1303 1514 1388 1565 est
1412 1506 1667 1581 quaedam
1688 1508 1862 1565 forme
1882 1506 2285 1567 substantialis.
2315 1510 2501 1569 Omnis

497 1606 683 1660 antem
715 1599 901 1657 forme·
917 1597 1298 1655 substantialis
1328 1594 1563 1671 requirit
1587 1593 1797 1667 aliquid
1832 1596 1979 1669 quod
2005 1611 2104 1669 per
2125 1599 2304 1673 ipsam
2334 1600 2499 1658 infor.

498 1696 705 1759 metur3
743 1703 854 1745 non
894 1693 1080 1745 eutem
1123 1690 1304 1759 potest
1337 1685 1451 1743 dici
1478 1684 1627 1760 quod
1671 1683 1987 1757 hypostasis
2027 1685 2113 1743 vel
2159 1691 2501 1761 suppositum

493 1785 762 1835 aeternum
795 1774 1124 1833 informetur
1147 1789 1248 1846 per
1287 1772 1531 1847 aliquam
1562 1772 1795 1831 formam
1822 1779 2087 1833 creatam.
2116 1774 2260 1848 Ergo
2286 1783 2501 1849 oportet

497 1868 556 1924 in
597 1865 814 1923 Christo
860 1877 1064 1936 ponere
1090 1860 1312 1934 aliquod
1340 1862 1683 1935 suppositum
1726 1862 1811 1919 vel
1850 1860 2193 1937 hypostasim
2234 1873 2495 1933 creatam,

496 1968 624 2028 quoe
643 1952 984 2009 humanitate
1015 1948 1338 2006 informetur
1355 1955 1447 2017 ;et
1468 1948 1629 2006 sicin
1656 1948 1875 2007 Chr-isto
1902 1960 2061 2009 erunt
2084 1952 2211 2011 duae
2235 1954 2497 2029 hyposta-

495 2058 616 2110 ses;
640 2040 954 2116 hypostasis
978 2036 1187 2093 scilicet
1216 2036 1400 2101 Verbi,
1433 2045 1489 2094 et
1512 2037 1827 2111 hypostasis
1848 2038 2103 2099 hominis.

565 2132 672 2189 Sed
696 2137 906 2197 contra,
935 2142 1001 2184 en
1022 2140 1150 2200 quae
1173 2136 1302 2183 sunt
1326 2125 1650 2183 adinvicem
1670 2127 1971 2201 disparata,
2001 2145 2109 2185 non
2136 2132 2497 2203 praedicantur

395 2254 400 2259 -
498 2220 567 2276 de
603 2233 666 2276 se
702 2218 956 2283 invicem,
988 2214 1094 2271 nisi
1133 2230 1229 2287 per
1270 2220 1375 2273 hoc
1411 2214 1558 2288 quod
1584 2216 1917 2273 conveniunt
1952 2216 2027 2273 in
2037 2232 2146 2273 uno
2183 2223 2499 2293 supposito;

499 2306 641 2365 sicut
685 2306 920 2363 dicimus
957 2305 1104 2379 quod
1132 2291 1320 2362 album
1360 2312 1446 2360 est
1468 2300 1647 2371 dulce,
1694 2311 1915 2377 propter
1943 2306 2212 2363 unitatem
2244 2312 2496 2384 subjecti.

500 2397 605 2455 Sed
659 2394 848 2453 divina
882 2396 1080 2453 nutura
1121 2400 1178 2452 et
1216 2393 1458 2450 humana
1498 2399 1629 2449 sunt
1668 2401 1884 2451 netum
1920 2393 2141 2466 penitus
2183 2396 2496 2470 disparem,

501 2484 870 2559 praedicentur
905 2490 1093 2541 nutem
1135 2481 1206 2539 de
1251 2496 1311 2539 se
1351 2481 1589 2539 invicem
1632 2480 1693 2539 in
1724 2489 2016 2553 concret03
2054 2483 2307 2545 dicimus
2338 2491 2498 2555 enim,

502 2574 644 2631 Deus
669 2581 750 2632 est
781 2574 950 2639 lim-o,
979 2577 1037 2629 et
1071 2572 1220 2629 homo
1259 2576 1335 2627 cst
1355 2570 1519 2629 Deus.
1548 2570 1692 2642 Ergo
1734 2577 1819 2629 est
1846 2571 1923 2629 ibi
1952 2588 2121 2631 unum
2160 2580 2502 2695 suppositum

504 2667 741 2731 tantum,
769 2668 826 2717 et
849 2674 962 2717 una
975 2658 1312 2733 hypostasis.

572 2748 630 2808 Si
657 2750 894 2817 dicatur,
932 2747 1080 2822 quod
1117 2746 1487 2819 praedicantur
1512 2746 1583 2804 de
1622 2762 1684 2804 se
1714 2747 1949 2805 invicem
1976 2757 2201 2824 propter
2228 2753 2336 2813 hoc
2362 2758 2502 2830 quod

503 2839 834 2896 conveniunt
860 2837 915 2892 in
947 2852 1054 2893 una
1093 2850 1342 2908 persona,
1374 2850 1481 2893 non
1514 2850 1611 2908 per
1634 2834 1741 2895 hoc
1772 2837 1917 2910 quod
1946 2841 2279 2900 conveniunt
2305 2844 2363 2901 in
2400 2863 2501 2905 uno

501 2926 805 3003 supposito,
847 2925 933 2983 vel
973 2916 1257 2999 hypost‘asi
1299 2939 1429 2992 una,
1471 2924 1615 2981 sicut
1640 2923 1896 2998 dicimus,
1925 2925 2127 2987 Album
2166 2936 2267 2988 est„
2299 2932 2500 3003 dulce·
2486 2973 2501 2992 .

502 3016 714 3075 contra.
751 3016 988 3075 Persona
1015 3028 1123 3073 non
1151 3010 1306 3069 addit
1333 3026 1499 3093 supra
1532 3011 1874 3087 hypostasim
1915 3014 2003 3072 vel
2028 3018 2376 3092 suppositum
2406 3020 2503 3079 nisi

503 3104 726 3179 aliquod
768 3104 1041 3171 accidens,
1087 3098 1298 3159 scilicet
1333 3100 1727 3173 proprietatem
1766 3102 1837 3160 nd
1865 3102 2191 3177 dignitatem
2226 3110 2507 3179 pertinen·
2610 3104 2622 3118 ”

503 3199 638 3251 tem.
667 3192 722 3251 Si
751 3208 882 3265 ergo
916 3194 974 3249 in
997 3191 1214 3249 Christo
1239 3196 1406 3249 esset
1418 3206 1528 3248 una
1556 3206 1807 3265 persone,
1836 3200 1895 3251 et
1922 3208 2031 3251 non
2054 3210 2226 3255 unum
2250 3199 2507 3272 supposi-

508 3288 622 3338 tum
645 3279 732 3337 vel
756 3280 1096 3354 hypostasim
1121 3278 1309 3339 divine
1341 3285 1540 3338 natura
1562 3288 1619 3338 et
1642 3280 1879 3341 humanu
1903 3290 2089 3343 essent
2114 3284 2173 3343 in
2194 3284 2318 3361 ipso.
2342 3288 2509 3347 unita

505 3368 682 3427 solum
701 3369 756 3424 in
781 3367 1098 3437 accident03
1123 3368 1270 3444 quod
1295 3368 1495 3427 fulsum
1520 3372 1627 3427 est.

541 3456 898 3531 Respondeo
943 3456 1254 3523 dicendum,
1303 3456 1455 3531 quod
1488 3455 1788 3515 secundum
1832 3455 2143 3533 opinionem
2186 3462 2507 3533 secundam,

508 3559 674 3621 quem
711 3546 970 3619 Magister
1013 3546 1071 3601 in
1097 3560 1160 3603 vi
1185 3545 1317 3603 dist.
1345 3546 1422 3603 111
1445 3544 1570 3603 libri
1612 3546 2021 3606 Sententiarum
2046 3549 2224 3623 ponit,
2262 3566 2393 3625 quae
2428 3558 2513 3611 est

507 3636 812 3693 communis
851 3634 1036 3707 opinio
1061 3634 1466 3702 modernorum,
1497 3640 1553 3691 et
1605 3634 1729 3692 aliis
1756 3635 1928 3693 multo
1953 3636 2135 3695 verior
2162 3642 2221 3696 et
2240 3642 2507 3711 securior,

508 3724 566 3779 in
593 3723 808 3783 Christo
835 3728 920 3780 est
949 3738 1122 3781 unum
1158 3722 1499 3797 suppositum
1528 3728 1761 3791 tantum,
1786 3729 1844 3781 et
1866 3740 1975 3783 une
2002 3730 2217 3785 tentum
2243 3727 2514 3803 hyposta-

508 3813 608 3880 sis,
629 3814 857 3883 sicutet
881 3826 1116 3885 persone
1151 3826 1278 3869 una.
1313 3810 1545 3883 Oportet
1572 3827 1809 3886 nemque
1830 3828 1934 3872 nos
1958 3814 2261 3874 secundum
2298 3818 2515 3877 doctri·-

507 3913 637 3956 nam
654 3898 780 3955 fidei
802 3912 1002 3970 ponere
1023 3912 1190 3958 unam
1212 3912 1330 3959 rem
1351 3898 1743 3978 subsistentem
1759 3902 1817 3962 in
1832 3901 2049 3963 duabus
2068 3903 2301 3976 naturis,
2322 3906 2535 3969 divine.
