2800 4492
823 290 937 339 xu.
967 308 1046 322 —-
1075 292 1503 343 eunomianum
1546 296 1825 340 mortium
2211 278 2329 341 495

289 418 296 423 ·
391 408 680 477 Praeterea,
725 424 894 467 unum
943 425 1108 484 supra
1138 426 1234 467 ens
1277 426 1383 467 non
1427 412 1579 468 addit
1623 411 1827 487 aliquid
1859 410 2161 469 secundum
2187 428 2323 479 rem,

317 497 448 570 quia
473 498 554 553 sic
577 514 665 556 res
689 514 796 555 non
821 504 974 555 esset
996 516 1102 556 una
1126 516 1223 573 per
1251 516 1407 557 suam
1432 502 1747 557 essentiam.
1770 500 1938 558 Addit
1962 516 2091 573 ergo
2120 500 2325 575 aliquid

316 586 616 643 secundum
663 584 930 645 rationem
976 595 1207 645 tantum.
1251 589 1355 650 Sed
1398 590 1543 662 quod
1593 596 1677 645 est
1723 589 2019 646 secundum
2058 592 2325 647 rationem

320 684 552 744 tantum,
605 677 690 734 vel
735 686 819 735 est
859 680 1077 750 negatio
1125 677 1209 735 vel
1241 678 1455 735 relatio.
1499 680 1632 735 Cum
1662 696 1790 751 ergo
1830 694 1997 735 urium
2025 695 2188 752 supra
2230 696 2325 734 ens

319 781 422 821 non
449 765 615 823 addat
643 767 884 841 aliquam
914 768 1233 824 relationem
1277 769 1407 841 quia
1437 768 1505 825 ad
1548 768 1755 842 aliquid
1786 784 1891 825 non
1920 770 2140 837 dicitur,
2171 769 2326 824 vide-

320 861 408 908 tur
430 856 572 927 quod
600 855 768 912 addat
797 857 1164 929 negationem.

387 943 706 1015 Respondeo
735 944 1045 1014 dicendum,
1074 946 1217 1017 quod
1251 961 1417 1001 unum
1442 944 1589 1018 quod
1618 951 1704 1001 est
1738 945 2061 1018 principium
2093 946 2320 1014 numeri,

317 1031 384 1086 de
414 1032 740 1088 necessitate
770 1032 975 1105 aliquid
1007 1033 1238 1106 positive
1282 1033 1417 1089 dicit
1460 1035 1513 1090 in
1562 1049 1626 1089 eo
1656 1033 1743 1089 cui
1775 1034 2127 1103 attribuitur;
2172 1052 2319 1108 quia,

317 1134 440 1174 cum
478 1137 544 1175 ex
581 1113 884 1177 unitatibus
933 1137 1191 1177 numerus
1233 1124 1620 1188 constituatur,
1669 1122 1769 1179 nisi
1802 1122 1982 1178 unitas
2025 1138 2112 1177 res
2140 1122 2322 1195 aliqua

316 1214 478 1277 esset,
505 1226 759 1267 numerus
785 1226 872 1266 res
893 1226 1012 1267 esse
1037 1226 1141 1266 non
1169 1218 1370 1282 posset,
1401 1220 1457 1267 et
1482 1212 1561 1266 sic
1580 1226 1684 1267 non
1709 1217 1891 1283 posset
1914 1211 2037 1283 poni
2062 1212 2118 1266 in
2139 1212 2321 1284 aliquo

316 1314 511 1369 genere
551 1304 832 1371 tamquam
873 1299 1103 1371 species.
1153 1301 1207 1357 Si
1255 1315 1383 1371 ergo
1425 1316 1593 1355 uniam
1645 1300 1788 1373 quod
1833 1300 2322 1376 convertiturcum

315 1390 458 1452 ente,
501 1387 572 1444 sit
612 1388 758 1443 idem
802 1388 947 1460 quod
987 1404 1154 1443 uiuum
1189 1390 1330 1459 quod
1368 1395 1452 1443 est
1491 1390 1815 1461 principium
1844 1388 2074 1454 numeri,
2107 1395 2322 1461 oportet

312 1475 458 1546 quod
497 1476 662 1531 etiam
711 1492 876 1531 unum
918 1478 1064 1550 quod
1105 1478 1446 1533 convertitur
1486 1493 1610 1533 cum
1656 1484 1800 1547 ente,
1852 1477 2061 1550 aliquid
2090 1477 2321 1548 positive

311 1564 646 1635 superaddat
694 1564 807 1619 enti
857 1580 871 1618 z
918 1573 972 1621 et
1001 1564 1104 1626 hoc
1145 1566 1395 1621 concedit
1444 1567 1717 1622 Avicenna
1760 1581 1775 1621 τ
1819 1566 1960 1620 unde
2000 1565 2133 1629 vult,
2175 1565 2318 1637 quod

311 1668 478 1708 ιιηῑιιη
516 1652 661 1725 quod
703 1654 1041 1709 convertitur
1079 1670 1203 1709 cum
1231 1660 1376 1721 ente,
1412 1655 1579 1711 addat
1608 1670 1771 1727 supra
1800 1670 1895 1710 ens
1925 1653 2130 1727 aliquid
2175 1655 2329 1726 quod.

311 1741 379 1795 ad
411 1756 582 1811 genus
610 1757 880 1799 mensuras
917 1743 1204 1815 pertineat.
1237 1744 1340 1801 Sed
1369 1743 1469 1799 hoc
1500 1759 1602 1799 non
1634 1751 1814 1815 potest
1839 1759 1959 1799 esse
1992 1760 2005 1797 ε
2038 1736 2168 1816 quia
2193 1758 2318 1797 cum
2348 1753 2363 1762 “

291 1845 479 1907 αιιητιηι
509 1830 653 1901 quod
692 1831 1028 1886 convertitur
1056 1846 1181 1887 cum
1205 1840 1349 1898 ente,
1379 1832 1447 1887 de
1477 1831 1722 1905 qualibet
1751 1848 1807 1887 re
1834 1831 2069 1899 dicatur,
2106 1836 2319 1903 oportet

312 1916 456 1990 quod
484 1918 652 1974 ctiam
680 1917 772 1975 illa
802 1934 888 1973 res
924 1934 1092 1993 quam*
1119 1919 1272 1975 addit
1295 1923 1467 1993 supra‘
1488 1936 1602 1988 ens,
1632 1922 1706 1975 sit
1730 1936 1865 1996 unffi
1894 1928 1949 1975 et
1988 1920 2067 1975 sic
2102 1918 2183 1973 vel
2215 1919 2319 1974 erit

311 2021 418 2061 una
447 2022 540 2078 per
563 2006 804 2079 aliquam
832 2006 1098 2063 unitatem
1129 2008 1391 2075 additam,
1426 2016 1481 2063 et
1506 2009 1581 2065 ita
1612 2008 1717 2065 erit
1740 2024 2027 2081 processus
2052 2008 2109 2064 in
2132 2006 2320 2062 infini-

313 2104 457 2162 tum;
484 2093 568 2149 vel
606 2095 710 2150 erit
738 2110 845 2150 una
875 2111 972 2167 per
1007 2097 1300 2152 essentiam
1330 2112 1487 2153 suam
1520 2114 1533 2151 τ
1566 2097 1710 2169 quod
1742 2098 1785 2151 si
1816 2103 1917 2161 est,
1951 2096 2205 2152 standum
2235 2105 2318 2152 est

311 2184 364 2239 in
392 2184 586 2257 primo,
619 2189 680 2237 ut
721 2182 932 2238 scilicet
959 2198 1056 2239 ens
1086 2184 1263 2255 ipsum
1292 2185 1511 2241 dicatur
1548 2200 1714 2240 unum
1746 2202 1841 2257 per
1868 2185 2180 2253 essentiam,
2209 2200 2316 2241 non

312 2287 411 2343 per
431 2270 671 2344 aliquam
701 2286 814 2327 rem
847 2270 1109 2326 additam.
2094 2260 2100 2265 ’

379 2360 470 2416 Sic
504 2374 632 2431 ergo
671 2358 1084 2431 intelligendum
1120 2368 1203 2417 est
1241 2360 1541 2416 secundu‘m
1572 2360 1878 2432 opinionem
1916 2360 2224 2417 Aristotelis
2261 2370 2315 2418 et

309 2450 765 2505 Commentatoris
789 2449 924 2520 eJuS,
960 2448 1103 2521 quod
1137 2466 1305 2506 unum
1329 2450 1475 2523 quod
1505 2449 1842 2506 convertitur
1870 2464 1993 2504 cum
2032 2457 2174 2515 ente,
2209 2466 2313 2505 non

309 2537 628 2613 superaddit
649 2538 759 2593 enti
793 2554 906 2593 rem
933 2526 1192 2611 aliquam,
1221 2538 1316 2593 sed
1347 2538 1522 2593 solum
1548 2538 1890 2610 negationem
1916 2537 2233 2605 divisionis;
2260 2545 2314 2593 et

309 2625 390 2682 sic
413 2626 720 2698 hujusmodi
744 2642 929 2693 unum,
962 2634 1018 2684 et
1037 2628 1188 2697 ponit
1213 2626 1419 2700 aliquid
1452 2628 1504 2682 in
1536 2635 1802 2701 quantum
1828 2628 1882 2681 in
1911 2642 2009 2682 suo
2038 2626 2313 2683 intellectu

309 2714 537 2771 includit
570 2732 685 2783 ene,
719 2722 773 2771 et
803 2716 1005 2773 dicitur
1039 2716 1304 2771 remotive
1336 2725 1600 2789 quantum
1637 2717 1704 2773 ad
1736 2716 1789 2771 id
1822 2716 1966 2789 quod
1997 2716 2313 2789 superaddit
2376 2744 2379 2747 ⁴

309 2806 442 2859 enti.
495 2806 668 2862 Unum
706 2820 833 2884 vero
877 2805 1021 2878 quod
1050 2812 1133 2862 est
1181 2805 1507 2878 principium
1551 2806 1778 2871 numeri,
1812 2806 1958 2878 quod
1995 2806 2313 2877 superaddit

279 2894 422 2955 enti
451 2892 654 2966 aliquid
698 2893 766 2951 de
807 2908 1004 2965 genere
1046 2910 1331 2961 mensurae,
1366 2904 1421 2952 et
1464 2895 1715 2951 similiter
1761 2910 2017 2951 numerus
2045 2896 2201 2966 cujus
2228 2903 2312 2951 est

308 2981 652 3053 principium,
700 2981 1048 3039 inveniuntur
1086 2982 1139 3038 in
1169 2984 1332 3039 rebus
1377 2983 1702 3039 habentibus
1730 2983 2149 3049 dimensionem3
2183 2985 2311 3054 quia

308 3069 432 3125 talis
480 3084 737 3125 numerus
777 3078 1037 3127 causatur
1079 3087 1147 3127 ex
1182 3071 1451 3128 divisione
1496 3072 1769 3138 continui;
1815 3078 1870 3125 et
1910 3070 1998 3125 hic
2036 3085 2308 3136 numerus,

303 3156 516 3212 scilicet
539 3172 608 3213 ex
631 3156 896 3213 divisione
919 3159 1161 3215 continui
1187 3168 1467 3228 causatuS,
1496 3166 1577 3215 est
1598 3158 1901 3229 subjectum
1927 3156 2307 3219 arithmeticae.

305 3246 474 3301 etiam
532 3244 830 3301 secundum
874 3246 1227 3303 Avicennam.
1259 3246 1421 3303 Nulla
1460 3252 1641 3302 autem
1688 3246 1929 3303 conditio
1972 3246 2186 3319 propria
2234 3247 2311 3301 rei

304 3333 571 3406 corporali
603 3338 784 3405 potest
818 3333 926 3391 dici
965 3333 1033 3390 de
1074 3334 1206 3404 Deo,
1237 3339 1332 3389 aut
1360 3333 1429 3389 de
1460 3332 1641 3407 aliqua
1669 3333 1975 3391 substantia
2018 3334 2308 3407 spirituali.
2334 3324 2337 3327 ’

303 3422 457 3479 Unde
485 3422 782 3479 secundum
806 3422 924 3489 hoc,
951 3438 1119 3478 unum
1144 3430 1200 3479 et
1229 3438 1487 3479 numerus
1511 3438 1637 3497 quae
1660 3418 2008 3480 continentur
2034 3425 2085 3478 in
2111 3439 2310 3494 genere

305 3512 650 3585 quantitatiS,
690 3528 795 3568 non
825 3513 1080 3569 dicuntur
1110 3512 1177 3569 de
1215 3513 1330 3570 Deo
1363 3518 1419 3569 et
1450 3512 1518 3569 de
1556 3513 1677 3570 aliis
1704 3512 2311 3587 substantiis-incorpo-

305 3600 430 3667 reis,
473 3601 566 3657 sed
595 3600 772 3657 solum
813 3618 980 3659 unum
1023 3603 1169 3674 quod
1210 3604 1547 3661 convertitur
1588 3618 1711 3659 cum
1740 3610 1884 3667 ente,
1916 3607 1971 3655 et
2017 3599 2309 3656 multitudo

304 3687 354 3742 ei
397 3687 644 3762 opposita
691 3706 703 3743 :
745 3695 800 3744 et
837 3690 961 3746 ideo
986 3688 1170 3747 unitas
1197 3690 1250 3746 in
1279 3690 1481 3747 divinis
1523 3704 1631 3745 non
1658 3688 1857 3745 dicitur
1887 3686 1990 3743 nisi
2021 3686 2303 3753 remotive,

305 3785 568 3849 quantum
603 3777 670 3832 ad
703 3777 754 3833 id
785 3776 929 3851 quod
957 3779 1278 3854 superaddit
1299 3779 1448 3846 enti3
1476 3777 1729 3850 quamvis
1757 3781 1923 3849 ponat
1951 3774 2176 3849 aliquid,
2216 3790 2307 3832 sc·-

303 3865 542 3923 cundum
566 3865 712 3941 quod
739 3866 969 3923 includit
995 3882 1092 3924 ens
1125 3885 1137 3923 ε
1170 3875 1255 3923 est
1277 3867 1426 3925 enim
1446 3858 1632 3932 antem,
1664 3880 1760 3921 ens
1787 3863 2101 3922 indivisum.
