2800 4492
538 340 618 398 42
799 422 806 431 ι
1015 356 1066 401 s,
1112 358 1346 402 monne
1386 356 1715 410 notumne
1756 355 2069 403 opuscum

541 472 690 545 quod
713 472 869 529 adest
893 480 948 529 et
979 472 1132 533 abest
1152 480 1353 548 praeter
1376 473 1610 547 subjecti
1637 474 2043 547 corruptionem
2067 489 2092 529 :-
2113 473 2237 532 ideo
2266 474 2397 532 huic
2427 492 2558 533 res-

542 561 789 633 ponsioni
819 561 1006 620 obviat
1043 562 1250 629 dicenS,
1280 563 1427 636 quod
1470 561 1723 635 quamvis
1762 562 1945 619 omnia
1990 563 2294 620 accidentia
2335 566 2555 638 possint

541 650 736 706 saltem
773 651 960 707 animo
990 650 1252 723 separari,
1281 656 1464 707 tamen
1494 650 1725 723 alicujus
1756 650 2057 709 accidentis
2082 652 2375 709 diversitas
2401 654 2555 710 nullo

544 738 706 807 modo
739 742 919 811 potest
956 740 1122 799 etiam
1150 740 1332 795 animo
1371 756 1402 797 a
1441 740 1673 797 diversis
1710 739 2006 797 individuis
2052 741 2316 814 separari,
2338 742 2556 801 scilicet

545 826 836 884 diversitas
881 828 1144 885 locorum.
1178 829 1300 886 Duo
1350 828 1499 885 >enim
1558 828 1843 885 individua
1884 844 1991 885 non
2040 837 2267 903 possunt
2322 846 2444 887 esse
2494 832 2555 887 in
2628 847 2635 852 ·

545 916 738 972 eodem
766 916 884 974 loco
926 933 1026 975 nec
1051 917 1353 974 secundum
1381 928 1517 985 rem,
1546 932 1647 974 nec
1692 917 1994 974 secundum
2042 918 2208 975 animi
2249 919 2551 988 fictionem,

545 1005 674 1078 quia
696 1005 801 1063 hoc
825 1021 926 1062 nec
947 1005 1197 1077 intelligi,
1229 1020 1332 1061 nec
1355 1006 1644 1079 imaginari
1672 1000 1873 1080 potest.
1898 1007 2055 1064 Unde
2091 1006 2369 1064 concludit
2403 1009 2558 1081 quod

547 1108 614 1147 ex
651 1093 755 1150 hoc
787 1100 916 1151 sunt
953 1094 1121 1167 aliqui
1161 1094 1408 1151 homines
1451 1095 1631 1168 plures
1670 1095 2082 1169 numero‚·quod
2118 1102 2246 1152 sunt
2292 1097 2559 1153 acciden-

549 1181 695 1238 tibus
719 1182 918 1255 plureS,
941 1182 1007 1239 id
1037 1189 1120 1239 est
1147 1182 1368 1253 diversi,
1401 1190 1459 1239 et
1498 1183 1554 1240 in
1582 1183 1685 1240 hoc
1714 1184 2039 1243 terminatur
2074 1185 2347 1244 sententia
2389 1187 2558 1259 hujus

547 1270 741 1344 partis,
1160 1277 1166 1284 '
2564 1282 2567 1285 ’

1297 1444 1696 1525 QUAESTIO
1752 1444 1847 1512 III

746 1622 826 1669 DE
867 1622 966 1669 ms
1007 1622 1154 1673 QUAE
1193 1622 1543 1667 PERTINENT
1581 1623 1663 1665 An
1706 1620 2119 1667 coenrrtonmu
2160 1620 2349 1668 nolu.

621 1753 723 1810 Hic
750 1761 833 1811 est
865 1754 1064 1827 duplex
1093 1755 1346 1829 quaestio'.
1375 1750 1556 1811 Prima
1597 1754 1665 1811 de
1700 1754 1785 1810 hie
1825 1768 1953 1833 quae
1993 1754 2271 1827 pertinent
2316 1754 2384 1811 ad
2430 1755 2556 1811 fidei

553 1841 990 1901 communionem
1018 1858 1032 1901 ε
1063 1844 1320 1912 secunda,
1353 1843 1421 1899 de
1448 1842 1533 1899 his
1562 1859 1690 1917 quae.
1711 1843 1985 1916 pertinent
2010 1842 2081 1900 ad
2108 1858 2332 1901 causam
2363 1843 2558 1917 plura-

555 1925 747 1984 litatis.

624 2017 781 2075 Circa
804 2017 1039 2091 primum
1069 2026 1382 2092 quaerentur
1412 2026 1669 2093 quatuor.

622 2106 822 2181 Prim0.
849 2108 1042 2168 Utrum
1066 2108 1303 2166 humano
1331 2108 1518 2181 generi
1542 2108 1615 2163 sit
1636 2101 1772 2163 fides
1796 2102 2127 2164 necessaria.

621 2194 888 2252 Secundo.
918 2195 1199 2267 Quomodo
1227 2212 1286 2253 se
1311 2196 1474 2253 habet
1502 2196 1637 2253 fides
1662 2196 1731 2253 ad
1754 2184 2092 2268 religionem.

622 2283 827 2341 Tertio.
859 2286 1051 2345 Utrum
1075 2285 1461 2344 convenienter
1490 2300 1619 2342 vera
1647 2284 1784 2341 fides
1807 2284 2098 2355 catholica,
2115 2284 2204 2342 vel
2232 2282 2563 2343 universalis

463 2400 466 2403 ⁴
555 2373 884 2431 nominetur.

623 2462 1055 2531 Quart0.Utrum
1079 2462 1198 2521 haec
1213 2464 1286 2521 sit
1313 2479 1461 2521 verae
1481 2462 1610 2521 fidei
1639 2461 1926 2531 confessiO,
1948 2461 2093 2535 quod
2119 2462 2279 2518 Pater
2304 2468 2362 2518 et
2386 2462 2561 2519 Filius

553 2556 608 2607 et
651 2550 888 2624 Spiritus
931 2552 1165 2610 Sanctus
1203 2552 1452 2625 singulus
1498 2557 1583 2609 est
1622 2553 1785 2622 Deus,
1817 2556 1875 2609 et
1909 2556 2021 2609 tres
2055 2558 2185 2637 sunt
2224 2566 2366 2609 unus
2411 2553 2561 2609 Deus

554 2639 760 2714 absque
787 2642 933 2697 omni
973 2640 1368 2715 inaequalitatis
1394 2640 1680 2699 distantia.

1265 2836 1721 2911 ARTIGULUS
1782 2838 1835 2900 I.

863 2987 1083 3053 Utrum
1109 2960 1366 3053 humano
1387 2986 1593 3069 ymeri
1610 2988 1759 3068 fides
1785 2985 1871 3074 eit
1896 2987 2252 3053 necessaria.

625 3139 708 3197 Ad
733 3138 966 3212 primum
993 3140 1074 3199 sic
1103 3139 1435 3211 proceditur.
1462 3141 1517 3197 ⁴.
1541 3140 1770 3199 Videtur
1794 3140 1939 3213 quod
1970 3156 2076 3195 non
2100 3138 2264 3196 fuerit
2298 3154 2564 3196 necessa·-

553 3229 696 3286 rium
721 3228 960 3286 humano
994 3228 1180 3301 generi
1222 3230 1384 3286 fidem
1424 3229 1645 3287 habere.
1675 3230 1748 3286 Ut
1788 3229 1934 3284 enim
1980 3228 2181 3284 dicitur
2214 3228 2424 3285 EccleS.
2458 3242 2559 3284 vt:

555 3318 696 3384 Quid
713 3333 908 3374 necesse
935 3324 1011 3375 est
1038 3318 1240 3375 homtm
1265 3334 1478 3393 majora
1508 3335 1561 3375 se
1588 3319 1871 3391 quaerere?
1890 3318 2049 3390 quasi
2072 3317 2221 3373 dicat
2251 3316 2387 3372 nihil
2420 3333 2435 3372 ε
2462 3316 2564 3372 sed

553 3422 618 3464 ea
647 3395 770 3480 quae
794 3406 900 3462 fide
929 3407 1242 3477 creduntur,
1265 3410 1474 3480 majora
1504 3412 1631 3464 sunt
1654 3406 1893 3473 homine,
1923 3410 2113 3478 utpote
2140 3405 2412 3462 rationem
2439 3406 2563 3475 ejus

553 3496 906 3565 excedentia3
952 3496 1087 3554 alias
1141 3498 1209 3554 ad
1265 3513 1330 3553 ea
1383 3496 1764 3575 cognoscenda
1808 3494 2081 3551 sufficeret
2132 3495 2275 3551 ratio
2324 3508 2563 3550 causans

553 3586 869 3654 scientiam,
909 3602 1010 3643 nec
1050 3586 1426 3660 requireretur
1470 3585 1607 3641 fides
1639 3601 1654 3641 z
1691 3600 1822 3657 ergo
1871 3600 1981 3640 non
2031 3584 2136 3641 fuit
2184 3582 2564 3641 necessarium

551 3674 779 3741 homini,
805 3682 866 3731 ut
888 3690 954 3733 ea
983 3690 1108 3749 quae
1131 3680 1258 3731 sunt
1284 3673 1433 3742 fidei,
1462 3682 1618 3731 extra
1642 3672 1952 3731 doceretur.

623 3772 676 3825 2.
707 3767 864 3833 Item,
905 3773 1158 3822 naturam
1202 3764 1498 3821 humanam
1539 3766 1685 3822 Deus
1726 3764 1782 3823 in
1822 3780 1923 3823 sua
1960 3764 2273 3821 conditione
2318 3763 2564 3835 perfecte

556 3855 811 3919 instituit,
845 3856 1008 3909 Deut.
1039 3868 1211 3910 xxxu
1241 3871 1254 3908 t
1287 3854 1388 3909 Dei
1413 3854 1657 3927 perfecta
1676 3862 1803 3913 sunt
1825 3869 2027 3927 opera:
2054 3846 2153 3909 sed
2198 3868 2266 3912 ex
2306 3851 2393 3918 his
2434 3868 2567 3925 quae

558 3944 726 4003 menti
761 3941 1110 4005 humanae-in
1146 3958 1248 4003 sua
1278 3943 1590 4009 conditione
1633 3949 1761 4007 sunt
1788 3942 1994 4014 indita,
2021 3957 2131 4004 non
2172 3948 2355 4021 potest
2394 3940 2567 4002 homo
