2800 4492
559 293 718 369 480.
1034 305 1089 354 s.
1129 270 1370 351 raom
1408 301 1740 353 sommus
1779 300 2098 377 opusc-ua

561 423 774 499 Angeli,
803 423 1017 483 ratione
1039 436 1274 496 quarum
1312 418 1517 477 dicitur
1550 418 1761 476 moveri
1788 433 1887 491 per
1912 416 2131 475 diversa
2169 417 2313 489 loca,
2342 434 2463 476 non
2504 426 2608 478 est

562 516 804 577 invenire
855 512 1096 587 aliquam
1139 510 1581 575 continuitatem,
1631 507 1728 564 sed
1778 514 2182 581 consequenter
2216 502 2287 566 'se
2343 508 2601 578 habent;

563 604 706 659 unde
735 608 791 657 et
820 614 982 664 nunc,
1021 612 1146 670 quae
1177 592 1495 653 mensurant
1524 600 1734 651 motum
1776 592 1991 667 Angeli,
2022 596 2153 655 sunt
2179 602 2608 668 consequenter

561 707 620 748 se
643 688 919 756 habentia,
951 694 1008 743 et
1039 700 1141 743 non
1169 692 1254 741 est
1277 685 1424 741 inter
1449 697 1515 739 ea
1543 682 1750 756 aliquid
1776 684 2135 753 continuans3
2163 690 2221 740 et
2246 684 2363 756 ipsa
2388 684 2603 757 plura-—

563 764 688 835 litas
717 778 797 833 sic
822 786 883 832 'se
923 773 1375 849 consequentium
1408 776 1494 828 est
1535 770 1812 844 quoddam
1846 777 2081 844 tempus,
2116 772 2169 827 in
2194 786 2303 847 quo
2344 770 2597 831 dicimus

561 864 829 938 Angelum
871 862 1110 930 moveri;
1165 868 1221 918 et
1265 860 1368 917 huc
1407 866 1675 917 consonat
1734 858 1900 916 dictis
1938 858 2273 933 Philosophi,
2310 861 2403 918 ubi
2444 862 2593 919 dicit

563 953 708 1027 quod
747 953 977 1029 ejusdem
1004 949 1237 1009 rationis
1264 956 1339 1007 est
1367 947 1693 1007 indivisibile
1731 947 1958 1016 moveri,
1996 954 2047 1005 et
2093 955 2300 1023 tempus
2342 952 2594 1025 componi

563 1058 629 1097 ex
655 1059 816 1099 nunc.

631 1132 715 1187 Ad
753 1130 989 1205 primum
1033 1143 1166 1202 ergo
1207 1126 1519 1194 dicendum,
1574 1124 1724 1200 quod
1768 1141 1877 1183 non
1921 1126 2223 1199 requiritur
2262 1133 2485 1201 tempus
2525 1130 2585 1187 in

541 1228 716 1276 -motu
747 1218 936 1292 Angeli
964 1223 1187 1291 propter
1213 1216 1555 1279 distantiam.
1598 1213 1693 1271 sed
1725 1223 1949 1287 propter
1978 1214 2434 1273 incontinentiam
2464 1224 2587 1275 ter-

567 1310 1036 1383 minorum3qu1a
1079 1304 1292 1363 scilicet
1331 1321 1441 1363 non
1469 1304 1738 1377 contingit
1784 1302 2056 1376 Angelum
2101 1320 2222 1362 esse
2268 1304 2325 1363 in
2366 1307 2585 1365 duobus

566 1398 700 1471 locis
727 1397 914 1455 simul.
1736 1464 1744 1471 ⁸

634 1485 717 1541 Ad
743 1483 1043 1541 secundum
1081 1480 1393 1548 dicendum,
1426 1478 1575 1555 quod
1615 1479 1891 1537 successio
1915 1487 2099 1536 motus
2136 1494 2243 1537 non
2284 1480 2469 1539 solum
2493 1499 2582 1540 se-

563 1576 752 1648 quitur
793 1574 1116 1630 divisionem
1159 1570 1392 1636 mobiliS,
1451 1569 1549 1626 sed
1591 1569 1759 1625 etiam
1806 1570 1926 1641 ejus
1969 1586 2135 1643 super
2186 1571 2337 1644 quod
2384 1577 2584 1631 transit

567 1672 746 1737 motus
774 1680 788 1718 ε
814 1663 947 1736 quia
971 1657 1267 1727 secundum
1295 1659 1448 1731 prius
1474 1664 1531 1713 et
1553 1659 1825 1730 posterius
1850 1658 1903 1713 in
1928 1658 2305 1730 magnitudine
2326 1672 2412 1719 est
2433 1665 2584 1735 prius

564 1758 622 1809 et
658 1752 928 1826 posterius
968 1751 1023 1807 in
1071 1757 1241 1815 motu,
1275 1754 1336 1804 ut
1369 1746 1576 1805 dicitur
1610 1748 1666 1804 in
1697 1761 1757 1805 tv
1797 1746 2013 1821 Physic.
2051 1752 2207 1819 (text.
2251 1764 2400 1807 com.
2440 1754 2579 1825 ⁴04).

563 1842 717 1898 Licet
751 1854 882 1911 ergo
925 1838 1166 1910 Angelus
1195 1837 1268 1894 sit
1310 1822 1680 1904 indivisibilis,
1726 1843 1909 1893 tamen
1953 1834 2071 1893 loca
2110 1838 2417 1899 secundum
2460 1859 2582 1914 quae

565 1928 768 1983 moveri
811 1926 1034 1991 dicitur,
1078 1930 1206 1981 sunt
1233 1924 1414 1982 divisa
1440 1924 1513 1999 ad
1542 1924 1808 1995 invicem3
1846 1930 1904 1981 et
1933 1924 2056 1983 ideo
2083 1934 2301 1999 oportet
2342 1929 2399 1985 in
2431 1938 2581 1988 motu

564 2016 683 2088 ejus
709 2013 937 2086 intelligi
970 2013 1210 2086 aliquam
1236 2012 1587 2071 divisionem.
1642 2056 1649 2063 -

635 2104 717 2161 Ad
766 2104 987 2160 tertium
1035 2102 1347 2172 dicendum,
1392 2100 1542 2176 quod
1580 2100 1834 2177 quamvis
1879 2116 1990 2158 non
2041 2102 2309 2169 impediat
2373 2106 2581 2184 aliquid

566 2189 786 2265 plenum
813 2190 1078 2261 Angelum
1098 2191 1153 2247 in
1178 2205 1278 2247 suo
1307 2196 1479 2257 motu,
1501 2197 1683 2247 tamen
1707 2196 1928 2265 propter
1947 2191 2215 2248 rationem
2236 2195 2354 2266 jem
2376 2195 2580 2255 dictam

566 2289 781 2354 oportet
805 2280 860 2336 in
880 2286 1029 2337 motu
1054 2280 1173 2353 ejus
1193 2278 1423 2351 intelligi
1449 2275 1668 2335 diversa
1691 2296 1854 2335 nunc.
1878 2279 2041 2336 Ratio
2059 2288 2244 2337 autem
2268 2282 2578 2360 Philosophi

567 2378 652 2427 est
679 2369 855 2441 magis
891 2370 1095 2425 ducens
1123 2368 1194 2425 ad
1223 2367 1560 2442 impossihile
1596 2383 1762 2441 quam
1793 2369 2091 2437 ostensiva,
2136 2378 2195 2427 ut
2225 2370 2579 2434 Commenta-

569 2464 674 2528 tor,
703 2458 924 2527 ibidem,
956 2456 1113 2514 dicit.

1268 2631 1727 2695 ARTIGULUS
1788 2630 1873 2695 X.

581 2762 802 2833 Utrum
819 2764 1048 2845 Anyeli
1084 2766 1328 2844 possint
1369 2780 1546 2845 apere
1586 2764 1656 2828 in
1694 2763 1819 2828 Itaeo
1858 2782 2111 2845 corpora
2150 2766 2473 2846 iuferiora.
2504 2806 2581 2823 -

633 2855 693 2935 (1
715 2858 915 2937 part„
937 2858 1149 2933 quest.
1179 2854 1318 2927 110,
1349 2858 1474 2915 art.
1499 2854 1561 2928 2,
1583 2855 1653 2930 33
1676 2858 1736 2917 et
1750 2855 1812 2929 2,
1833 2854 1981 2917 dist.
2002 2856 2065 2929 8,
2092 2862 2215 2919 art.
2239 2859 2300 2933 5,
2326 2862 2519 2942 corp.)

639 2983 795 3043 Circa
820 2984 1071 3059 quintum
1094 2983 1175 3040 sic
1202 2984 1537 3057 proceditur.
1567 2984 1623 3041 i.
1654 2984 1884 3042 Videtur
1908 2985 2054 3059 quod
2095 2988 2286 3061 Angeli
2320 3006 2429 3048 non
2454 3008 2578 3066 pos-

569 3075 679 3131 sint
708 3089 870 3147 agere
910 3072 966 3129 in
1012 3071 1131 3130 haec
1170 3086 1400 3145 corpora
1439 3071 1718 3129 inferiora.
1751 3071 1911 3131 Actio
1944 3075 2089 3131 enim
2128 3091 2235 3133 non
2264 3087 2451 3150 potest
2482 3079 2580 3137 nisi

568 3164 712 3220 inter
731 3179 796 3220 ea
822 3178 947 3236 quae
975 3161 1176 3217 habent
1201 3160 1443 3234 aliquam
1476 3162 1912 3222 convenientiam
1942 3162 2010 3219 ad
2042 3163 2297 3223 invicem.
2330 3168 2439 3225 Sed
2472 3172 2579 3226 An-

570 3250 722 3321 gelus
768 3266 874 3307 non
920 3249 1084 3307 habet
1112 3250 1551 3308 convenientiam
1597 3266 1724 3307 cum
1766 3252 1888 3307 istis
1915 3253 2269 3326 corporibus3
2300 3271 2428 3315 cum
2455 3274 2580 3315 cor·

571 3333 910 3409 rup‘tibilium
934 3342 991 3392 et
1023 3335 1517 3409 incorruptibilium
1546 3338 1714 3395 etiam
1742 3355 1913 3411 genus
1941 3355 2047 3396 non
2076 3341 2149 3397 sit
2176 3359 2365 3414 unum,
2398 3351 2463 3401 ut
2494 3345 2581 3401 di-

571 3424 715 3483 citur
743 3424 798 3480 in
831 3439 873 3482 x
911 3424 1217 3497 Metaphys.
1246 3426 1401 3496 (text.
1433 3441 1633 3483 comm.
1665 3428 1771 3493 26).
1802 3426 1944 3499 Ergo
1987 3429 2181 3503 Angeli
2222 3431 2277 3487 in
2306 3433 2428 3490 haec
2456 3450 2583 3491 cor-

572 3529 707 3588 pora
735 3518 841 3569 non
873 3519 1096 3588 possunt
1122 3528 1304 3585 agere.

642 3608 694 3661 2.
730 3605 1021 3668 Praeterea,
1053 3602 1098 3657 si
1133 3608 1302 3673 agunt
1334 3600 1529 3674 Angeli
1564 3602 1620 3659 in
1666 3602 1785 3661 liaec
1825 3620 2085 3679 corpora3
2113 3615 2209 3664 aut
2255 3614 2427 3683 agunt
2480 3628 2582 3685 per

572 3693 880 3765 imperium,
904 3699 1001 3748 aut
1045 3708 1138 3763 per
1184 3690 1471 3763 influxum.
1499 3691 1555 3747 Si
1606 3708 1703 3765 per
1742 3694 2053 3767 imperium,
2095 3697 2385 3769 aequaliter
2422 3714 2583 3770 agere

575 3786 803 3853 possunt
835 3780 889 3836 in
931 3780 1236 3853 propinqua
1272 3786 1330 3835 et
1371 3778 1427 3833 in
1457 3778 1751 3851 distantia;
1778 3781 1925 3854 quod
1952 3789 2036 3840 est
2060 3792 2251 3841 contra
2281 3786 2585 3845 Damasce-

577 3882 727 3936 num,
755 3865 851 3940 qui
897 3868 1050 3935 dicit,
1078 3865 1224 3939 quod
1272 3865 1364 3924 ubi
1412 3876 1726 3940 operantur,
1752 3868 1829 3927 ibi
1876 3878 2025 3929 sunt.
2064 3871 2123 3931 Si
2168 3888 2301 3933 vero
2350 3891 2451 3952 per
2494 3878 2586 3933 in-
