2800 4492
617 350 740 418 548
1099 372 1152 423 e.
1197 372 1430 418 moiun
1470 374 1798 425 nouimus
1841 371 2147 420 oeusoum.

619 488 766 547 nitas
810 484 944 549 saci't
973 505 1112 561 esse,
1159 490 1370 549 scilicet
1415 492 1651 560 Patrem,
1680 488 1781 566 qui
1824 498 1908 548 est
1944 490 2193 551 divinum
2232 506 2367 561 esse,
2401 495 2454 550 et
2481 484 2576 545 faci

619 584 836 639 tantum
865 596 1033 639 unum
1055 595 1197 649 esse,
1227 580 1284 637 in
1307 586 1577 653 quantum
1602 580 1905 657 paternitas
1934 580 2066 638 facit
2088 592 2229 638 esse.

1254 854 1260 859 ,
1355 775 1755 857 QUAESTIO
1808 776 1897 847 ΙΙ.

690 928 902 995 Deinde
927 934 1333 1012 quaesitumest
1360 933 1431 995 de
1459 933 1848 1009 potentiaDei.
1900 960 1904 965 ’

1322 1112 1781 1175 ARTIGULUS,
1842 1092 1949 1175 ΗΓ
2040 1062 2045 1065 ’

687 1246 907 1313 Utrum
932 1246 1100 1310 Deus
1116 1243 1320 1326 possit
1339 1246 1537 1322 facere
1557 1240 2033 1306 contradictoria
2056 1258 2177 1307 esse
2200 1241 2377 1307 simul
2394 1260 2533 1316 vera,

1177 1338 1236 1397 et
1261 1334 1510 1412 infinita
1538 1350 1657 1396 esse
1689 1332 1877 1395 simul
1906 1336 2073 1396 actu.

671 1468 759 1527 1Et
787 1467 981 1542 prmo,
1009 1474 1191 1524 utrum
1217 1467 1364 1523 Deus
1388 1466 1561 1539 possit
1588 1465 1771 1523 facere
1806 1465 2236 1524 contradictoria
2276 1463 2425 1524 simul
2446 1479 2577 1534 esse;

623 1564 686 1618 2⁰
713 1567 896 1615 utrum
924 1557 1095 1631 possit
1124 1557 1306 1613 facere
1333 1554 1544 1611 infinita
1571 1555 1625 1611 in
1653 1561 1801 1611 actu.

627 1639 634 1649 '
692 1638 774 1704 A'd
803 1638 1038 1718 primuin
1067 1659 1195 1717 ergo
1225 1644 1537 1713 dicendum,
1564 1643 1709 1717 quod
1741 1642 1892 1699 non't
1922 1642 1979 1699 et
2020 1638 2123 1699 h'oc
2150 1658 2258 1699 non
2288 1638 2523 1715 importat
2544 1642 2586 1697 in

619 1738 735 1793 Deo
766 1735 1230 1808 imperfectionem
1261 1734 1556 1806 potentiae3
1582 1726 1685 1789 'sed
1728 1732 1859 1805 quia
1894 1732 1996 1788 hoc
2034 1748 2139 1787 non
2166 1732 2329 1788 habet
2356 1733 2587 1787 rationem

621 1823 914 1897 possibilis,
947 1825 1087 1879 Nam
1131 1824 1306 1879 omnis
1344 1823 1520 1878 virtus
1558 1822 1741 1878 activa
1779 1821 2029 1894 producit
2060 1822 2312 1877 effectum
2335 1822 2429 1877 sibi
2456 1821 2587 1877 simi-

621 1912 749 1967 lem.
783 1910 956 1967 Omne
985 1921 1168 1967 autem
1197 1912 1342 1985 quod
1385 1912 1518 1981 agit,
1547 1911 1661 1981 agit
1700 1911 1754 1965 in
1781 1916 2044 1983 quantum
2072 1918 2157 1966 est
2179 1928 2276 1966 ens
2306 1918 2443 1967 actu.
2468 1910 2585 1981 Ergo

622 2001 849 2055 effectus
879 2000 1091 2071 agentis
1119 2006 1202 2054 est
1232 2014 1328 2054 ens
1354 1990 1503 2055 actu.
1532 1998 1810 2072 Quidquid
1840 2015 1969 2070 ergo
1997 2006 2268 2073 repugnat
2296 2001 2343 2055 ei
2370 1999 2497 2073 quod
2518 2005 2585 2053 est

621 2105 743 2145 esse
771 2099 918 2156 actu,
951 2097 1218 2163 repugnat
1247 2087 1509 2163 potentiae
1534 2089 1731 2144 activae
1764 2104 1779 2143 z
1807 2087 1951 2161 quod
1982 2095 2148 2157 esset,
2181 2088 2229 2144 si
2255 2088 2584 2146 contradicto·

621 2179 706 2234 ria
735 2177 896 2233 simul
927 2185 1130 2234 essent.
1312 2231 1316 2234 .
2402 2241 2415 2251 .

693 2268 776 2323 Ad
809 2267 1106 2343 secundum
1133 2266 1445 2335 dicendum,
1468 2265 1613 2339 quod
1638 2281 1753 2323 esse
1772 2264 1981 2339 aliquid
1997 2265 2271 2323 infinitum
2291 2272 2412 2324 actu
2436 2270 2584 2341 posset

599 2356 890 2431 „suspicari
920 2372 985 2412 ex
1016 2356 1192 2428 primo
1229 2363 1457 2427 aspectu
1486 2355 1630 2426 quod
1670 2362 1815 2411 esset
1858 2354 2192 2427 impossibile
2225 2373 2239 2413 :
2272 2357 2397 2429 quia
2420 2372 2584 2429 seque-

623 2454 775 2500 retur
802 2444 933 2500 illud
965 2460 1084 2500 esse
1104 2441 1316 2517 aequale
1345 2443 1479 2498 Deo.
1512 2442 1619 2499 Sed
1659 2442 1763 2499 hoc
1788 2459 1895 2499 non
1923 2446 2173 2517 sequitur
2206 2461 2220 2499 z
2252 2446 2379 2518 quia
2406 2446 2448 2501 ei
2470 2442 2588 2518 quod

512 2558 518 2565 ·
623 2537 710 2589 est
736 2532 1007 2589 infinitum
1037 2532 1307 2587 omnibus·
1327 2530 1533 2598 modis,·
1554 2546 1664 2587 nen
1706 2531 2031 2605 edaequatur
2059 2532 2194 2589 illud
2217 2534 2361 2607 quod
2388 2539 2464 2590 est
2487 2533 2592 2588 iufi-

603 2623 800 2677 .nitum
833 2636 939 2675 uno
969 2620 1148 2675 mode.
1182 2620 1324 2675 Dato
1349 2620 1495 2675 enim
1526 2622 1668 2693 quod
1700 2628 1845 2677 esset
1875 2620 2015 2693 ignis
2051 2622 2296 2679 infinitus
2331 2622 2593 2679 secundum

624 2710 1078 2781 magnitudinem,
1109 2724 1216 2764 non
1246 2707 1631 2780 adaequabitur
1660 2709 1772 2764 Deo
1802 2710 1963 2781 :quia
1989 2711 2091 2766 etsi
2118 2712 2191 2766 sit
2220 2711 2455 2769 infinitus
2478 2711 2595 2782 ignis

593 2798 680 2854 ,in
705 2797 1034 2869 quantitate,
1063 2806 1246 2852 tamen
1285 2804 1369 2854 est
1399 2797 1532 2870 quid
1579 2797 1793 2853 finitum
1819 2795 2037 2871 specie;
2065 2800 2210 2855 Deus
2237 2807 2417 2857 autem
2443 2799 2599 2857 omni-

595 2884 726 2942 ·bus
752 2883 928 2938 modis
967 2890 1054 2939 est.
1099 2884 1365 2940 infinitus.
1391 2886 1529 2941 Cum
1576 2901 1705 2957 ergo
1744 2886 2009 2957 quaeritur
2041 2896 2226 2945 utrum
2261 2890 2335 2945 sit
2368 2888 2600 2963 possibile

621 2974 738 3035 Deo
759 2973 938 3047 facere
965 2972 1174 3049 aliquid
1203 2972 1477 3029 infinitum
1511 2974 1567 3027 in
1592 2981 1743 3042 actu,
1768 2975 2063 3033 dicendum
2091 2978 2237 3050 quod
2269 2995 2393 3034 non.
2423 2980 2602 3039 Poten-

623 3066 720 3125 tiae
762 3065 907 3121 enim
947 3064 1162 3137 agentis
1205 3080 1301 3136 per-
1344 3062 1683 3127 inteilectum
1722 3064 1930 3138 aliquid
1971 3074 2243 3139 repugnat
2278 3068 2555 3140 dupliciter
2590 3081 2603 3125 ε

624 3167 733 3210 uno
758 3152 1076 3226 modoquia
1111 3156 1378 3224 repugnat
1398 3151 1674 3229 potentiae
1702 3151 1848 3223 ejus3
1876 3151 1982 3208 atio
2009 3154 2169 3209 modo
2204 3155 2333 3226 quia
2367 3159 2607 3227 repugnat

622 3243 885 3315 potentiae
908 3242 1006 3295 Dei
1033 3238 1320 3317 absolutae2
1351 3238 1483 3314 quia
1510 3255 1616 3295 non
1644 3240 1885 3310 implicat
1906 3241 2419 3299 contradictionem.
2448 3245 2545 3299 Sed
2568 3244 2607 3298 si

623 3328 1000 3387 consideretur
1028 3330 1224 3387 modus
1255 3344 1364 3402 quo
1407 3330 1553 3384 Deus
1593 3329 1727 3401 egit,
1760 3345 1867 3385 non
1893 3337 1976 3386 est
2007 3314 2285 3403 possibile.
2312 3332 2457 3387 Deus
2482 3334 2610 3389 enim

624 3418 741 3491 egit
759 3416 1218 3492 per-intellectum
1237 3422 1293 3476 et
1314 3434 1411 3489 per
1432 3416 1685 3484 Verbum,
1706 3418 1852 3491 quod
1877 3426 1961 3475 est
1982 3418 2335 3477 formativum
2354 3422 2610 3491 omnIum3

594 3508 768 3565 .unde
796 3511 1013 3580 oportet
1036 3506 1182 3579 quod
1207 3506 1391 3564 omnia
1420 3522 1547 3580 quae
1570 3508 1708 3579 egit,
1732 3505 1844 3563 sint
1870 3505 2127 3565 formata.
2153 3508 2429 3567 Infinitum
2449 3521 2614 3570 autem

623 3598 896 3671 accipitur
928 3596 1073 3655 sicut
1112 3596 1343 3653 materia
1376 3596 1495 3652 siue
1537 3596 1745 3665 forma3
1792 3612 1919 3655 nam
1958 3596 2233 3669 infinitum
2270 3615 2331 3655 se
2373 3609 2521 3658 tenet
2562 3619 2619 3661 ex

622 3698 781 3761 parte
825 3686 1092 3745 materiae.
1121 3687 1174 3745 Si
1219 3701 1353 3759 ergo·
1390 3685 1539 3745 Deus
1566 3684 1673 3744 hoo
1714 3694 1925 3759 egeret,
1951 3697 2277 3765 sequeretur
2325 3690 2471 3764 quod
2502 3708 2617 3767 opus

621 3774 723 3832 Dei
754 3792 874 3833 esse
897 3776 1108 3851 aliquid
1153 3774 1419 3845 informe.;
1450 3780 1509 3833 et
1554 3775 1675 3832 hoc.
1698 3783 1967 3849 repugnat
2012 3777 2063 3833 ei
2106 3793 2204 3854 per
2235 3779 2387 3850 quod
2422 3782 2551 3851 agit,
2574 3791 2616 3839 et

621 3864 790 3923 modo
829 3865 1064 3937 egendig
1109 3864 1240 3939 quia
1287 3880 1382 3939 per
1424 3863 1665 3925 Verbum
1703 3880 1865 3927 suum
1906 3866 2089 3925 omnia
2121 3864 2415 3943 .agit‚.quo
2458 3873 2621 3931 omnia

623 3950 952 4013 formantur.
