<?xml version="1.0" encoding="UTF-8"?>
<!DOCTYPE html PUBLIC "-//W3C//DTD XHTML 1.0 Transitional//EN"
    "http://www.w3.org/TR/xhtml1/DTD/xhtml1-transitional.dtd">
<html xmlns="http://www.w3.org/1999/xhtml" xml:lang="en" lang="en">
 <head>
  <title>
</title>
<meta http-equiv="Content-Type" content="text/html;charset=utf-8" />
  <meta name='ocr-system' content='tesseract 3.04.00' />
  <meta name='ocr-capabilities' content='ocr_page ocr_carea ocr_par ocr_line ocrx_word'/>
</head>
<body>
  <div class='ocr_page' id='page_1' title='image "./sthomaquinatisd00thomgoog_0515.png"; bbox 0 0 2800 4492; ppageno 0'>
   <div class='ocr_carea' id='block_1_1' title="bbox 739 360 2237 425">
    <p class='ocr_par' dir='ltr' id='par_1_1' title="bbox 739 360 2237 425">
     <span class='ocr_line' id='line_1_1' title="bbox 739 360 2237 425; baseline 0.001 -4"><span class='ocrx_word' id='word_1_1' title='bbox 739 374 857 421; x_wconf 65' lang='grc' dir='ltr'>ιιι.</span> <span class='ocrx_word' id='word_1_2' title='bbox 887 390 966 405; x_wconf 89' lang='grc'>-</span> <span class='ocrx_word' id='word_1_3' title='bbox 993 374 1421 424; x_wconf 69' lang='grc' dir='ltr'>οσοοιιειιτυιι</span> <span class='ocrx_word' id='word_1_4' title='bbox 1460 374 1739 423; x_wconf 71' lang='lat' dir='ltr'>onerum:</span> <span class='ocrx_word' id='word_1_5' title='bbox 2120 360 2237 425; x_wconf 77' lang='lat'>501</span> 
     </span>
    </p>
   </div>
   <div class='ocr_carea' id='block_1_2' title="bbox 233 486 2248 4011">
    <p class='ocr_par' dir='ltr' id='par_1_2' title="bbox 233 486 2241 903">
     <span class='ocr_line' id='line_1_2' title="bbox 311 486 2238 566; baseline 0.001 -17"><span class='ocrx_word' id='word_1_6' title='bbox 311 493 366 549; x_wconf 63' lang='grc' dir='ltr'>ὅ.</span> <span class='ocrx_word' id='word_1_7' title='bbox 393 492 684 558; x_wconf 79' lang='lat' dir='ltr'>Praeterea,</span> <span class='ocrx_word' id='word_1_8' title='bbox 713 491 857 547; x_wconf 90' lang='lat' dir='ltr'>ratio</span> <span class='ocrx_word' id='word_1_9' title='bbox 895 486 1222 549; x_wconf 78' lang='lat' dir='ltr'>aeternitatis</span> <span class='ocrx_word' id='word_1_10' title='bbox 1269 492 1326 547; x_wconf 91' lang='lat' dir='ltr'>in</span> <span class='ocrx_word' id='word_1_11' title='bbox 1366 492 1469 548; x_wconf 89' lang='lat' dir='ltr'>hoc</span> <span class='ocrx_word' id='word_1_12' title='bbox 1514 493 1795 566; x_wconf 83' lang='lat' dir='ltr'>perficitur</span> <span class='ocrx_word' id='word_1_13' title='bbox 1818 486 1967 565; x_wconf 86' lang='lat' dir='ltr'>quod</span> <span class='ocrx_word' id='word_1_14' title='bbox 2008 498 2093 549; x_wconf 87' lang='lat' dir='ltr'>est</span> <span class='ocrx_word' id='word_1_15' title='bbox 2122 501 2238 551; x_wconf 83' lang='lat' dir='ltr'>tota</span> 
     </span>
     <span class='ocr_line' id='line_1_3' title="bbox 234 579 2241 653; baseline 0.001 -17"><span class='ocrx_word' id='word_1_16' title='bbox 234 580 436 648; x_wconf 87' lang='lat' dir='ltr'>simul,</span> <span class='ocrx_word' id='word_1_17' title='bbox 421 596 434 611; x_wconf 92' lang='lat'><strong>·</strong></span> <span class='ocrx_word' id='word_1_18' title='bbox 461 579 589 653; x_wconf 88' lang='lat' dir='ltr'>quia</span> <span class='ocrx_word' id='word_1_19' title='bbox 617 579 915 636; x_wconf 85' lang='lat' dir='ltr'>secundum</span> <span class='ocrx_word' id='word_1_20' title='bbox 942 580 1188 637; x_wconf 87' lang='lat' dir='ltr'>Boetium</span> <span class='ocrx_word' id='word_1_21' title='bbox 1213 580 1267 636; x_wconf 93' lang='lat' dir='ltr'>in</span> <span class='ocrx_word' id='word_1_22' title='bbox 1291 596 1328 637; x_wconf 83' lang='lat' dir='ltr'>v</span> <span class='ocrx_word' id='word_1_23' title='bbox 1351 579 1419 637; x_wconf 89' lang='lat' dir='ltr'>de</span> <span class='ocrx_word' id='word_1_24' title='bbox 1444 580 1843 653; x_wconf 83' lang='lat' dir='ltr'>Consolatipne,</span> <span class='ocrx_word' id='word_1_25' title='bbox 1864 581 2142 639; x_wconf 65' lang='lat' dir='ltr'>(eternitas</span> <span class='ocrx_word' id='word_1_26' title='bbox 2164 588 2241 639; x_wconf 78' lang='lat' dir='ltr'>est</span> 
     </span>
     <span class='ocr_line' id='line_1_4' title="bbox 233 666 2234 742; baseline 0.002 -19"><span class='ocrx_word' id='word_1_27' title='bbox 233 666 655 725; x_wconf 77' lang='lat' dir='ltr'>interminabilis</span> <span class='ocrx_word' id='word_1_28' title='bbox 676 666 804 725; x_wconf 73' lang='lat' dir='ltr'>vitre</span> <span class='ocrx_word' id='word_1_29' title='bbox 825 674 938 724; x_wconf 77' lang='lat' dir='ltr'>tota</span> <span class='ocrx_word' id='word_1_30' title='bbox 963 667 1123 725; x_wconf 79' lang='lat' dir='ltr'>simul</span> <span class='ocrx_word' id='word_1_31' title='bbox 1149 684 1212 724; x_wconf 81' lang='lat' dir='ltr'>ae</span> <span class='ocrx_word' id='word_1_32' title='bbox 1230 667 1468 740; x_wconf 74' lang='lat' dir='ltr'>perfecta</span> <span class='ocrx_word' id='word_1_33' title='bbox 1483 668 1758 742; x_wconf 70' lang='lat' dir='ltr'><em>possessio.</em></span> <span class='ocrx_word' id='word_1_34' title='bbox 1786 670 1842 727; x_wconf 88' lang='lat' dir='ltr'>Si</span> <span class='ocrx_word' id='word_1_35' title='bbox 1868 685 1999 742; x_wconf 81' lang='lat' dir='ltr'>ergo</span> <span class='ocrx_word' id='word_1_36' title='bbox 2031 685 2234 735; x_wconf 64' lang='lat' dir='ltr'>aevum,</span> 
     </span>
     <span class='ocr_line' id='line_1_5' title="bbox 234 754 2238 867; baseline 0.001 -54"><span class='ocrx_word' id='word_1_37' title='bbox 234 758 386 831; x_wconf 89' lang='lat' dir='ltr'>quod</span> <span class='ocrx_word' id='word_1_38' title='bbox 413 763 499 813; x_wconf 89' lang='lat' dir='ltr'>est</span> <span class='ocrx_word' id='word_1_39' title='bbox 521 756 711 827; x_wconf 77' lang='lat' dir='ltr'>Angeli</span> <span class='ocrx_word' id='word_1_40' title='bbox 737 756 974 822; x_wconf 83' lang='lat' dir='ltr'>duratio,</span> <span class='ocrx_word' id='word_1_41' title='bbox 1007 772 1114 813; x_wconf 89' lang='lat' dir='ltr'>non</span> <span class='ocrx_word' id='word_1_42' title='bbox 1146 754 1344 813; x_wconf 86' lang='lat' dir='ltr'>habeat</span> <span class='ocrx_word' id='word_1_43' title='bbox 1374 757 1525 828; x_wconf 89' lang='lat' dir='ltr'>prius</span> <span class='ocrx_word' id='word_1_44' title='bbox 1547 764 1603 813; x_wconf 87' lang='lat' dir='ltr'>et</span> <span class='ocrx_word' id='word_1_45' title='bbox 1629 758 1919 867; x_wconf 76' lang='lat' dir='ltr'>posterius,</span> <span class='ocrx_word' id='word_1_46' title='bbox 1948 774 2054 815; x_wconf 81' lang='lat' dir='ltr'>non</span> <span class='ocrx_word' id='word_1_47' title='bbox 2078 758 2238 815; x_wconf 83' lang='lat' dir='ltr'>vide·</span> 
     </span>
     <span class='ocr_line' id='line_1_6' title="bbox 234 844 1022 903; baseline -0.004 0"><span class='ocrx_word' id='word_1_48' title='bbox 234 854 332 903; x_wconf 86' lang='lat' dir='ltr'>tur</span> <span class='ocrx_word' id='word_1_49' title='bbox 359 846 432 903; x_wconf 90' lang='lat' dir='ltr'>ab</span> <span class='ocrx_word' id='word_1_50' title='bbox 449 845 760 903; x_wconf 82' lang='lat' dir='ltr'>aeternitate</span> <span class='ocrx_word' id='word_1_51' title='bbox 782 844 1022 901; x_wconf 81' lang='lat' dir='ltr'>differre.</span> 
     </span>
    </p>

    <p class='ocr_par' dir='ltr' id='par_1_3' title="bbox 235 931 2243 1363">
     <span class='ocr_line' id='line_1_7' title="bbox 308 931 2234 1008; baseline 0.001 -15"><span class='ocrx_word' id='word_1_52' title='bbox 308 935 415 994; x_wconf 90' lang='lat' dir='ltr'>Sed</span> <span class='ocrx_word' id='word_1_53' title='bbox 431 942 640 1000; x_wconf 90' lang='lat' dir='ltr'>contra,</span> <span class='ocrx_word' id='word_1_54' title='bbox 654 933 956 990; x_wconf 88' lang='lat' dir='ltr'>secundum</span> <span class='ocrx_word' id='word_1_55' title='bbox 972 931 1386 1006; x_wconf 79' lang='lat' dir='ltr'><strong>Philosophum</strong></span> <span class='ocrx_word' id='word_1_56' title='bbox 1374 949 1429 988; x_wconf 86' lang='grc' dir='ltr'>ιιι</span> <span class='ocrx_word' id='word_1_57' title='bbox 1450 948 1509 989; x_wconf 78' lang='lat' dir='ltr'>iv</span> <span class='ocrx_word' id='word_1_58' title='bbox 1525 932 1743 1007; x_wconf 81' lang='lat' dir='ltr'>Physic.</span> <span class='ocrx_word' id='word_1_59' title='bbox 1758 935 1911 1007; x_wconf 85' lang='lat' dir='ltr'>(text.</span> <span class='ocrx_word' id='word_1_60' title='bbox 1928 950 2071 994; x_wconf 87' lang='lat' dir='ltr'>com.</span> <span class='ocrx_word' id='word_1_61' title='bbox 2087 938 2234 1008; x_wconf 69' lang='lat'><strong>⁴04),</strong></span> 
     </span>
     <span class='ocr_line' id='line_1_8' title="bbox 235 1020 2243 1099; baseline 0 -18"><span class='ocrx_word' id='word_1_62' title='bbox 235 1032 464 1099; x_wconf 86' lang='lat' dir='ltr'>propter</span> <span class='ocrx_word' id='word_1_63' title='bbox 493 1023 642 1096; x_wconf 89' lang='lat' dir='ltr'>prius</span> <span class='ocrx_word' id='word_1_64' title='bbox 667 1029 721 1078; x_wconf 91' lang='lat' dir='ltr'>et</span> <span class='ocrx_word' id='word_1_65' title='bbox 747 1020 1016 1095; x_wconf 77' lang='lat' dir='ltr'>posterius</span> <span class='ocrx_word' id='word_1_66' title='bbox 1041 1021 1097 1079; x_wconf 91' lang='lat' dir='ltr'>in</span> <span class='ocrx_word' id='word_1_67' title='bbox 1125 1028 1300 1089; x_wconf 81' lang='lat' dir='ltr'>motu,</span> <span class='ocrx_word' id='word_1_68' title='bbox 1324 1029 1409 1079; x_wconf 86' lang='lat' dir='ltr'>est</span> <span class='ocrx_word' id='word_1_69' title='bbox 1437 1022 1590 1094; x_wconf 85' lang='lat' dir='ltr'>prius</span> <span class='ocrx_word' id='word_1_70' title='bbox 1617 1029 1670 1078; x_wconf 88' lang='lat' dir='ltr'>et</span> <span class='ocrx_word' id='word_1_71' title='bbox 1701 1024 1970 1095; x_wconf 87' lang='lat' dir='ltr'>posterius</span> <span class='ocrx_word' id='word_1_72' title='bbox 2007 1025 2059 1079; x_wconf 90' lang='lat' dir='ltr'>in</span> <span class='ocrx_word' id='word_1_73' title='bbox 2096 1032 2243 1081; x_wconf 80' lang='lat' dir='ltr'>tem-</span> 
     </span>
     <span class='ocr_line' id='line_1_9' title="bbox 235 1109 2241 1187; baseline 0.001 -19"><span class='ocrx_word' id='word_1_74' title='bbox 235 1128 390 1186; x_wconf 86' lang='lat' dir='ltr'>pore,</span> <span class='ocrx_word' id='word_1_75' title='bbox 423 1110 570 1185; x_wconf 87' lang='lat' dir='ltr'>quod</span> <span class='ocrx_word' id='word_1_76' title='bbox 601 1118 880 1167; x_wconf 78' lang='lat' dir='ltr'><strong>mensurat</strong></span> <span class='ocrx_word' id='word_1_77' title='bbox 909 1118 1134 1168; x_wconf 88' lang='lat' dir='ltr'>motum.</span> <span class='ocrx_word' id='word_1_78' title='bbox 1161 1109 1266 1167; x_wconf 86' lang='lat' dir='ltr'>Sed</span> <span class='ocrx_word' id='word_1_79' title='bbox 1305 1110 1360 1165; x_wconf 90' lang='lat' dir='ltr'>in</span> <span class='ocrx_word' id='word_1_80' title='bbox 1393 1126 1514 1167; x_wconf 88' lang='lat' dir='ltr'>esse</span> <span class='ocrx_word' id='word_1_81' title='bbox 1542 1111 1732 1182; x_wconf 82' lang='lat' dir='ltr'>Angeli</span> <span class='ocrx_word' id='word_1_82' title='bbox 1763 1127 1867 1167; x_wconf 91' lang='lat' dir='ltr'>non</span> <span class='ocrx_word' id='word_1_83' title='bbox 1914 1120 1998 1169; x_wconf 85' lang='lat' dir='ltr'>est</span> <span class='ocrx_word' id='word_1_84' title='bbox 2039 1112 2241 1187; x_wconf 79' lang='lat' dir='ltr'>aliquis</span> 
     </span>
     <span class='ocr_line' id='line_1_10' title="bbox 237 1196 2233 1272; baseline 0.001 -15"><span class='ocrx_word' id='word_1_85' title='bbox 237 1208 442 1270; x_wconf 79' lang='lat' dir='ltr'>motuS,</span> <span class='ocrx_word' id='word_1_86' title='bbox 475 1216 578 1256; x_wconf 89' lang='lat' dir='ltr'>nec</span> <span class='ocrx_word' id='word_1_87' title='bbox 603 1198 735 1257; x_wconf 89' lang='lat' dir='ltr'>illud</span> <span class='ocrx_word' id='word_1_88' title='bbox 760 1214 880 1255; x_wconf 86' lang='lat' dir='ltr'>esse</span> <span class='ocrx_word' id='word_1_89' title='bbox 905 1198 1088 1272; x_wconf 87' lang='lat' dir='ltr'>aliquo</span> <span class='ocrx_word' id='word_1_90' title='bbox 1123 1196 1287 1255; x_wconf 88' lang='lat' dir='ltr'>modo</span> <span class='ocrx_word' id='word_1_91' title='bbox 1320 1201 1492 1255; x_wconf 88' lang='lat' dir='ltr'>motui</span> <span class='ocrx_word' id='word_1_92' title='bbox 1531 1199 1798 1271; x_wconf 87' lang='lat' dir='ltr'>subjacet.</span> <span class='ocrx_word' id='word_1_93' title='bbox 1828 1199 1971 1271; x_wconf 82' lang='lat' dir='ltr'>Ergo</span> <span class='ocrx_word' id='word_1_94' title='bbox 2013 1201 2066 1256; x_wconf 90' lang='lat' dir='ltr'>in</span> <span class='ocrx_word' id='word_1_95' title='bbox 2095 1216 2233 1270; x_wconf 76' lang='lat' dir='ltr'>aevo,</span> 
     </span>
     <span class='ocr_line' id='line_1_11' title="bbox 235 1287 1767 1363; baseline -0.001 -18"><span class='ocrx_word' id='word_1_96' title='bbox 235 1290 386 1363; x_wconf 89' lang='lat' dir='ltr'>quod</span> <span class='ocrx_word' id='word_1_97' title='bbox 417 1294 504 1345; x_wconf 92' lang='lat' dir='ltr'>est</span> <span class='ocrx_word' id='word_1_98' title='bbox 530 1290 647 1361; x_wconf 87' lang='lat' dir='ltr'>ejus</span> <span class='ocrx_word' id='word_1_99' title='bbox 674 1303 948 1356; x_wconf 83' lang='lat' dir='ltr'>mensura,</span> <span class='ocrx_word' id='word_1_100' title='bbox 973 1303 1079 1345; x_wconf 88' lang='lat' dir='ltr'>non</span> <span class='ocrx_word' id='word_1_101' title='bbox 1109 1293 1194 1343; x_wconf 86' lang='lat' dir='ltr'>est</span> <span class='ocrx_word' id='word_1_102' title='bbox 1222 1287 1373 1359; x_wconf 89' lang='lat' dir='ltr'>prius</span> <span class='ocrx_word' id='word_1_103' title='bbox 1391 1293 1450 1342; x_wconf 89' lang='lat' dir='ltr'>et</span> <span class='ocrx_word' id='word_1_104' title='bbox 1475 1287 1767 1360; x_wconf 87' lang='lat' dir='ltr'>posterius.</span> 
     </span>
    </p>

    <p class='ocr_par' dir='ltr' id='par_1_4' title="bbox 237 1374 2241 1624">
     <span class='ocr_line' id='line_1_12' title="bbox 309 1374 2241 1451; baseline 0.001 -17"><span class='ocrx_word' id='word_1_105' title='bbox 309 1380 602 1446; x_wconf 72' lang='lat' dir='ltr'>Praeterea,</span> <span class='ocrx_word' id='word_1_106' title='bbox 631 1386 845 1448; x_wconf 88' lang='lat' dir='ltr'>tempus</span> <span class='ocrx_word' id='word_1_107' title='bbox 867 1375 999 1431; x_wconf 89' lang='lat' dir='ltr'>nihil</span> <span class='ocrx_word' id='word_1_108' title='bbox 1031 1374 1177 1432; x_wconf 86' lang='lat' dir='ltr'>aliud</span> <span class='ocrx_word' id='word_1_109' title='bbox 1207 1383 1291 1431; x_wconf 85' lang='lat' dir='ltr'>est</span> <span class='ocrx_word' id='word_1_110' title='bbox 1315 1391 1481 1449; x_wconf 88' lang='lat' dir='ltr'>quam</span> <span class='ocrx_word' id='word_1_111' title='bbox 1511 1390 1769 1433; x_wconf 88' lang='lat' dir='ltr'>numerus</span> <span class='ocrx_word' id='word_1_112' title='bbox 1795 1377 1992 1450; x_wconf 86' lang='lat' dir='ltr'>prioris</span> <span class='ocrx_word' id='word_1_113' title='bbox 2020 1385 2075 1435; x_wconf 90' lang='lat' dir='ltr'>et</span> <span class='ocrx_word' id='word_1_114' title='bbox 2111 1396 2241 1451; x_wconf 87' lang='lat' dir='ltr'>pos-</span> 
     </span>
     <span class='ocr_line' id='line_1_13' title="bbox 237 1465 2239 1540; baseline 0 -17"><span class='ocrx_word' id='word_1_115' title='bbox 237 1465 480 1524; x_wconf 88' lang='lat' dir='ltr'>terioris.</span> <span class='ocrx_word' id='word_1_116' title='bbox 508 1466 563 1522; x_wconf 89' lang='lat' dir='ltr'>Si</span> <span class='ocrx_word' id='word_1_117' title='bbox 592 1481 722 1537; x_wconf 86' lang='lat' dir='ltr'>ergo</span> <span class='ocrx_word' id='word_1_118' title='bbox 750 1465 805 1520; x_wconf 90' lang='lat' dir='ltr'>in</span> <span class='ocrx_word' id='word_1_119' title='bbox 843 1480 962 1521; x_wconf 85' lang='lat' dir='ltr'>aevo</span> <span class='ocrx_word' id='word_1_120' title='bbox 1001 1465 1074 1522; x_wconf 86' lang='lat' dir='ltr'>sit</span> <span class='ocrx_word' id='word_1_121' title='bbox 1115 1471 1400 1522; x_wconf 87' lang='lat' dir='ltr'>numerate</span> <span class='ocrx_word' id='word_1_122' title='bbox 1446 1467 1598 1539; x_wconf 85' lang='lat' dir='ltr'>prius</span> <span class='ocrx_word' id='word_1_123' title='bbox 1639 1473 1695 1523; x_wconf 87' lang='lat' dir='ltr'>et</span> <span class='ocrx_word' id='word_1_124' title='bbox 1738 1467 2028 1540; x_wconf 76' lang='lat' dir='ltr'>posterius,</span> <span class='ocrx_word' id='word_1_125' title='bbox 2060 1482 2239 1524; x_wconf 79' lang='lat' dir='ltr'>aevum</span> 
     </span>
     <span class='ocr_line' id='line_1_14' title="bbox 237 1554 1258 1624; baseline -0.003 -13"><span class='ocrx_word' id='word_1_126' title='bbox 237 1555 372 1611; x_wconf 88' lang='lat' dir='ltr'>nihil</span> <span class='ocrx_word' id='word_1_127' title='bbox 401 1554 585 1609; x_wconf 78' lang='lat' dir='ltr'>differt</span> <span class='ocrx_word' id='word_1_128' title='bbox 611 1568 645 1609; x_wconf 90' lang='lat' dir='ltr'>a</span> <span class='ocrx_word' id='word_1_129' title='bbox 673 1562 935 1624; x_wconf 86' lang='lat' dir='ltr'>ternpore.</span> <span class='ocrx_word' id='word_1_130' title='bbox 1246 1594 1258 1599; x_wconf 74' lang='grc'><strong>-</strong></span> 
     </span>
    </p>

    <p class='ocr_par' dir='ltr' id='par_1_5' title="bbox 237 1639 2245 3211">
     <span class='ocr_line' id='line_1_15' title="bbox 308 1639 2239 1717; baseline 0.001 -18"><span class='ocrx_word' id='word_1_131' title='bbox 308 1642 632 1715; x_wconf 82' lang='lat' dir='ltr'>Respondeo</span> <span class='ocrx_word' id='word_1_132' title='bbox 660 1641 968 1707; x_wconf 88' lang='lat' dir='ltr'>dicendum,</span> <span class='ocrx_word' id='word_1_133' title='bbox 997 1640 1140 1714; x_wconf 90' lang='lat' dir='ltr'>quod</span> <span class='ocrx_word' id='word_1_134' title='bbox 1166 1639 1236 1698; x_wconf 86' lang='lat' dir='ltr'>de</span> <span class='ocrx_word' id='word_1_135' title='bbox 1263 1656 1322 1697; x_wconf 88' lang='lat' dir='ltr'>re</span> <span class='ocrx_word' id='word_1_136' title='bbox 1350 1640 1535 1715; x_wconf 86' lang='lat' dir='ltr'>aliqua</span> <span class='ocrx_word' id='word_1_137' title='bbox 1563 1658 1852 1715; x_wconf 83' lang='lat' dir='ltr'>possumus</span> <span class='ocrx_word' id='word_1_138' title='bbox 1881 1642 2028 1716; x_wconf 90' lang='lat' dir='ltr'>loqui</span> <span class='ocrx_word' id='word_1_139' title='bbox 2054 1643 2239 1717; x_wconf 85' lang='lat' dir='ltr'>dupli·-</span> 
     </span>
     <span class='ocr_line' id='line_1_16' title="bbox 237 1729 2237 1803; baseline 0 -14"><span class='ocrx_word' id='word_1_140' title='bbox 237 1734 424 1789; x_wconf 84' lang='lat' dir='ltr'>citer·:</span> <span class='ocrx_word' id='word_1_141' title='bbox 455 1747 562 1787; x_wconf 88' lang='lat' dir='ltr'>uno</span> <span class='ocrx_word' id='word_1_142' title='bbox 587 1730 745 1787; x_wconf 91' lang='lat' dir='ltr'>modo</span> <span class='ocrx_word' id='word_1_143' title='bbox 768 1730 1068 1787; x_wconf 90' lang='lat' dir='ltr'>secundum</span> <span class='ocrx_word' id='word_1_144' title='bbox 1097 1730 1244 1803; x_wconf 91' lang='lat' dir='ltr'>quod</span> <span class='ocrx_word' id='word_1_145' title='bbox 1272 1737 1356 1785; x_wconf 86' lang='lat' dir='ltr'>est</span> <span class='ocrx_word' id='word_1_146' title='bbox 1384 1729 1441 1786; x_wconf 92' lang='lat' dir='ltr'>in</span> <span class='ocrx_word' id='word_1_147' title='bbox 1472 1747 1652 1787; x_wconf 81' lang='lat' dir='ltr'>rerum</span> <span class='ocrx_word' id='word_1_148' title='bbox 1680 1738 1906 1801; x_wconf 88' lang='lat' dir='ltr'>natura;</span> <span class='ocrx_word' id='word_1_149' title='bbox 1938 1732 2046 1788; x_wconf 87' lang='lat' dir='ltr'>alio</span> <span class='ocrx_word' id='word_1_150' title='bbox 2078 1732 2237 1789; x_wconf 91' lang='lat' dir='ltr'>modo</span> 
     </span>
     <span class='ocr_line' id='line_1_17' title="bbox 237 1817 2240 1893; baseline -0 -16"><span class='ocrx_word' id='word_1_151' title='bbox 237 1822 540 1877; x_wconf 87' lang='lat' dir='ltr'>secundum</span> <span class='ocrx_word' id='word_1_152' title='bbox 567 1819 713 1893; x_wconf 88' lang='lat' dir='ltr'>quod</span> <span class='ocrx_word' id='word_1_153' title='bbox 751 1827 836 1875; x_wconf 88' lang='lat' dir='ltr'>est</span> <span class='ocrx_word' id='word_1_154' title='bbox 869 1820 926 1874; x_wconf 91' lang='lat' dir='ltr'>in</span> <span class='ocrx_word' id='word_1_155' title='bbox 973 1817 1409 1875; x_wconf 79' lang='lat' dir='ltr'><strong>consideratione</strong></span> <span class='ocrx_word' id='word_1_156' title='bbox 1450 1827 1655 1877; x_wconf 86' lang='lat' dir='ltr'>nostra.</span> <span class='ocrx_word' id='word_1_157' title='bbox 1689 1820 1867 1877; x_wconf 89' lang='lat' dir='ltr'>Primo</span> <span class='ocrx_word' id='word_1_158' title='bbox 1896 1820 2059 1877; x_wconf 88' lang='lat' dir='ltr'>modo</span> <span class='ocrx_word' id='word_1_159' title='bbox 2086 1822 2240 1878; x_wconf 91' lang='lat' dir='ltr'>acci-</span> 
     </span>
     <span class='ocr_line' id='line_1_18' title="bbox 239 1906 2243 1983; baseline 0.001 -18"><span class='ocrx_word' id='word_1_160' title='bbox 239 1912 388 1983; x_wconf 89' lang='lat' dir='ltr'>pitur</span> <span class='ocrx_word' id='word_1_161' title='bbox 415 1907 718 1964; x_wconf 83' lang='lat' dir='ltr'>substantia</span> <span class='ocrx_word' id='word_1_162' title='bbox 757 1909 832 1963; x_wconf 91' lang='lat' dir='ltr'>rei</span> <span class='ocrx_word' id='word_1_163' title='bbox 863 1922 988 1964; x_wconf 90' lang='lat' dir='ltr'>cum</span> <span class='ocrx_word' id='word_1_164' title='bbox 1020 1906 1272 1964; x_wconf 87' lang='lat' dir='ltr'>omnibus</span> <span class='ocrx_word' id='word_1_165' title='bbox 1298 1910 1414 1964; x_wconf 88' lang='lat' dir='ltr'>suis</span> <span class='ocrx_word' id='word_1_166' title='bbox 1453 1908 1901 1981; x_wconf 67' lang='lat' dir='ltr'>dispositionibus</span> <span class='ocrx_word' id='word_1_167' title='bbox 1946 1917 2002 1965; x_wconf 81' lang='lat' dir='ltr'>et</span> <span class='ocrx_word' id='word_1_168' title='bbox 2042 1926 2243 1982; x_wconf 89' lang='lat' dir='ltr'>opera·</span> 
     </span>
     <span class='ocr_line' id='line_1_19' title="bbox 239 1995 2236 2069; baseline 0.001 -16"><span class='ocrx_word' id='word_1_169' title='bbox 239 1996 502 2063; x_wconf 88' lang='lat' dir='ltr'>tionibus,</span> <span class='ocrx_word' id='word_1_170' title='bbox 527 1996 656 2069; x_wconf 87' lang='lat' dir='ltr'>quia</span> <span class='ocrx_word' id='word_1_171' title='bbox 685 1996 802 2052; x_wconf 87' lang='lat' dir='ltr'>sine</span> <span class='ocrx_word' id='word_1_172' title='bbox 843 1995 928 2051; x_wconf 89' lang='lat' dir='ltr'>his</span> <span class='ocrx_word' id='word_1_173' title='bbox 951 1995 1256 2053; x_wconf 87' lang='lat' dir='ltr'>substantia</span> <span class='ocrx_word' id='word_1_174' title='bbox 1287 2012 1392 2052; x_wconf 90' lang='lat' dir='ltr'>non</span> <span class='ocrx_word' id='word_1_175' title='bbox 1419 1998 1691 2054; x_wconf 87' lang='lat' dir='ltr'>invenitur</span> <span class='ocrx_word' id='word_1_176' title='bbox 1714 1998 1769 2054; x_wconf 93' lang='lat' dir='ltr'>in</span> <span class='ocrx_word' id='word_1_177' title='bbox 1801 2014 1983 2055; x_wconf 87' lang='lat' dir='ltr'>rerum</span> <span class='ocrx_word' id='word_1_178' title='bbox 2012 2005 2236 2065; x_wconf 78' lang='lat' dir='ltr'>natura3</span> 
     </span>
     <span class='ocr_line' id='line_1_20' title="bbox 237 2084 2243 2160; baseline 0 -17"><span class='ocrx_word' id='word_1_179' title='bbox 237 2088 334 2143; x_wconf 84' lang='lat' dir='ltr'>sed</span> <span class='ocrx_word' id='word_1_180' title='bbox 355 2085 594 2143; x_wconf 85' lang='lat' dir='ltr'>secundo</span> <span class='ocrx_word' id='word_1_181' title='bbox 625 2084 784 2139; x_wconf 90' lang='lat' dir='ltr'>modo</span> <span class='ocrx_word' id='word_1_182' title='bbox 809 2092 987 2157; x_wconf 89' lang='lat' dir='ltr'>potest</span> <span class='ocrx_word' id='word_1_183' title='bbox 1012 2085 1186 2156; x_wconf 79' lang='lat' dir='ltr'>accipi</span> <span class='ocrx_word' id='word_1_184' title='bbox 1214 2084 1521 2140; x_wconf 88' lang='lat' dir='ltr'>substantia</span> <span class='ocrx_word' id='word_1_185' title='bbox 1552 2085 1757 2159; x_wconf 80' lang='lat' dir='ltr'>absque</span> <span class='ocrx_word' id='word_1_186' title='bbox 1780 2088 1895 2141; x_wconf 89' lang='lat' dir='ltr'>suis</span> <span class='ocrx_word' id='word_1_187' title='bbox 1923 2086 2243 2160; x_wconf 82' lang='lat' dir='ltr'>dispositio·</span> 
     </span>
     <span class='ocr_line' id='line_1_21' title="bbox 240 2172 2241 2247; baseline 0 -16"><span class='ocrx_word' id='word_1_188' title='bbox 240 2177 420 2237; x_wconf 89' lang='lat' dir='ltr'>nibus,</span> <span class='ocrx_word' id='word_1_189' title='bbox 437 2175 565 2247; x_wconf 89' lang='lat' dir='ltr'>quia</span> <span class='ocrx_word' id='word_1_190' title='bbox 588 2172 952 2231; x_wconf 79' lang='lat' dir='ltr'>consideratio</span> <span class='ocrx_word' id='word_1_191' title='bbox 972 2172 1296 2229; x_wconf 65' lang='lat' dir='ltr'>substantiae</span> <span class='ocrx_word' id='word_1_192' title='bbox 1323 2188 1431 2227; x_wconf 87' lang='lat' dir='ltr'>non</span> <span class='ocrx_word' id='word_1_193' title='bbox 1456 2172 1725 2245; x_wconf 77' lang='lat' dir='ltr'>dependet</span> <span class='ocrx_word' id='word_1_194' title='bbox 1747 2189 1778 2229; x_wconf 92' lang='lat' dir='ltr'>a</span> <span class='ocrx_word' id='word_1_195' title='bbox 1802 2173 2241 2231; x_wconf 78' lang='lat' dir='ltr'>consideratione</span> 
     </span>
     <span class='ocr_line' id='line_1_22' title="bbox 239 2259 2239 2333; baseline -0.001 -13"><span class='ocrx_word' id='word_1_196' title='bbox 239 2278 464 2320; x_wconf 84' lang='lat' dir='ltr'>suarum</span> <span class='ocrx_word' id='word_1_197' title='bbox 510 2262 945 2333; x_wconf 84' lang='lat' dir='ltr'>dispositionum.</span> <span class='ocrx_word' id='word_1_198' title='bbox 998 2259 1331 2331; x_wconf 83' lang='lat' dir='ltr'>Accipiendo</span> <span class='ocrx_word' id='word_1_199' title='bbox 1385 2276 1516 2330; x_wconf 84' lang='lat' dir='ltr'>ergo</span> <span class='ocrx_word' id='word_1_200' title='bbox 1570 2274 1881 2319; x_wconf 84' lang='lat' dir='ltr'>mensuram</span> <span class='ocrx_word' id='word_1_201' title='bbox 1934 2261 2239 2320; x_wconf 88' lang='lat' dir='ltr'>durationis</span> 
     </span>
     <span class='ocr_line' id='line_1_23' title="bbox 238 2347 2238 2424; baseline 0 -17"><span class='ocrx_word' id='word_1_202' title='bbox 238 2352 541 2407; x_wconf 85' lang='lat' dir='ltr'>secundum</span> <span class='ocrx_word' id='word_1_203' title='bbox 571 2349 804 2424; x_wconf 88' lang='lat' dir='ltr'>primum</span> <span class='ocrx_word' id='word_1_204' title='bbox 831 2348 1070 2413; x_wconf 73' lang='lat' dir='ltr'>modum,</span> <span class='ocrx_word' id='word_1_205' title='bbox 1099 2347 1179 2403; x_wconf 90' lang='lat' dir='ltr'>sic</span> <span class='ocrx_word' id='word_1_206' title='bbox 1207 2347 1309 2403; x_wconf 88' lang='lat' dir='ltr'>soli</span> <span class='ocrx_word' id='word_1_207' title='bbox 1338 2348 1452 2403; x_wconf 87' lang='lat' dir='ltr'>Deo</span> <span class='ocrx_word' id='word_1_208' title='bbox 1481 2350 1743 2419; x_wconf 81' lang='lat' dir='ltr'>competit</span> <span class='ocrx_word' id='word_1_209' title='bbox 1766 2349 1985 2405; x_wconf 88' lang='lat' dir='ltr'>duratio</span> <span class='ocrx_word' id='word_1_210' title='bbox 2012 2366 2137 2424; x_wconf 86' lang='lat' dir='ltr'>quae</span> <span class='ocrx_word' id='word_1_211' title='bbox 2165 2352 2238 2407; x_wconf 85' lang='lat' dir='ltr'>sit</span> 
     </span>
     <span class='ocr_line' id='line_1_24' title="bbox 240 2435 2238 2509; baseline -0.001 -14"><span class='ocrx_word' id='word_1_212' title='bbox 240 2447 358 2496; x_wconf 87' lang='lat' dir='ltr'>tota</span> <span class='ocrx_word' id='word_1_213' title='bbox 385 2439 565 2505; x_wconf 80' lang='lat' dir='ltr'>simul,</span> <span class='ocrx_word' id='word_1_214' title='bbox 585 2448 640 2494; x_wconf 88' lang='lat' dir='ltr'>et</span> <span class='ocrx_word' id='word_1_215' title='bbox 670 2454 774 2493; x_wconf 93' lang='lat' dir='ltr'>non</span> <span class='ocrx_word' id='word_1_216' title='bbox 803 2436 966 2493; x_wconf 88' lang='lat' dir='ltr'>alicui</span> <span class='ocrx_word' id='word_1_217' title='bbox 989 2445 1288 2502; x_wconf 84' lang='lat' dir='ltr'>creaturae,·</span> <span class='ocrx_word' id='word_1_218' title='bbox 1319 2437 1383 2491; x_wconf 81' lang='lat' dir='ltr'>eo</span> <span class='ocrx_word' id='word_1_219' title='bbox 1409 2437 1553 2509; x_wconf 88' lang='lat' dir='ltr'>quod</span> <span class='ocrx_word' id='word_1_220' title='bbox 1579 2435 1728 2492; x_wconf 83' lang='lat' dir='ltr'>solus</span> <span class='ocrx_word' id='word_1_221' title='bbox 1756 2438 1901 2493; x_wconf 89' lang='lat' dir='ltr'>Deus</span> <span class='ocrx_word' id='word_1_222' title='bbox 1921 2446 2006 2493; x_wconf 87' lang='lat' dir='ltr'>est</span> <span class='ocrx_word' id='word_1_223' title='bbox 2034 2440 2238 2494; x_wconf 83' lang='lat' dir='ltr'>immu-</span> 
     </span>
     <span class='ocr_line' id='line_1_25' title="bbox 239 2524 2241 2600; baseline -0 -16"><span class='ocrx_word' id='word_1_224' title='bbox 239 2528 427 2584; x_wconf 86' lang='lat' dir='ltr'>tabilis</span> <span class='ocrx_word' id='word_1_225' title='bbox 451 2533 715 2600; x_wconf 88' lang='lat' dir='ltr'>quantum</span> <span class='ocrx_word' id='word_1_226' title='bbox 758 2526 826 2582; x_wconf 90' lang='lat' dir='ltr'>ad</span> <span class='ocrx_word' id='word_1_227' title='bbox 871 2525 1182 2591; x_wconf 88' lang='lat' dir='ltr'>essentiam,</span> <span class='ocrx_word' id='word_1_228' title='bbox 1215 2530 1271 2579; x_wconf 89' lang='lat' dir='ltr'>et</span> <span class='ocrx_word' id='word_1_229' title='bbox 1311 2532 1578 2596; x_wconf 88' lang='lat' dir='ltr'>quantum</span> <span class='ocrx_word' id='word_1_230' title='bbox 1624 2524 1695 2580; x_wconf 89' lang='lat' dir='ltr'>ad</span> <span class='ocrx_word' id='word_1_231' title='bbox 1730 2526 1910 2581; x_wconf 88' lang='lat' dir='ltr'>omnia</span> <span class='ocrx_word' id='word_1_232' title='bbox 1940 2540 2066 2599; x_wconf 83' lang='lat' dir='ltr'>quae</span> <span class='ocrx_word' id='word_1_233' title='bbox 2094 2527 2241 2583; x_wconf 89' lang='lat' dir='ltr'>circa</span> 
     </span>
     <span class='ocr_line' id='line_1_26' title="bbox 239 2603 2243 2685; baseline 0.001 -14"><span class='ocrx_word' id='word_1_234' title='bbox 239 2616 534 2672; x_wconf 84' lang='lat' dir='ltr'>essentiam</span> <span class='ocrx_word' id='word_1_235' title='bbox 560 2603 894 2670; x_wconf 81' lang='lat' dir='ltr'>considerari</span> <span class='ocrx_word' id='word_1_236' title='bbox 921 2619 1165 2685; x_wconf 84' lang='lat' dir='ltr'>possunt.</span> <span class='ocrx_word' id='word_1_237' title='bbox 1204 2611 1474 2682; x_wconf 83' lang='lat' dir='ltr'>Quaelibet</span> <span class='ocrx_word' id='word_1_238' title='bbox 1521 2620 1705 2669; x_wconf 86' lang='lat' dir='ltr'>autem</span> <span class='ocrx_word' id='word_1_239' title='bbox 1734 2622 1988 2670; x_wconf 87' lang='lat' dir='ltr'>creatura</span> <span class='ocrx_word' id='word_1_240' title='bbox 2016 2621 2103 2670; x_wconf 76' lang='lat' dir='ltr'>est</span> <span class='ocrx_word' id='word_1_241' title='bbox 2141 2630 2243 2673; x_wconf 86' lang='lat' dir='ltr'>va·</span> 
     </span>
     <span class='ocr_line' id='line_1_27' title="bbox 239 2689 2245 2776; baseline 0.001 -18"><span class='ocrx_word' id='word_1_242' title='bbox 239 2704 452 2759; x_wconf 88' lang='lat' dir='ltr'>riabilis</span> <span class='ocrx_word' id='word_1_243' title='bbox 482 2702 564 2757; x_wconf 81' lang='lat' dir='ltr'>vel</span> <span class='ocrx_word' id='word_1_244' title='bbox 595 2702 892 2758; x_wconf 88' lang='lat' dir='ltr'>secundum</span> <span class='ocrx_word' id='word_1_245' title='bbox 923 2700 1304 2766; x_wconf 87' lang='lat' dir='ltr'>substantiam,</span> <span class='ocrx_word' id='word_1_246' title='bbox 1332 2699 1416 2757; x_wconf 87' lang='lat' dir='ltr'>vel</span> <span class='ocrx_word' id='word_1_247' title='bbox 1444 2689 1743 2757; x_wconf 81' lang='lat' dir='ltr'>secundum</span> <span class='ocrx_word' id='word_1_248' title='bbox 1776 2702 2015 2775; x_wconf 82' lang='lat' dir='ltr'>aliquam</span> <span class='ocrx_word' id='word_1_249' title='bbox 2053 2703 2245 2776; x_wconf 88' lang='lat' dir='ltr'>dispo·</span> 
     </span>
     <span class='ocr_line' id='line_1_28' title="bbox 239 2788 2238 2864; baseline -0.001 -16"><span class='ocrx_word' id='word_1_250' title='bbox 239 2792 500 2848; x_wconf 87' lang='lat' dir='ltr'>sitionem</span> <span class='ocrx_word' id='word_1_251' title='bbox 527 2797 622 2846; x_wconf 86' lang='lat' dir='ltr'>aut</span> <span class='ocrx_word' id='word_1_252' title='bbox 639 2790 1110 2862; x_wconf 75' lang='lat' dir='ltr'>operationomzet</span> <span class='ocrx_word' id='word_1_253' title='bbox 1135 2789 1433 2844; x_wconf 86' lang='lat' dir='ltr'>secundum</span> <span class='ocrx_word' id='word_1_254' title='bbox 1460 2788 1564 2843; x_wconf 92' lang='lat' dir='ltr'>hoc</span> <span class='ocrx_word' id='word_1_255' title='bbox 1592 2790 1929 2861; x_wconf 84' lang='lat' dir='ltr'>Augustinus</span> <span class='ocrx_word' id='word_1_256' title='bbox 1949 2792 2006 2847; x_wconf 75' lang='lat'>2⁴</span> <span class='ocrx_word' id='word_1_257' title='bbox 2040 2800 2238 2864; x_wconf 81' lang='lat' dir='ltr'>quaest.</span> 
     </span>
     <span class='ocr_line' id='line_1_29' title="bbox 241 2878 2242 2955; baseline 0 -18"><span class='ocrx_word' id='word_1_258' title='bbox 241 2880 312 2937; x_wconf 82' lang='lat' dir='ltr'>ad</span> <span class='ocrx_word' id='word_1_259' title='bbox 340 2879 614 2944; x_wconf 88' lang='lat' dir='ltr'>Orosium,</span> <span class='ocrx_word' id='word_1_260' title='bbox 642 2878 792 2950; x_wconf 88' lang='lat' dir='ltr'>ponit</span> <span class='ocrx_word' id='word_1_261' title='bbox 822 2892 1010 2932; x_wconf 87' lang='lat' dir='ltr'>omnes</span> <span class='ocrx_word' id='word_1_262' title='bbox 1038 2882 1318 2933; x_wconf 85' lang='lat' dir='ltr'>creaturas</span> <span class='ocrx_word' id='word_1_263' title='bbox 1346 2894 1466 2934; x_wconf 72' lang='lat' dir='ltr'>esse</span> <span class='ocrx_word' id='word_1_264' title='bbox 1490 2878 1541 2932; x_wconf 92' lang='lat' dir='ltr'>in</span> <span class='ocrx_word' id='word_1_265' title='bbox 1571 2885 1830 2951; x_wconf 83' lang='lat' dir='ltr'>tempore,</span> <span class='ocrx_word' id='word_1_266' title='bbox 1859 2880 2026 2935; x_wconf 84' lang='lat' dir='ltr'>etiam</span> <span class='ocrx_word' id='word_1_267' title='bbox 2056 2884 2242 2955; x_wconf 81' lang='lat' dir='ltr'>Ange·</span> 
     </span>
     <span class='ocr_line' id='line_1_30' title="bbox 242 2964 2238 3037; baseline -0.001 -15"><span class='ocrx_word' id='word_1_268' title='bbox 242 2967 345 3022; x_wconf 84' lang='lat' dir='ltr'>los.</span> <span class='ocrx_word' id='word_1_269' title='bbox 403 2966 510 3021; x_wconf 93' lang='lat' dir='ltr'>Sed</span> <span class='ocrx_word' id='word_1_270' title='bbox 553 2965 880 3037; x_wconf 78' lang='lat' dir='ltr'>accipiendo,</span> <span class='ocrx_word' id='word_1_271' title='bbox 907 2979 1214 3020; x_wconf 84' lang='lat' dir='ltr'>mensuram</span> <span class='ocrx_word' id='word_1_272' title='bbox 1265 2964 1477 3022; x_wconf 84' lang='lat' dir='ltr'>duratis</span> <span class='ocrx_word' id='word_1_273' title='bbox 1528 2965 1720 3035; x_wconf 82' lang='lat' dir='ltr'>Angeli</span> <span class='ocrx_word' id='word_1_274' title='bbox 1770 2964 2005 3020; x_wconf 87' lang='lat' dir='ltr'>secundo</span> <span class='ocrx_word' id='word_1_275' title='bbox 2060 2967 2238 3031; x_wconf 87' lang='lat' dir='ltr'>modo,</span> 
     </span>
     <span class='ocr_line' id='line_1_31' title="bbox 241 3052 2233 3131; baseline 0.001 -24"><span class='ocrx_word' id='word_1_276' title='bbox 241 3060 410 3128; x_wconf 82' lang='lat' dir='ltr'>prout</span> <span class='ocrx_word' id='word_1_277' title='bbox 448 3052 826 3131; x_wconf 82' lang='lat' dir='ltr'>consideratur</span> <span class='ocrx_word' id='word_1_278' title='bbox 863 3052 981 3122; x_wconf 84' lang='lat' dir='ltr'>ejus</span> <span class='ocrx_word' id='word_1_279' title='bbox 1027 3052 1332 3108; x_wconf 88' lang='lat' dir='ltr'>substantia</span> <span class='ocrx_word' id='word_1_280' title='bbox 1379 3052 1649 3118; x_wconf 88' lang='lat' dir='ltr'>absolute,</span> <span class='ocrx_word' id='word_1_281' title='bbox 1687 3054 1806 3122; x_wconf 86' lang='lat' dir='ltr'>ejus</span> <span class='ocrx_word' id='word_1_282' title='bbox 1847 3068 2100 3108; x_wconf 89' lang='lat' dir='ltr'>mensura</span> <span class='ocrx_word' id='word_1_283' title='bbox 2150 3060 2233 3109; x_wconf 86' lang='lat' dir='ltr'>est</span> 
     </span>
     <span class='ocr_line' id='line_1_32' title="bbox 242 3138 2099 3211; baseline -0.003 -12"><span class='ocrx_word' id='word_1_284' title='bbox 242 3158 426 3200; x_wconf 82' lang='lat' dir='ltr'>aevum</span> <span class='ocrx_word' id='word_1_285' title='bbox 456 3148 511 3196; x_wconf 92' lang='lat' dir='ltr'>et</span> <span class='ocrx_word' id='word_1_286' title='bbox 538 3155 640 3209; x_wconf 81' lang='lat' dir='ltr'>non</span> <span class='ocrx_word' id='word_1_287' title='bbox 667 3147 882 3211; x_wconf 90' lang='lat' dir='ltr'>tempus</span> <span class='ocrx_word' id='word_1_288' title='bbox 904 3158 918 3208; x_wconf 75' lang='grc' dir='ltr'><strong>ς</strong></span> <span class='ocrx_word' id='word_1_289' title='bbox 948 3139 1017 3195; x_wconf 87' lang='lat' dir='ltr'>de</span> <span class='ocrx_word' id='word_1_290' title='bbox 1041 3154 1149 3211; x_wconf 89' lang='lat' dir='ltr'>quo</span> <span class='ocrx_word' id='word_1_291' title='bbox 1173 3139 1396 3210; x_wconf 87' lang='lat' dir='ltr'>quidem</span> <span class='ocrx_word' id='word_1_292' title='bbox 1424 3154 1544 3196; x_wconf 82' lang='lat' dir='ltr'>aevo</span> <span class='ocrx_word' id='word_1_293' title='bbox 1566 3146 1651 3194; x_wconf 91' lang='lat' dir='ltr'>est</span> <span class='ocrx_word' id='word_1_294' title='bbox 1672 3138 1870 3211; x_wconf 81' lang='lat' dir='ltr'>duplex</span> <span class='ocrx_word' id='word_1_295' title='bbox 1895 3140 2099 3210; x_wconf 91' lang='lat' dir='ltr'>opinio.</span> 
     </span>
    </p>

    <p class='ocr_par' dir='ltr' id='par_1_6' title="bbox 243 3227 2248 4011">
     <span class='ocr_line' id='line_1_33' title="bbox 316 3227 2243 3301; baseline 0.001 -17"><span class='ocrx_word' id='word_1_296' title='bbox 316 3230 554 3300; x_wconf 86' lang='lat' dir='ltr'>Quidam</span> <span class='ocrx_word' id='word_1_297' title='bbox 581 3230 724 3283; x_wconf 88' lang='lat' dir='ltr'>enim</span> <span class='ocrx_word' id='word_1_298' title='bbox 763 3228 970 3295; x_wconf 90' lang='lat' dir='ltr'>dicunt,</span> <span class='ocrx_word' id='word_1_299' title='bbox 1003 3227 1147 3301; x_wconf 92' lang='lat' dir='ltr'>quod</span> <span class='ocrx_word' id='word_1_300' title='bbox 1186 3228 1248 3294; x_wconf 75' lang='lat' dir='ltr'>in¹</span> <span class='ocrx_word' id='word_1_301' title='bbox 1282 3242 1402 3283; x_wconf 82' lang='lat' dir='ltr'>aevo</span> <span class='ocrx_word' id='word_1_302' title='bbox 1430 3233 1515 3280; x_wconf 88' lang='lat' dir='ltr'>est</span> <span class='ocrx_word' id='word_1_303' title='bbox 1552 3227 1704 3301; x_wconf 87' lang='lat' dir='ltr'>prius</span> <span class='ocrx_word' id='word_1_304' title='bbox 1731 3236 1789 3281; x_wconf 85' lang='lat' dir='ltr'>et</span> <span class='ocrx_word' id='word_1_305' title='bbox 1822 3229 2114 3299; x_wconf 88' lang='lat' dir='ltr'>posterius,</span> <span class='ocrx_word' id='word_1_306' title='bbox 2147 3230 2243 3286; x_wconf 89' lang='lat' dir='ltr'>sed</span> 
     </span>
     <span class='ocr_line' id='line_1_34' title="bbox 243 3315 2247 3391; baseline -0.001 -17"><span class='ocrx_word' id='word_1_307' title='bbox 243 3333 355 3376; x_wconf 89' lang='lat' dir='ltr'>non</span> <span class='ocrx_word' id='word_1_308' title='bbox 382 3319 526 3373; x_wconf 90' lang='lat' dir='ltr'>sicut</span> <span class='ocrx_word' id='word_1_309' title='bbox 557 3318 878 3389; x_wconf 87' lang='lat' dir='ltr'>intempore</span> <span class='ocrx_word' id='word_1_310' title='bbox 910 3332 924 3369; x_wconf 74' lang='grc' dir='ltr'>ε</span> <span class='ocrx_word' id='word_1_311' title='bbox 952 3315 1007 3370; x_wconf 90' lang='lat' dir='ltr'>in</span> <span class='ocrx_word' id='word_1_312' title='bbox 1052 3323 1296 3388; x_wconf 87' lang='lat' dir='ltr'>tempore</span> <span class='ocrx_word' id='word_1_313' title='bbox 1323 3330 1560 3387; x_wconf 85' lang='lat' dir='ltr'>namque</span> <span class='ocrx_word' id='word_1_314' title='bbox 1587 3321 1670 3371; x_wconf 90' lang='lat' dir='ltr'>est</span> <span class='ocrx_word' id='word_1_315' title='bbox 1701 3316 1851 3387; x_wconf 86' lang='lat' dir='ltr'>prius</span> <span class='ocrx_word' id='word_1_316' title='bbox 1890 3318 2247 3391; x_wconf 83' lang='lat' dir='ltr'>etposterius</span> 
     </span>
     <span class='ocr_line' id='line_1_35' title="bbox 243 3403 2243 3471; baseline -0.002 -6"><span class='ocrx_word' id='word_1_317' title='bbox 243 3422 374 3465; x_wconf 88' lang='lat' dir='ltr'>cum</span> <span class='ocrx_word' id='word_1_318' title='bbox 402 3405 768 3470; x_wconf 85' lang='lat' dir='ltr'>innovatione,</span> <span class='ocrx_word' id='word_1_319' title='bbox 800 3406 995 3471; x_wconf 20' lang='lat' dir='ltr'>in-,aevo</span> <span class='ocrx_word' id='word_1_320' title='bbox 1016 3410 1199 3459; x_wconf 88' lang='lat' dir='ltr'>autem</span> <span class='ocrx_word' id='word_1_321' title='bbox 1223 3404 1340 3459; x_wconf 88' lang='lat' dir='ltr'>sine</span> <span class='ocrx_word' id='word_1_322' title='bbox 1364 3403 1733 3461; x_wconf 78' lang='lat' dir='ltr'>innovatione.</span> <span class='ocrx_word' id='word_1_323' title='bbox 1756 3404 1862 3463; x_wconf 88' lang='lat' dir='ltr'>Sed</span> <span class='ocrx_word' id='word_1_324' title='bbox 1891 3406 1995 3462; x_wconf 90' lang='lat' dir='ltr'>hoc</span> <span class='ocrx_word' id='word_1_325' title='bbox 2023 3422 2127 3462; x_wconf 92' lang='lat' dir='ltr'>non</span> <span class='ocrx_word' id='word_1_326' title='bbox 2156 3415 2243 3462; x_wconf 88' lang='lat' dir='ltr'>est</span> 
     </span>
     <span class='ocr_line' id='line_1_36' title="bbox 245 3492 2240 3569; baseline -0.002 -16"><span class='ocrx_word' id='word_1_327' title='bbox 245 3494 609 3565; x_wconf 70' lang='lat' dir='ltr'>intelligibile.</span> <span class='ocrx_word' id='word_1_328' title='bbox 624 3492 959 3567; x_wconf 80' lang='lat' dir='ltr'>Impossibile</span> <span class='ocrx_word' id='word_1_329' title='bbox 982 3498 1068 3547; x_wconf 89' lang='lat' dir='ltr'>est</span> <span class='ocrx_word' id='word_1_330' title='bbox 1081 3492 1225 3548; x_wconf 88' lang='lat' dir='ltr'>enim</span> <span class='ocrx_word' id='word_1_331' title='bbox 1241 3503 1360 3548; x_wconf 81' lang='lat' dir='ltr'>esse</span> <span class='ocrx_word' id='word_1_332' title='bbox 1382 3492 1615 3569; x_wconf 70' lang='lat' dir='ltr'>aliquus</span> <span class='ocrx_word' id='word_1_333' title='bbox 1629 3492 1935 3551; x_wconf 90' lang='lat' dir='ltr'>durationis</span> <span class='ocrx_word' id='word_1_334' title='bbox 1955 3496 2092 3551; x_wconf 89' lang='lat' dir='ltr'>duas</span> <span class='ocrx_word' id='word_1_335' title='bbox 2106 3510 2240 3568; x_wconf 88' lang='lat' dir='ltr'>par-</span> 
     </span>
     <span class='ocr_line' id='line_1_37' title="bbox 247 3579 2248 3655; baseline -0.001 -17"><span class='ocrx_word' id='word_1_336' title='bbox 247 3590 333 3639; x_wconf 89' lang='lat' dir='ltr'>tes</span> <span class='ocrx_word' id='word_1_337' title='bbox 353 3582 534 3645; x_wconf 88' lang='lat' dir='ltr'>simul,</span> <span class='ocrx_word' id='word_1_338' title='bbox 554 3596 784 3655; x_wconf 87' lang='lat' dir='ltr'>quarum</span> <span class='ocrx_word' id='word_1_339' title='bbox 816 3595 921 3635; x_wconf 88' lang='lat' dir='ltr'>una</span> <span class='ocrx_word' id='word_1_340' title='bbox 941 3579 1171 3635; x_wconf 87' lang='lat' dir='ltr'>alteram</span> <span class='ocrx_word' id='word_1_341' title='bbox 1195 3591 1304 3635; x_wconf 88' lang='lat' dir='ltr'>non</span> <span class='ocrx_word' id='word_1_342' title='bbox 1334 3579 1595 3649; x_wconf 85' lang='lat' dir='ltr'>includat,</span> <span class='ocrx_word' id='word_1_343' title='bbox 1624 3581 1765 3638; x_wconf 88' lang='lat' dir='ltr'>sicut</span> <span class='ocrx_word' id='word_1_344' title='bbox 1789 3581 1993 3637; x_wconf 87' lang='lat' dir='ltr'>mensis</span> <span class='ocrx_word' id='word_1_345' title='bbox 2017 3581 2248 3639; x_wconf 75' lang='lat' dir='ltr'>includit</span> 
     </span>
     <span class='ocr_line' id='line_1_38' title="bbox 247 3667 2237 3741; baseline 0 -16"><span class='ocrx_word' id='word_1_346' title='bbox 247 3671 418 3739; x_wconf 88' lang='lat' dir='ltr'>diem,</span> <span class='ocrx_word' id='word_1_347' title='bbox 447 3670 588 3725; x_wconf 90' lang='lat' dir='ltr'>unde</span> <span class='ocrx_word' id='word_1_348' title='bbox 617 3670 776 3726; x_wconf 86' lang='lat' dir='ltr'>simul</span> <span class='ocrx_word' id='word_1_349' title='bbox 806 3676 892 3725; x_wconf 88' lang='lat' dir='ltr'>est</span> <span class='ocrx_word' id='word_1_350' title='bbox 920 3667 1128 3741; x_wconf 90' lang='lat' dir='ltr'>aliquid</span> <span class='ocrx_word' id='word_1_351' title='bbox 1149 3668 1204 3724; x_wconf 90' lang='lat' dir='ltr'>in</span> <span class='ocrx_word' id='word_1_352' title='bbox 1231 3667 1321 3725; x_wconf 88' lang='lat' dir='ltr'>die</span> <span class='ocrx_word' id='word_1_353' title='bbox 1344 3676 1400 3724; x_wconf 85' lang='lat' dir='ltr'>et</span> <span class='ocrx_word' id='word_1_354' title='bbox 1429 3669 1484 3724; x_wconf 91' lang='lat' dir='ltr'>in</span> <span class='ocrx_word' id='word_1_355' title='bbox 1514 3684 1716 3736; x_wconf 89' lang='lat' dir='ltr'>mense,</span> <span class='ocrx_word' id='word_1_356' title='bbox 1757 3669 1852 3724; x_wconf 88' lang='lat' dir='ltr'>sed</span> <span class='ocrx_word' id='word_1_357' title='bbox 1894 3668 2001 3723; x_wconf 93' lang='lat' dir='ltr'>duo</span> <span class='ocrx_word' id='word_1_358' title='bbox 2033 3668 2153 3725; x_wconf 82' lang='lat' dir='ltr'>dies</span> <span class='ocrx_word' id='word_1_359' title='bbox 2179 3674 2237 3725; x_wconf 85' lang='lat' dir='ltr'>et</span> 
     </span>
     <span class='ocr_line' id='line_1_39' title="bbox 247 3756 2240 3831; baseline -0.002 -14"><span class='ocrx_word' id='word_1_360' title='bbox 247 3760 360 3817; x_wconf 89' lang='lat' dir='ltr'>duo</span> <span class='ocrx_word' id='word_1_361' title='bbox 375 3773 592 3815; x_wconf 85' lang='lat' dir='ltr'>menses</span> <span class='ocrx_word' id='word_1_362' title='bbox 615 3759 776 3815; x_wconf 84' lang='lat' dir='ltr'>simul</span> <span class='ocrx_word' id='word_1_363' title='bbox 797 3774 917 3815; x_wconf 88' lang='lat' dir='ltr'>esse</span> <span class='ocrx_word' id='word_1_364' title='bbox 934 3774 1038 3814; x_wconf 91' lang='lat' dir='ltr'>non</span> <span class='ocrx_word' id='word_1_365' title='bbox 1059 3764 1305 3831; x_wconf 85' lang='lat' dir='ltr'>possunt.</span> <span class='ocrx_word' id='word_1_366' title='bbox 1323 3757 1478 3814; x_wconf 84' lang='lat' dir='ltr'>Unde</span> <span class='ocrx_word' id='word_1_367' title='bbox 1497 3757 1953 3830; x_wconf 87' lang='lat' dir='ltr'>quandocumque</span> <span class='ocrx_word' id='word_1_368' title='bbox 1976 3756 2029 3811; x_wconf 92' lang='lat' dir='ltr'>in</span> <span class='ocrx_word' id='word_1_369' title='bbox 2054 3757 2240 3831; x_wconf 86' lang='lat' dir='ltr'>aliqua</span> 
     </span>
     <span class='ocr_line' id='line_1_40' title="bbox 248 3846 2247 3921; baseline -0.001 -16"><span class='ocrx_word' id='word_1_370' title='bbox 248 3850 540 3905; x_wconf 86' lang='lat' dir='ltr'>duratione</span> <span class='ocrx_word' id='word_1_371' title='bbox 583 3854 854 3920; x_wconf 85' lang='lat' dir='ltr'>ponuntur</span> <span class='ocrx_word' id='word_1_372' title='bbox 893 3848 1020 3903; x_wconf 84' lang='lat' dir='ltr'>duae</span> <span class='ocrx_word' id='word_1_373' title='bbox 1047 3854 1248 3918; x_wconf 83' lang='lat' dir='ltr'>partes,</span> <span class='ocrx_word' id='word_1_374' title='bbox 1275 3858 1512 3921; x_wconf 40' lang='lat' dir='ltr'>‚quarum</span> <span class='ocrx_word' id='word_1_375' title='bbox 1556 3851 1778 3900; x_wconf 88' lang='lat' dir='ltr'>una·est</span> <span class='ocrx_word' id='word_1_376' title='bbox 1814 3846 1962 3916; x_wconf 88' lang='lat' dir='ltr'>prior</span> <span class='ocrx_word' id='word_1_377' title='bbox 1990 3846 2247 3903; x_wconf 83' lang='lat' dir='ltr'>etaltera</span> 
     </span>
     <span class='ocr_line' id='line_1_41' title="bbox 251 3928 2241 4011; baseline -0.001 -18"><span class='ocrx_word' id='word_1_378' title='bbox 251 3936 544 4011; x_wconf 87' lang='lat' dir='ltr'>posterior,</span> <span class='ocrx_word' id='word_1_379' title='bbox 575 3941 791 4006; x_wconf 85' lang='lat' dir='ltr'>oportet</span> <span class='ocrx_word' id='word_1_380' title='bbox 821 3928 968 4008; x_wconf 81' lang='lat' dir='ltr'>quod</span> <span class='ocrx_word' id='word_1_381' title='bbox 993 3949 1100 3991; x_wconf 90' lang='lat' dir='ltr'>una</span> <span class='ocrx_word' id='word_1_382' title='bbox 1136 3939 1475 4003; x_wconf 87' lang='lat' dir='ltr'>transeunte,</span> <span class='ocrx_word' id='word_1_383' title='bbox 1498 3931 1616 3991; x_wconf 67' lang='lat' dir='ltr'>lalia</span> <span class='ocrx_word' id='word_1_384' title='bbox 1653 3929 1722 3988; x_wconf 89' lang='lat' dir='ltr'>de</span> <span class='ocrx_word' id='word_1_385' title='bbox 1763 3946 1903 3990; x_wconf 89' lang='lat' dir='ltr'>novo</span> <span class='ocrx_word' id='word_1_386' title='bbox 1940 3932 2199 3992; x_wconf 81' lang='lat' dir='ltr'>adveniat</span> <span class='ocrx_word' id='word_1_387' title='bbox 2217 3950 2241 4003; x_wconf 77' lang='lat'><em>3</em></span> 
     </span>
    </p>
   </div>
  </div>
 </body>
</html>
