2800 4492
732 353 820 397 χι.
850 368 932 383 -··
956 352 1026 398 m
1074 352 1341 399 non-rum
1382 354 1462 399 nr.
1502 355 1827 433 ’tmuium
2163 342 2282 403 123

261 467 598 541 corporales,
640 474 697 523 et
720 467 1047 539 hujusmodi.
1086 467 1155 523 Et
1188 468 1307 525 haec
1334 474 1420 525 est
1447 469 1717 527 sententia
1745 471 2050 528 comment.
2098 488 2166 529 ιιι
2210 474 2280 530 de

264 558 489 624 Anim'a,
530 556 783 629 quamvis
814 558 1124 627 Avempace
1146 557 1485 613 contrarium
1522 557 1724 614 dixerit
1751 574 1816 613 ex
1845 558 1970 625 hoc,
1998 560 2141 633 quod
2171 576 2282 617 aes-

264 645 505 701 timebat
558 644 897 717 quid-ditatas
944 659 1127 701 rerum
1174 644 1516 701 sensibilium
1579 646 1913 705 sufficienter
1979 647 2282 720 exprimere

266 732 611 805 quidditates
634 730 1042 801 immaterialeS,
1065 733 1209 805 quod
1236 739 1387 805 patet
1415 749 1538 791 esse
1559 732 1776 801 falsum,
1801 740 1861 791 ut
1886 734 2090 792 ibidem
2117 738 2282 793 Com-

268 826 549 877 mentator
570 819 723 885 dicit,
754 834 879 875 cum
902 818 1180 892 quidditas
1202 820 1273 876 de
1292 821 1542 895 utrisque
1568 822 1784 879 dicatur
1799 824 1956 897 quasi
1975 825 2277 897 aequivoce.

339 908 427 966 Ad
452 909 690 981 primum
729 922 860 978 ergo
888 907 1199 974 dicendum,
1242 910 1389 981 quod
1419 909 1640 967 Boetius
1667 926 1774 967 non
1803 910 2040 968 intendit
2073 912 2276 977 dicere,

268 997 417 1071 quod
442 1012 539 1068 per
558 996 843 1052 scientiam
866 993 1153 1066 theologiae
1173 996 1445 1068 possimus
1463 996 1820 1069 contemplari
1845 998 2020 1072 ipsam
2049 998 2278 1057 formam

268 1086 513 1142 divinam
544 1083 675 1156 quid
698 1089 801 1151 est,
830 1083 927 1141 sed
950 1082 1127 1139 solum
1154 1084 1331 1155 ipsam
1348 1096 1471 1141 esse
1492 1085 1637 1143 ultra
1662 1086 1842 1143 omnia
1872 1078 2278 1159 phantasmata,

338 1170 429 1228 Ad
468 1168 767 1225 secundum
809 1168 1120 1235 dicendum,
1153 1170 1299 1242 quod
1330 1170 1582 1244 quaedam
1625 1187 1714 1227 res
1755 1178 1883 1227 sunt
1919 1186 1952 1227 a
1993 1171 2151 1227 'nobis
2185 1190 2282 1244 per

270 1258 507 1331 seipsas
535 1255 944 1327 cognoscibiles,
978 1262 1034 1311 et
1060 1257 1116 1311 in
1142 1255 1343 1313 talibus
1366 1256 1784 1315 manifestandis
1809 1257 2054 1315 scientim
2081 1275 2282 1331 specu-

271 1345 459 1403 lativae
501 1350 727 1400 utuntur
766 1359 957 1400 earum
997 1343 1410 1401 definitionibus
1443 1345 1509 1402 ad
1558 1346 2043 1402 demonstrandum
2092 1354 2280 1403 earum

272 1434 659 1508 proprietates,
702 1432 847 1488 sicut
873 1428 1074 1489 accidit
1110 1432 1167 1489 in
1203 1432 1449 1488 scientiis
1476 1448 1600 1505 quae
1639 1433 2015 1489 demonstrant
2059 1442 2283 1507 propter

270 1521 430 1594 quid.
475 1519 739 1589 Quaedam
768 1534 897 1575 vero
937 1534 1026 1575 res
1067 1525 1213 1589 sunt,
1244 1535 1371 1593 quae
1399 1534 1506 1576 non
1543 1526 1672 1577 sunt
1707 1519 1863 1576 nobis
1889 1520 2284 1591 cognoscibiles

270 1626 339 1666 ex
368 1608 589 1681 seipsiS,
618 1607 712 1663 sed
746 1624 844 1679 per
886 1608 1111 1663 effectus
1143 1622 1292 1664 suos·
1324 1608 1393 1663 Et
1430 1608 1477 1665 si
1507 1608 1730 1681 quidem
1765 1608 1992 1665 effectus
2025 1608 2098 1664 sit
2128 1610 2282 1666 adae-

272 1712 453 1772 quans
474 1711 717 1765 causam,
744 1696 863 1769 ipsa
900 1695 1181 1767 quidditas
1207 1696 1434 1752 effectus
1461 1695 1730 1769 accipitur
1762 1702 1824 1752 ut
1852 1696 2182 1768 principium
2210 1698 2281 1753 ad

270 1784 756 1843 demonstrandum
796 1799 1019 1839 causam
1049 1794 1191 1849 esse,
1234 1791 1291 1841 et
1328 1784 1397 1841 ad
1441 1784 1880 1855 investigandum
1915 1785 2282 1857 quidditatem

270 1876 415 1948 eine,
460 1889 529 1929 ex
560 1888 668 1946 qua
705 1872 905 1927 iterum
926 1872 1299 1945 proprietates
1332 1874 1452 1945 ejus
1478 1873 1858 1929 ostenduntur.
1895 1873 1952 1930 Si
1995 1875 2282 1945 autemsit

272 1964 505 2019 effectus
527 1976 633 2016 non
660 1960 957 2033 adaequans
995 1976 1238 2028 causam,
1270 1966 1401 2018 tunc
1439 1962 1664 2017 effectus
1693 1960 1926 2016 efficitur
1941 1962 2280 2034 principium
2307 1988 2313 1994 ⁴

270 2052 341 2107 ad
392 2048 879 2106 demonstrandum
937 2062 1161 2105 causam
1206 2064 1342 2116 esse,
1390 2054 1448 2104 et
1493 2048 1706 2123 aliquas
1747 2048 2088 2115 conditiones
2140 2051 2279 2121 ejus,

270 2138 531 2213 quamvis
553 2136 833 2211 quidditas
855 2150 1039 2195 causae
1060 2151 1276 2209 semper
1297 2138 1369 2194 sit
1397 2136 1603 2209 ignota,
1627 2144 1684 2193 et
1707 2136 1788 2195 ita
1812 2137 2014 2193 accidit
2039 2136 2096 2193 in
2120 2136 2283 2195 subs-

272 2226 469 2284 tantiis
495 2224 783 2297 separatis·
1863 2252 1866 2255 ⁴

336 2309 425 2367 Ad
455 2309 679 2366 tertium
719 2308 1032 2375 dicendum,
1062 2310 1211 2382 quod
1250 2309 1452 2382 duplex
1484 2316 1569 2366 est
1595 2310 1830 2367 felicitas
1871 2312 2126 2368 hominis.
2159 2314 2278 2371 Una

266 2398 591 2473 imperfecta
618 2412 743 2471 quae
770 2402 855 2453 est
886 2397 941 2452 in
969 2396 1078 2465 via,
1110 2398 1179 2453 de
1206 2414 1315 2471 qua
1342 2398 1480 2454 dicit
1505 2398 1880 2470 Philosophus,
1910 2408 1966 2456 et
1995 2398 2116 2456 haec
2143 2416 2281 2458 con-

263 2488 418 2543 sistit
454 2484 849 2557 in'cognitione
889 2484 1319 2551 substantiarum
1356 2492 1735 2558 separatarum
1773 2502 1870 2559 per
1897 2486 2142 2543 habitum
2185 2503 2281 2547 sa·-

263 2574 513 2649 pientiae,
557 2572 875 2645 imperfecta
913 2580 1115 2641 tamen,
1147 2580 1207 2629 et
1246 2566 1370 2629 talis
1409 2572 1589 2647 qualis
1628 2582 1711 2630 est
1753 2574 1807 2629 in
1855 2574 1943 2630 via
1984 2574 2277 2647 possibilie,

264 2679 375 2719 non
406 2668 469 2718 ut
492 2659 700 2719 sciatur
727 2662 847 2733 ipsa
869 2661 1169 2733 quidditaS.
1202 2661 1324 2724 Alia
1353 2668 1439 2718 est
1467 2660 1708 2735 perfecta
1736 2665 1791 2717 in
1821 2662 1996 2735 patria
2023 2678 2133 2735 qua
2162 2662 2280 2737 ipse
2311 2738 2314 2741 A

263 2754 417 2809 Deus
460 2766 560 2823 per
603 2749 897 2805 essentiam
936 2749 1231 2819 videbitur,
1272 2757 1329 2807 et
1374 2750 1499 2808 alias
1535 2750 1857 2807 substantiae
1901 2759 2192 2823 separatae,
2223 2760 2278 2807 et

261 2842 387 2899 baec
412 2838 647 2895 felicitas
686 2854 792 2897 non
827 2838 933 2895 erit
976 2851 1075 2909 per
1114 2838 1355 2913 aliquam
1394 2838 1681 2897 scientiam
1725 2838 2138 2913 speculativam,
2181 2839 2278 2895 sed

262 2946 365 3003 per
389 2928 573 2985 lumen
598 2924 806 2999 gloriae.

333 3016 423 3073 Ad
452 3023 712 3089 quartum
751 3013 1063 3081 dicendum,
1098 3012 1245 3088 quod
1272 3014 1520 3072 scientiae
1564 3014 1918 3087 speculativae
1957 3015 2280 3071 ordinantur

262 3105 316 3160 in
351 3103 727 3175 cognitionem
763 3101 1195 3161 substantiarum
1234 3111 1612 3177 separatarum
1639 3102 2038 3175 imperfectam,
2068 3108 2130 3158 ut
2155 3102 2280 3159 dic·
2309 3164 2316 3170 ,

261 3202 388 3253 tum
415 3196 2270 3248 est..

332 3280 423 3338 Ad
447 3273 701 3353 quintum
721 3274 1033 3347 dicendum,
1060 3278 1205 3353 quod
1225 3278 1382 3338 nohis
1404 3286 1532 3336 sunt
1561 3278 1734 3338 indita
1765 3279 2052 3353 principia,
2080 3279 2280 3354 quihus

258 3382 561 3442 possumus
592 3382 691 3424 nos
730 3382 1039 3441 praeparare
1065 3366 1137 3423 ad
1172 3366 1325 3424 illam
1368 3366 1736 3439 cognitionem
1777 3367 2076 3440 perfectam
2114 3370 2279 3426 subs-

258 3455 571 3517 tantiarum
596 3460 993 3528 separatarum,
1022 3470 1129 3513 non
1159 3461 1345 3514 autem
1371 3455 1572 3528 quihus
1598 3456 1666 3513 ad
1691 3472 1814 3513 eam
1845 3465 2280 3531 possumus‘per-

260 3547 509 3616 tingere.
536 3544 799 3615 Quamvis
825 3544 969 3601 enim
1004 3543 1167 3600 bomo
1192 3544 1522 3601 naturaliter
1548 3544 1842 3600 inclinetur
1873 3547 1928 3599 in
1957 3544 2120 3600 finem
2146 3543 2272 3598 ulti-

260 3647 443 3699 mum,
474 3646 591 3689 non·
606 3639 789 3688 tamen
814 3636 995 3705 potest
1018 3630 1343 3689 naturaliter
1364 3629 1520 3687 illum
1546 3632 1827 3705 consequi.
1861 3630 1956 3691 sed
1975 3629 2150 3687 solum
2180 3644 2278 3702 per

256 3721 529 3795 gratiam,
556 3727 609 3775 et
634 3720 739 3777 hoc
767 3727 851 3777 est
880 3726 1099 3809 propter
1122 3718 1474 3775 eminentiam
1499 3717 1644 3775 illius
1673 3719 1817 3779 θυῖε.

428 3837 635 3909 Empticie
659 3839 943 3899 opusculum
965 3838 1321 3895 remuneratum,
1346 3838 1558 3883 videlieet
1583 3838 1832 3895 prm-lam
1857 3846 1995 3895 qum
1979 3834 2127 3881 'loma

758 3910 856 3963 aivi
884 3908 1043 3959 Thom.
1066 3910 1238 3973 Aquln.
1264 3920 1406 3971 super
1425 3908 1555 3957 Boot.
1576 3907 1633 3955 aa
1663 3906 1795 3955 Trln.
