2800 4492
732 367 841 420 ΧΠ.
877 393 954 404 -
983 366 1413 426 αυοῡιιΒΕἿ-ωι
1466 363 1754 424 marrow
2123 350 2242 426 22⁴1

224 487 362 543 tetur
392 493 560 560 atque
601 499 966 562 exasperetur,
996 509 1100 547 aon
1135 501 1326 549 tamem
1361 493 1445 550 itti
1468 493 1857 566 comparandus
1894 501 1970 552 est
1998 495 2092 566 qui
2116 489 2239 551 ινα-ὲ
2317 533 2321 537 -

225 576 366 631 ditus
409 575 649 648 populis,
716 585 764 634 et
809 581 1096 636 multorum
1139 589 1356 652 peccata
1400 581 1550 653 ferre
1598 583 1909 654 compulsus,
1960 581 2241 640 immobilis

224 673 564 735 perserverat
588 674 642 721 et
669 665 860 737 fortis‚·
897 669 1024 740 quia
1049 670 1188 728 sicut
1217 669 1274 724 in
1309 672 1723 742 tranquillitate,
1748 671 1829 728 ita
1853 671 1911 727 iu
1940 678 2241 744 tempestate

227 753 544 822 aubernavit
581 755 934 827 semetipsum.
969 757 1071 813 Ubi
1113 759 1463 815 manifestum
1502 767 1585 815 est
1620 760 1765 832 quod
1807 775 1915 816 non
1954 767 2239 832 comparat

229 847 430 898 statum
455 845 650 912 statui,
692 844 786 900 sed
817 844 1330 918 impeccabilitatem
1371 847 1816 919 impeccabilitati
1861 864 1874 902 ε
1920 848 2063 920 qued
2097 848 2251 903 enim*

229 931 525 988 monachus
571 933 627 988 in
669 932 909 990 claustro
951 934 1204 991 habitans
1249 953 1353 991 non
1397 943 1605 1008 peccet,
1650 953 1753 991 non
1784 943 1867 992 est
1910 936 1987 992 ita
2017 937 2242 992 evidens

229 1026 611 1092 argumentum
649 1022 889 1088 virtutis,
940 1024 1080 1078 sicut
1110 1023 1153 1078 si
1199 1025 1485 1096 presbyter
1514 1025 1597 1080 vel
1644 1025 2067 1098 Episcopusvel
2112 1026 2241 1096 qui-

229 1123 458 1182 cumque
493 1115 676 1165 rector
711 1111 892 1182 populi
926 1099 1203 1166 in'mediis
1238 1112 1739 1183 perturbationibus
1768 1113 2005 1168 abstinet
2048 1129 2241 1184 apec-

230 1208 380 1268 cato;
421 1200 570 1254 sicut
615 1211 720 1254 non
750 1206 833 1254 est
861 1208 1243 1271 argumentum
1275 1209 1443 1258 tantae
1474 1201 1777 1266 industriae,
1816 1202 1879 1256 si·
1908 1202 2241 1272 gubernator

151 1335 158 1342 .
231 1287 438 1360 absque
453 1287 698 1358 periculo
724 1288 941 1358 naviget
966 1289 1018 1344 in
1042 1291 1175 1344 mari
1205 1287 1523 1362 tranquillo,
1553 1303 1619 1345 ac
1642 1281 1995 1361 si'navigaret
2022 1290 2077 1344 in
2098 1289 2239 1344 mari

231 1381 628 1449 tempestuoso;
659 1383 716 1430 et
756 1383 936 1438 tamen
977 1377 1046 1432 ad
1094 1377 1419 1432 industriam
1466 1385 1676 1434 naturae
1703 1379 1941 1450 pertinet
1984 1385 2062 1432 ut·
2088 1393 2237 1432 mare

229 1472 660 1536 tempestuosum
697 1465 921 1520 devitet.
961 1466 1054 1521 Sic
1081 1481 1210 1536 ergo
1253 1481 1320 1521 ex
1361 1466 1659 1538 praemissis
1694 1466 1875 1524 verbis
1917 1467 2045 1521 nihil
2091 1465 2237 1521 aliud

231 1555 438 1610 ostendi
488 1560 670 1625 potest
709 1554 808 1608 nisi
847 1555 992 1626 quod
1031 1553 1387 1627 periculosior
1426 1562 1509 1610 est
1552 1561 1732 1611 status
1773 1555 2023 1611 habentis
2051 1569 2239 1610 curam

231 1643 544 1706 animarum·
575 1656 740 1712 quam
769 1643 1054 1711 monacbi;
1099 1649 1154 1698 et
1193 1644 1247 1698 in
1289 1645 1479 1716 majori
1526 1645 1765 1716 periculo
1798 1643 2143 1700 innocentem
2180 1659 2239 1698 so

232 1729 466 1796 servare,
499 1733 722 1802 majoris
751 1733 968 1788 virtutis
995 1739 1080 1788 est
1120 1741 1531 1804 argumentum3
1563 1733 1707 1789 unde
1742 1734 1915 1804 major
1943 1733 2118 1788 virtus
2146 1747 2240 1786 re-

232 1821 462 1894 quiritur
495 1821 562 1875 ad
611 1821 714 1877 hoc
759 1822 903 1894 quod
951 1821 1150 1894 aliquis
1195 1830 1483 1879 conservet
1525 1839 1584 1880 se
1627 1839 1658 1880 a
1686 1832 1912 1896 peccato
1943 1821 2239 1878 immunem

231 1910 368 1964 inter
397 1909 626 1981 populos
665 1925 828 1980 quam
867 1909 920 1964 in
963 1909 1255 1981 religione3
1304 1913 1398 1968 sed
1434 1913 1655 1983 majoris
1683 1913 1905 1967 virtutis
1946 1918 2030 1967 est
2064 1911 2239 1966 vitare

233 1997 469 2069 pericula
499 1996 813 2067 religionem
854 1998 1124 2064 intrand0‚
1163 2014 1328 2071 quam
1365 2001 1607 2072 pericula
1656 2015 1760 2055 non
1791 2001 1987 2060 vitare.
2021 1998 2237 2068 Quanto

233 2087 372 2142 enim
400 2085 602 2158 aliquis
629 2087 802 2156 magis
840 2094 988 2142 amat
1029 2101 1182 2142 suam
1223 2088 1473 2158 salutem,
1523 2096 1675 2144 tanto
1706 2091 1879 2160 magis
1908 2089 2083 2144 evitat
2122 2103 2237 2143 suae

233 2175 421 2231 salutis
455 2175 716 2248 pericula.

295 2265 362 2318 Et
391 2280 492 2337 per
520 2263 622 2319 hoo
645 2264 811 2319 etiam
837 2269 988 2337 patet
1019 2263 1298 2336 responsio
1337 2263 1404 2321 ad
1432 2265 1751 2322 secundum.
1786 2266 1905 2322 Non
1934 2263 2075 2320 enim
2106 2262 2241 2318 dicit

232 2353 370 2425 quod
400 2352 590 2408 mallet
627 2368 746 2408 esse
782 2353 834 2407 in
865 2353 1043 2408 officio
1087 2354 1413 2409 sacerdotali
1446 2369 1608 2426 quam
1641 2354 1695 2408 in
1725 2353 2016 2408 solitudine
2048 2367 2241 2406 mona-

232 2442 452 2497 chorum
496 2458 510 2494 :
541 2441 634 2498 sed
676 2441 818 2514 quod
853 2441 1037 2496 mallet
1075 2441 1288 2512 placere
1319 2441 1372 2494 in
1417 2441 1519 2496 hoc
1556 2457 1719 2513 quam
1766 2442 1817 2494 in
1858 2440 1969 2494 illo.
2000 2438 2240 2508 Quilibet

233 2532 370 2586 enim
423 2530 642 2602 sapiens
688 2531 862 2602 magis
908 2529 1072 2586 vellet
1123 2529 1321 2585 habere
1370 2538 1577 2586 tantam
1627 2531 1885 2585 virtutem
1936 2545 2031 2599 per
2074 2543 2257 2600 quam*

233 2630 410 2690 posset
448 2619 614 2674 etiam
653 2619 790 2673 inter
820 2618 1059 2689 pericula
1089 2633 1316 2672 securus
1359 2619 1612 2683 existere,
1660 2631 1826 2691 quam
1868 2616 2031 2671 talem
2062 2615 2241 2668 virtu-

236 2715 338 2761 tem
369 2723 477 2778 qua
508 2714 691 2779 posset
719 2713 871 2762 extra
911 2707 1153 2780 pericula
1184 2706 1411 2766 servari..
1444 2708 1545 2762 Sed
1572 2705 1704 2778 ‘quia
1745 2716 2250 2779 praesumptuosum

232 2806 310 2851 eet
331 2804 394 2850 ut
415 2795 612 2866 aliquis
634 2794 796 2849 talem
822 2796 1081 2850 virtutem
1109 2811 1166 2850 se
1193 2795 1392 2850 habere
1415 2801 1731 2868 praesumat,
1756 2812 1850 2866 per
1876 2811 2039 2867 quam
2068 2795 2237 2866 possit

233 2887 393 2942 etiam
423 2885 568 2938 inter
591 2883 832 2956 pericula
860 2899 978 2939 esse
1007 2891 1174 2951 tutuS,
1210 2885 1505 2939 virtuosius
1530 2891 1614 2939 est
1642 2884 1785 2956 quod
1818 2899 1876 2938 se
1907 2891 2063 2938 extra
2090 2883 2249 2954 peri--

232 2973 349 3026 cula
393 2979 594 3043 ponat3
638 2971 781 3027 unde
821 2972 938 3042 ipse
977 2971 1161 3027 subdit
1203 2987 1215 3025 ε
1266 2971 1413 3036 Quod
1456 2971 1733 3027 laudabam
1780 2976 1937 3044 tanto·
1969 2969 2143 3025 studio
2185 2975 2250 3026 et·

232 3059 412 3115 bonum
441 3059 877 3132 pronuntiabam,
909 3061 1116 3116 scilicet
1151 3060 1389 3115 officium
1428 3059 1916 3114 administrationis
1945 3057 2238 3113 ecclesias-

232 3150 371 3214 ticae,
402 3165 508 3203 uon
537 3149 720 3220 utique
747 3149 1064 3221 desuyerem,
1095 3147 1142 3204 si
1179 3149 1423 3204 idoneum
1452 3149 1521 3202 ad
1549 3149 1660 3219 ejus
1696 3147 2137 3217 ‚qubernationem-
2155 3161 2233 3200 me

230 3238 475 3292 viderem.
505 3239 805 3292 Prudenter
829 3255 958 3308 ergo
985 3237 1285 3307 refugiebat
1311 3237 1404 3310 qui
1428 3237 1633 3292 tantam
1662 3237 1917 3292 virtutem
1948 3253 2042 3308 per
2068 3250 2251 3308 quam⁴

230 3326 452 3380 idoneus
480 3333 644 3388 esset,
677 3341 782 3380 non
808 3326 908 3380 sibi
941 3326 1170 3397 superbe
1197 3325 1563 3380 adscribebat.

294 3415 363 3469 Et
384 3414 640 3490 similiter
664 3415 943 3486 responsio
973 3421 1120 3486 patet
1151 3415 1216 3468 ad
1252 3415 1493 3470 tertium.
1523 3411 1575 3469 Si
1604 3413 1727 3486 quis
1756 3413 1898 3469 enim
1925 3413 1983 3469 in
2015 3428 2251 3469 convers

228 3505 426 3561 satione
480 3503 782 3558 'multorum
831 3504 1038 3575 positus
1083 3509 1255 3574 potest
1304 3503 1751 3575 imperturbatum
1803 3504 1954 3558 illum
2008 3502 2235 3558 nitorem

222 3593 386 3662 plenae
423 3593 770 3656 sanctitum,-
794 3599 846 3648 et
881 3591 1217 3647 continentiae
1253 3592 1598 3662 splendorem,
1638 3600 1685 3668 et
1724 3591 1833 3647 alia
1863 3591 2287 3670 monachorum·-

228 3680 352 3736 bona
383 3682 706 3752 incorrupta·
743 3689 792 3737 et
830 3682 1134 3736 inconcussa
1165 3697 1378 3736 servare
1418 3699 1435 3736 .·
1475 3680 1713 3736 omnibus
1742 3678 2113 3751 proeferendus
2137 3686 2230 3733 est.

227 3771 442 3842 Majoris
465 3773 613 3826 enim
641 3771 863 3826 virtutis
887 3770 1147 3825 indicium
1187 3779 1268 3826 est
1299 3776 1359 3825 ut
1381 3771 1677 3842 puritatem
1706 3767 2003 3840 perfectam
2035 3765 2254 3838 aliquis·

227 3868 510 3917 conservet
533 3861 702 3924 etiam
739 3861 883 3915 inter
917 3859 1152 3931 pericula
1183 3860 1459 3932 puritatis,
1488 3874 1650 3930 quam
1678 3857 1721 3910 si
1764 3871 1882 3910 eam
1905 3861 2057 3909 extra
2090 3857 2235 3926 peri·-

227 3948 344 4006 oula
371 3955 760 4020 conservar‚et;
799 3950 893 4005 sed
929 3955 1108 4006 tamen
1147 3965 1338 4022 parum
1377 3963 1561 4004 amare
1592 3943 2233 4021 puritatemsuamssconu
