2800 4492
532 341 645 406 394
700 370 709 380 1
800 349 805 354 ’
1006 359 1057 404 s.
1102 357 1337 403 1·quAE
1378 357 1711 409 nouimus
1751 356 2064 404 oruscumi
2103 377 2110 384 ·

534 475 773 533 indebita
802 476 1151 549 proportione
1181 463 1499 546 humorum3
1528 482 1583 532 et
1607 475 1750 532 sicut
1776 475 2079 547 gibbositas
2109 473 2314 532 accidit
2354 489 2426 532 ex
2448 489 2552 531 su-

533 566 964 638 perabundantia
990 566 1171 622 carnis
1204 565 1260 622 in
1303 566 1488 640 aliqua
1519 573 1704 638 parte;
1735 572 1791 621 et
1837 565 1907 621 de
1946 565 2043 622 tali
2075 563 2431 622 deformitate
2457 565 2551 622 vel

535 656 751 711 defectu
784 661 868 710 est
910 654 1109 727 duplex
1143 655 1347 728 opinio.
1384 655 1619 724 Quidam
1649 653 1812 722 enim,
1840 653 2188 710 attendentes
2229 654 2550 710 damnatio-

534 760 660 799 nem
682 743 1053 816 reproborum,
1088 751 1148 799 ut
1175 743 1305 798 nihil
1332 743 1412 798 eis
1440 741 1570 798 mali
1595 744 1831 810 deesset,
1853 743 2133 810 dixerunt,
2166 742 2316 815 quod
2344 742 2550 800 talibus

534 831 972 888 deformitatibus
1015 846 1121 887 non
1150 830 1434 888 carebunt.
1468 831 1574 888 Alii
1608 848 1741 888 vero
1775 817 2122 889 attendentes
2151 831 2418 886 virtutem
2457 848 2550 886 re-

535 921 867 987 suscitantis,
902 925 1015 992 qui,
1047 920 1189 975 sicut
1236 927 1491 976 naturam
1536 920 1781 976 condidit
1813 921 1870 975 in
1912 935 2075 993 opere
2118 920 2440 986 creationis,
2472 921 2551 975 ita

538 1016 785 1077 naturam
818 1009 874 1063 in
904 1007 1301 1065 resurrectione
1330 1009 1629 1082 reparabit,
1662 1009 1873 1074 dicunt,
1905 1008 2051 1082 quod
2080 1023 2272 1064 omnes
2299 1007 2552 1064 defectus

538 1099 629 1172 qui
669 1114 735 1152 ex
774 1096 907 1152 vitio
950 1104 1161 1153 naturoe
1190 1092 1762 1164 -acciderunt,'auctor
1791 1103 2005 1154 naturae
2035 1097 2332 1169 amovebit,
2367 1105 2430 1151 ut
2468 1097 2552 1150 fe-

540 1186 689 1240 brem
714 1191 770 1241 et
802 1183 1143 1256 hujusmodi;
1173 1183 1269 1240 sed
1300 1183 1546 1240 defectus
1581 1185 1675 1257 qui
1703 1201 1769 1240 ex
1803 1200 1971 1257 prava
2009 1183 2294 1240 voluntate
2321 1199 2551 1256 proces-

538 1283 743 1339 serunt,
772 1274 828 1328 in
853 1273 1097 1345 reprobis
1125 1273 1504 1338 remanebunt,
1534 1274 1676 1329 sicut
1705 1281 1832 1328 sunt
1857 1273 2090 1328 maculae
2119 1277 2175 1327 et
2204 1278 2396 1328 reatus
2421 1289 2552 1344 pec·

538 1371 805 1420 catorum.
832 1362 935 1432 Qui
975 1374 1159 1418 autem
1187 1363 1377 1418 borum
1430 1363 1610 1418 verius
1653 1363 1744 1428 sit,
1773 1363 2113 1432 Augustinus
2154 1361 2424 1419 in-Ench.
2454 1362 2552 1416 sub

540 1451 705 1506 dubio
734 1451 1012 1524 relinquit,
1045 1451 1252 1517 dicem,
1276 1451 1420 1522 quod
1446 1452 1597 1507 nulla
1634 1451 1779 1507 debet
1811 1467 1913 1506 esse
1941 1449 2161 1522 quoestio
2183 1449 2247 1506 de
2290 1451 2551 1520 pulchri-

542 1540 723 1596 tudine
752 1540 971 1595 illorum
994 1555 1221 1610 quorum
1248 1546 1324 1595 est
1348 1546 1492 1594 certa
1517 1539 1816 1596 damuatio.

612 1629 706 1684 His
735 1627 883 1697 visis,
910 1627 1069 1685 facite
1094 1633 1244 1704 patet
1272 1628 1475 1684 solutio
1501 1628 1568 1685 ad
1601 1629 1836 1706 objecta.

1202 1807 1658 1868 ARTloULUs
1707 1785 1890 1869 xm(

550 1937 772 2006 ‘Utrum
812 1959 1064 2021 corpora
1106 1940 1530 2006 damnatorum
1575 1943 1910 2021 punientur
1951 1939 2249 2004 vermibus
2295 1946 2358 2005 et
2405 1944 2553 2022 fletu

623 2031 1059 2111 corporalibus.
1092 2065 1171 2078 -—
1200 2029 1369 2110 (Art.
1402 2031 1548 2106 1763
1581 2036 1638 2095 et
1664 2035 1725 2106 4,
1757 2032 1904 2094 dist.
1935 2032 2036 2105 50,
2069 2034 2282 2112 quoeat.
2323 2032 2390 2108 2,
2427 2038 2550 2094 art.

624 2122 685 2196 3,
710 2124 919 2201 qua-st.
950 2122 1022 2196 33
1054 2125 1110 2183 et
1132 2138 1334 2200 opusc.
1366 2120 1470 2196 20,
1496 2137 1629 2200 cop.
1657 2121 1756 2195 40,
1789 2122 1863 2181 41
1895 2125 1952 2184 et
1977 2121 2105 2200 42).

617 2254 698 2311 Ad
726 2255 946 2309 tertium
974 2253 1055 2310 sic
1082 2255 1414 2328 proceditur.
1446 2257 1500 2310 4.
1529 2255 1757 2312 Videtur
1793 2254 1938 2328 quod
1978 2269 2208 2328 corpora
2255 2253 2551 2312 damnato-

548 2361 665 2403 rum
694 2345 983 2417 punientur
1014 2344 1292 2403 vermibus
1328 2350 1383 2400 et
1422 2343 1554 2399 fletu
1583 2343 1978 2415 corporalibus·
2013 2343 2224 2400 Dicitur
2269 2344 2421 2400 enim
2451 2346 2550 2400 Ju-

548 2433 666 2494 dith
709 2433 829 2501 ult„
864 2434 923 2492 2⁴
955 2451 969 2488 ε
998 2433 1164 2490 Dabit
1192 2433 1363 2506 iqnem
1384 2440 1435 2489 et
1461 2448 1661 2488 vermes
1685 2432 1746 2490 in
1772 2448 1959 2487 carnes
1981 2449 2182 2504 eorum.
2207 2433 2317 2489 Sed
2349 2437 2552 2490 vermis

548 2523 845 2598 spiritualis
894 2537 1002 2577 non
1039 2522 1201 2577 datur
1246 2523 1303 2576 in
1343 2538 1584 2589 carnem,
1631 2520 1725 2576 sed
1767 2522 1940 2592 magis
1987 2523 2042 2576 in
2097 2522 2362 2578 animam.
2411 2523 2552 2598 Ergo

550 2614 749 2668 vermis
772 2626 879 2684 quo
904 2611 1117 2682 reprobi
1140 2610 1414 2682 punietur,
1435 2626 1540 2666 non
1565 2616 1651 2667 est
1675 2615 1884 2668 tautum
1907 2609 2227 2682 spirituaiiS,
2253 2611 2351 2667 sed
2383 2613 2550 2668 etiam

548 2699 865 2774 corporalis·
947 2771 958 2778 N
2491 2745 2500 2754 .

619 2795 673 2847 2.
702 2790 859 2853 Item,
895 2789 1056 2844 Lucae
1103 2803 1232 2854 xnr,
1262 2787 1395 2843 dicit
1438 2789 1720 2861 quaesdam
1767 2788 1962 2846 Glossa
2007 2787 2155 2862 quod
2197 2805 2300 2862 per·
2341 2791 2547 2861 fletum,

548 2895 697 2951 quem
724 2876 982 2934 Dominus
1003 2875 1249 2958 ⁶reprobis
1270 2877 1645 2942 comminatur,
1664 2885 1834 2949 potest
1856 2877 2088 2949 probari
2109 2894 2238 2934 vera
2263 2895 2552 2952 corporum

548 2967 869 3025 resurrectio
893 2984 911 3023 .·
944 2966 1091 3040 quod
1118 2981 1225 3022 non
1249 2972 1418 3035 esset,
1438 2967 1482 3023 si
1513 2966 1675 3024 fletus
1695 2966 1784 3022 ille
1809 2977 1952 3023 esset
1983 2974 2197 3024 tantum
2221 2969 2548 3041 spiritualis.

549 3059 687 3128 Ergo
710 3065 820 3114 etc.

617 3149 721 3203 Sed
750 3156 941 3206 contra
968 3155 1054 3204 est
1080 3147 1224 3222 quod
1253 3147 1454 3204 vermis
1481 3162 1591 3219 quo
1615 3147 1910 3219 punientur
1938 3147 2174 3220 reprobi,
2205 3153 2294 3204 est
2317 3146 2556 3206 immor-

550 3237 703 3302 talis;
739 3238 866 3291 lsai.
914 3236 1036 3301 uit„
1066 3239 1133 3292 24
1166 3254 1179 3290 :
1218 3226 1428 3294 Ver-mis
1463 3250 1646 3290 eorum
1684 3235 1790 3292 no‘n
1840 3234 2125 3290 morietur.
2178 3237 2286 3292 Sed
2341 3237 2556 3294 nulium

550 3322 745 3378 nimime!
777 3322 939 3376 habet
959 3322 1201 3377 ordinem
1228 3322 1296 3378 ad
1327 3323 1797 3379 immortalitatem
1827 3323 1931 3384 nisi
1961 3321 2144 3378 homo.
2171 3323 2318 3394 Ergo
2345 3329 2558 3382 vermis

548 3411 637 3467 iile
667 3427 769 3467 non
795 3410 901 3466 erit
930 3409 1246 3466 materialis.

618 3500 919 3565 Praeterita,
952 3499 1006 3553 in
1036 3497 1167 3553 fletu
1192 3498 1461 3570 corporali
1489 3500 1551 3556 fit
1576 3501 1829 3574 quaedam
1862 3501 2120 3558 resoiutio
2151 3501 2556 3576 lacrymarum.

545 3590 647 3646 Sed
680 3604 840 3645 omne
868 3603 1066 3659 corpus
1102 3585 1312 3644 finitum
1352 3604 1383 3644 a
1413 3606 1522 3662 quo
1551 3590 1758 3663 aliquid
1799 3592 2058 3646 continue
2100 3591 2418 3658 resolvitur,
2447 3597 2562 3650 nisi

547 3679 641 3734 fiat
667 3678 850 3751 aliqua
888 3679 1233 3743 restauratio,
1267 3680 1487 3734 tandem
1520 3681 1880 3736 consumitur.
1907 3681 2040 3735 Cum
2085 3697 2216 3752 ergo
2255 3682 2308 3736 in
2350 3699 2568 3756 corpo-

548 3768 705 3822 ribus
722 3769 1101 3824 damnatorum
1141 3766 1287 3824 nulia
1330 3770 1659 3825 restauratio
1707 3769 1802 3825 fiat
1837 3769 2130 3841 deperditi,
2156 3769 2380 3827 videtur
2405 3774 2566 3845 quod
2617 3816 2624 3822 .

548 3855 725 3920 ssetus,
757 3858 848 3928 qui
874 3858 980 3911 erit
1007 3858 1061 3911 in
1090 3858 1171 3912 eis
1198 3867 1507 3931 perpetuae,
1538 3874 1643 3915 non
1670 3861 1774 3916 erit
1799 3859 2116 3916 materialis.

618 3945 938 4017 Respondeo
972 3947 1282 4016 dicendum,
1322 3948 1470 4021 quod
1507 3948 1655 4009 circa
1701 3950 1802 4006 hoc
1853 3949 2204 4022 Augustinus,
2241 3950 2338 4008 lib.
2390 3953 2454 4010 X
2481 3955 2576 4024 ⁴do
