2800 4492
670 341 782 384 xn.
815 355 894 368 —
921 315 1346 388 ouonmssmum
1391 309 1706 380 snpmmu'
2070 321 2184 378 413

163 460 374 516 vivere.
407 457 526 514 Nec
553 453 717 511 debet
751 452 856 509 hoc
881 452 1071 507 referri
1104 458 1315 508 tantum
1348 451 1415 506 aa]
1455 451 1575 506 illos
1604 452 1696 524 qui
1724 451 1929 507 habent
1958 451 2201 508 auctori-

168 558 348 605 tatem
378 541 740 619 praedicandi,
781 542 925 598 sieut
949 547 1078 596 sunt
1109 541 1352 613 pioelati;
1379 541 1474 596 sed
1516 541 1683 595 etiam
1711 541 1777 596 ad
1809 555 1903 596 eos
1930 541 2022 613 qui
2060 556 2201 613 qua-

171 639 544 709 litercumque
588 632 739 689 licite
773 629 1077 704 praedicant
1109 647 1175 686 ex
1203 630 1589 686 commissione
1629 631 1981 702 praelatorum
2028 647 2040 683 ε
2073 629 2201 701 quia

173 726 458 799 stipendia
481 739 591 780 non
621 721 888 777 debentur
917 718 1198 792 potestati,
1225 718 1322 774 sed
1348 719 1499 790 operi
1529 726 1585 775 et
1612 719 1801 786 labori,
1834 725 1893 774 ut
1928 719 2129 774 dicitur
2160 706 2197 773 ιι

179 818 246 872 ad
273 813 521 871 Timoth.
555 827 618 878 ιι,
650 815 682 866 6
715 827 730 864 :
757 809 1116 866 Laborantem
1144 807 1435 880 apriculum
1460 814 1662 880 oportet
1690 808 1931 880 primum
1960 807 2021 862 de
2047 807 2203 879 sruc-

179 906 324 961 tibus
346 917 624 976 percipere
638 917 658 968 ‚·
689 899 884 956 Glossa
917 915 930 952 :
961 896 1167 953 Scilicet
1190 896 1601 967 praedicatorem
1629 895 1721 968 qui
1758 895 1817 950 in
1846 912 1975 968 aqro
2016 895 2199 952 Eccle-

179 996 272 1052 siae
290 993 515 1050 lectione
541 989 690 1046 verbi
714 987 902 1043 excolit
926 985 1088 1041 corda
1101 983 1435 1040 auditorum.
1460 985 1571 1040 Nec
1591 992 1801 1040 tantum
1824 983 1898 1038 ΞΙΙί
1932 985 2021 1056 qui
2056 1002 2201 1056 prae-

181 1085 391 1148 dicant,
428 1085 656 1155 possunt
695 1077 763 1132 do
786 1073 1080 1147 Evangelio
1111 1073 1314 1141 vivere,
1343 1073 1440 1129 sed
1466 1072 1633 1128 etiam
1666 1072 1740 1128 illi
1775 1073 1868 1146 qui
1898 1073 1977 1127 eis
2008 1055 2201 1128 minis-'-

186 1179 336 1229 trant
359 1169 426 1227 ad
459 1167 561 1224 hoc
580 1165 818 1222 officium
845 1161 1238 1236 cooperantes3
1265 1161 1410 1234 quod
1444 1169 1594 1234 patet
1622 1161 1687 1215 ad
1710 1160 1939 1216 Roman.
1970 1176 2067 1231 xv,
2092 1163 2161 1248 22
2188 1157 2217 1216 ε’

185 1264 241 1318 Si
263 1256 643 1333 spiritualium
681 1253 968 1326 participes
989 1250 1124 1323 faeti
1147 1256 1272 1305 sunt
1297 1250 1537 1320 qentiles,
1576 1248 1756 1304 debent
1788 1247 1947 1304 etiam
1974 1249 2033 1304 in
2075 1267 2205 1305 car-

187 1350 399 1408 nalibus
439 1345 758 1402 ministrare
800 1340 905 1408 eis,·
955 1339 1152 1396 Glossa
1202 1356 1216 1392 ε
1267 1339 1477 1394 Eorum
1512 1336 1709 1394 scilieet
1755 1337 2065 1393 Judoeorum
2112 1339 2205 1410 qni

187 1441 456 1497 miserunt
474 1431 855 1506 praedicatores
882 1428 946 1484 ab
975 1425 1374 1497 Hierosolymis.
1415 1426 1568 1482 Unde
1598 1425 1765 1481 etiam
1807 1425 1883 1479 illi
1916 1427 2005 1498 qui
2050 1439 2201 1498 prae·

187 1532 466 1586 dicatores
507 1522 748 1586 mittunt,
792 1525 1016 1593 possunt
1053 1517 1122 1572 de
1165 1514 1343 1570 fructu
1383 1514 1661 1585 Evangelii
1708 1515 1911 1572 vivere.
1960 1515 2201 1568 Tei-liuzi}

188 1635 337 1691 opus,
369 1610 654 1686 spIrttuale
699 1608 842 1681 quod
873 1608 1018 1662 cedit
1064 1605 1117 1660 in
1151 1605 1350 1660 bonum
1379 1618 1685 1679 commune,
1738 1610 1865 1657 sunt
1907 1603 2199 1667 o'ratioiieS‚

188 1723 316 1782 quae
357 1705 489 1759 fiunt
535 1702 589 1755 in
619 1699 766 1753 horis
805 1695 1086 1752 canonicis
1129 1694 1198 1750 ad
1242 1693 1477 1748 salutern
1508 1691 1783 1758 Ecclesiae,
1822 1697 1880 1745 ut
1924 1699 2204 1748 avertatur

191 1801 272 1852 ira
301 1794 398 1848 Dei
430 1805 461 1846 a
492 1787 722 1862 popul03
755 1785 950 1856 ΕῑεοΙιτ
979 1799 1112 1850 xm,
1145 1784 1176 1836 5
1206 1798 1220 1839 ε
1249 1781 1374 1838 Νοη
1400 1780 1717 1853 opposuistis
1746 1797 1831 1834 vos
1860 1791 2075 1834 mierum
2103 1797 2203 1852 pro

188 1886 344 1940 domo
370 1879 560 1942 lsrael,
585 1883 646 1930 ut
674 1873 892 1931 staretis
912 1875 972 1926 in
990 1871 1180 1943 praelio
1209 1871 1266 1924 iu
1294 1869 1378 1925 die
1408 1867 1627 1924 Domini
1636 1887 1656 1936 ,·
1680 1869 1877 1925 Glossa
1908 1885 1921 1923 ε
1948 1867 2204 1922 Precibus

188 1971 523 2030 dimicantes,
565 1971 615 2021 et
657 1961 852 2017 divinae
887 1959 1160 2015 sententiae
1205 1958 1526 2013 resistentes.
1572 1956 1637 2011 Et
1684 1957 1807 2012 ideo
1838 1957 2086 2018 dieiturl
2136 1957 2201 2014 ad

188 2065 317 2118 Cor.
353 2073 435 2125 tx,
469 2057 556 2120 ⁴3,
590 2051 734 2124 quod
765 2050 856 2122 qui
895 2048 1094 2104 altario
1121 2046 1447 2109 deserviunt,
1478 2061 1593 2100 cum
1626 2045 1827 2100 altario
1847 2037 2201 2116 participant.

189 2153 258 2208 Et
295 2151 366 2204 de
395 2146 480 2200 his
523 2139 736 2198 duobus
779 2137 1032 2210 operibus
1074 2136 1208 2190 dicit
1249 2123 1585 2204 Augustinus
1623 2133 1675 2186 in
1718 2133 1808 2186 lib.
1855 2132 1923 2202 de
1953 2135 2207 2204 operibus

190 2235 583 2295 Monachorum
625 2246 638 2283 ε
665 2229 723 2284 Si
757 2226 1086 2296 evangelistae
1120 2230 1266 2287 sunt,
1297 2221 1495 2292 fateor,
1526 2219 1713 2274 habent
1734 2227 2062 2292 potestatem,
2094 2223 2207 2278 sci-

189 2332 302 2385 ioet
345 2319 564 2380 vivendi
594 2319 660 2372 de
701 2315 1008 2387 sumptibus
1051 2311 1309 2374 fidelium,
1342 2309 1469 2380 quia
1500 2307 1559 2362 de
1597 2309 1686 2362 hoe
1716 2309 1971 2380 loquitur.
2011 2310 2069 2364 Si
2098 2312 2205 2366 mi-

189 2413 356 2472 nistri
385 2407 601 2472 attaris,
633 2405 1019 2476 dispensatores
1047 2404 1501 2476 sacramentorum
1537 2402 1693 2462 sunt;
1732 2395 1871 2450 unde
1906 2397 2008 2450 sibi
2046 2398 2204 2452 istam

190 2521 301 2560 non
337 2500 602 2567 arrogant
635 2490 722 2546 sed
763 2488 1044 2544 vindicant
1067 2491 1400 2557 potestatem.
1451 2483 1717 2552 Quartum
1749 2498 1885 2554 opus
1921 2483 2205 2552 spirituale

193 2591 340 2668 quod
380 2583 648 2642 redundat
695 2579 748 2634 in
787 2577 988 2633 bonum
1028 2589 1336 2637 commune,
1385 2579 1471 2626 est
1500 2569 1793 2627 elucidatio
1825 2587 1998 2626 saerae
2038 2573 2204 2644 Serp-

195 2692 357 2737 turae.
384 2673 489 2744 Qui
517 2669 662 2726 enim
687 2662 1036 2722 elucidationi
1067 2675 1240 2716 sacrae
1268 2659 1567 2730 Scripturae
1594 2665 1790 2714 vacant
1816 2659 1884 2714 ad
1918 2659 2055 2716 alios
2092 2661 2207 2716 ins-

195 2765 507 2827 truendum,
529 2764 752 2830 possunt
772 2751 950 2809 dehoc
965 2766 1128 2823 opere
1147 2747 1417 2820 spirituali
1432 2749 1616 2804 vivere
1636 2764 1649 2815 ;
1666 2748 1686 2802 1
1703 2748 1769 2802 ad
1784 2747 2020 2804 Timoth.
2036 2765 2089 2818 v,
2107 2751 2201 2805 ⁴7:

198 2859 304 2926 Qui
347 2855 470 2908 bene
527 2849 768 2920 pressant
814 2838 1142 2913 presbyteri,
1187 2837 1386 2907 duplici
1440 2837 1635 2891 honore
1680 2835 1845 2908 diyni.
1877 2837 2204 2914 habeantur3

194 2947 427 3004 maxime
463 2945 638 2992 autem
673 2932 765 3004 qui
793 2929 1042 2985 laborant
1085 2927 1141 2980 in
1173 2925 1328 2981 verbo
1357 2932 1409 2981 et
1453 2925 1731 2991 doctrinm
1764 2925 1977 2993 Glossa‚
2026 2929 2097 2984 Ut
2134 2930 2208 2984 eis

194 3029 565 3110 spiritualiter
621 3019 885 3082 obediant,
936 3023 984 3072 et
1031 3005 1304 3072 eisteriora
1345 3013 1677 3078 ministrent,
1722 3014 1815 3084 qui
1860 3014 2109 3073 laborant
2150 3019 2206 3071 in

196 3123 383 3188 verbo‚·
413 3116 610 3173 Glossa
638 3129 650 3165 ε
681 3110 702 3164 1
711 3126 743 3162 n
767 3105 1132 3163 exhortatione
1155 3101 1455 3166 scientium,
1488 3109 1535 3156 et
1556 3101 1804 3156 doctrina
1840 3103 2201 3159 nescientium.

197 3214 265 3268 Et
308 3209 416 3264 hoc
443 3203 610 3259 etiam
648 3195 860 3271 planius
894 3193 1028 3248 dicit
1058 3193 1423 3260 Hieronymus
1452 3189 1519 3244 ad
1558 3188 1912 3268 vigilantium
1952 3206 1967 3245 z
1998 3191 2123 3246 Hoec
2152 3193 2209 3248 in

197 3299 374 3358 Judea
404 3307 565 3363 usque
594 3285 744 3344 hodie
779 3286 1081 3356 perseverat
1111 3276 1427 3334 consuetudo
1455 3289 1563 3330 uon
1592 3277 1759 3332 solum
1799 3277 1945 3349 apud
1970 3295 2085 3346 nos,
2122 3282 2210 3337 sed

199 3391 366 3447 etiam
391 3379 533 3454 apud
553 3377 820 3438 Hebraeos,
844 3377 904 3426 ut
924 3370 1018 3442 qui
1043 3369 1102 3423 ia
1123 3368 1231 3438 leye
1258 3363 1477 3421 Domini
1500 3364 1833 3422 meditantur
1852 3366 1934 3424 die
1958 3386 2019 3424 ac
2042 3359 2208 3436 noete,

199 3485 250 3534 et
267 3480 483 3549 partem
505 3484 610 3523 non
635 3463 822 3519 habeut
852 3460 908 3516 in
931 3467 1082 3516 terra
1107 3454 1213 3510 uisi
1235 3454 1402 3508 solum
1429 3454 1614 3519 Deum,
1639 3463 2025 3528 sylia9oqaruni
2051 3461 2211 3514 totius

199 3565 345 3623 orbis
365 3561 654 3633 foveantur
677 3547 1013 3607 ministeriis.
1042 3548 1198 3601 Patet
1227 3559 1355 3614 ergo
1381 3543 1531 3616 quod
1558 3543 1633 3598 illi
1654 3544 1747 3616 qui
1775 3546 2053 3615 praedietis
2078 3561 2210 3617 ope..

201 3654 356 3711 ribus
385 3641 759 3721 spiritualibus
782 3640 1000 3700 vacant,
1036 3648 1141 3689 non
1168 3636 1421 3687 tenentur
1450 3632 1701 3686 manibus
1730 3630 1995 3688 laborare.

275 3741 355 3796 De
380 3737 466 3792 his
491 3741 674 3788 autem
695 3727 788 3800 qui
815 3729 1011 3781 vacant
1034 3719 1412 3793 spiritualibus
1431 3733 1557 3794 qhuae
1576 3734 1681 3774 nou
1706 3719 1913 3774 directe
1938 3721 1992 3774 in
2014 3720 2211 3776 bonurn

202 3839 498 3887 commune
527 3816 852 3879 redundant,
880 3810 974 3866 sed
1002 3810 1055 3865 in
1083 3808 1283 3888 bonum
1313 3805 1583 3873 facientis,
1616 3805 1759 3860 sicut
1786 3813 1913 3862 sunt
1941 3808 2216 3865 orationes

203 3905 463 3994 privatae,
490 3904 718 3983 jejunia,
761 3907 816 3959 et
851 3897 1176 3972 hujusmodi,
1211 3894 1657 3967 distinguendum
1685 3898 1769 3950 est
1804 3911 1817 3950 τ
1854 3894 1982 3968 quia
2012 3905 2105 3955 aut
2140 3898 2213 3955 illi
