2800 4492
98 2534 101 2557 ‘m
98 2298 104 2511 *·“'·-—-—·
98 2218 102 2285 “⁷ss
98 2188 101 2209 ’-
97 1662 107 2177 ’ᾞ-ῄ--υ-
98 1449 110 1651 -“·’.-·--ἰ
98 1414 112 1438 σ-
98 1396 100 1405 ’·
98 1318 110 1385 ·κ“-
98 1302 100 1305 ’
98 1260 101 1291 *fl
98 1161 117 1254 *qm
98 1130 101 1153 -“
98 1101 113 1121 x
98 1076 101 1089 -

730 357 852 419 572
1209 374 1263 421 s.
1304 372 1539 419 maenaa
1578 370 1907 425 Aoumam
1944 370 2243 419 opuscuu

805 490 1126 564 Respondeo
1152 490 1463 556 dicendum,
1482 491 1630 563 quod
1654 490 1876 564 quidam
1896 490 2080 546 dicunt
2108 488 2242 563 quod
2270 487 2465 562 quilibet
2484 502 2610 545 sacer-

733 579 834 636 dos
861 587 1042 653 potest
1071 580 1352 637 absolvere
1380 579 1681 652 quemlibet
1728 594 1759 635 a
1796 578 2038 652 quolibet
2079 586 2320 649 peccato;
2346 580 2395 633 et
2428 576 2611 633 licetnon

733 668 868 723 bene
897 668 1063 724 faciat
1092 667 1441 733 absolvend0‚
1472 674 1653 723 tamen
1684 666 1965 725 absolutus
1990 672 2091 722 est.
2122 666 2186 719 Et
2214 666 2341 721 ratio
2362 666 2515 720 horum
2531 664 2611 725 fuit,

733 756 872 829 quia·
903 755 1064 811 simul
1091 754 1254 811 datur
1291 756 1612 829 presbytero
1648 756 1704 811 in
1738 771 1839 812 sua
1876 755 2212 811 ordinatione
2243 759 2453 827 potestas
2480 768 2613 809 conse-

627 900 634 908 ,
731 843 919 899 crandi
947 858 1146 916 corpus
1182 844 1404 909 Christi,
1433 852 1489 899 et
1518 851 1761 916 potestas
1790 844 2024 900 clavium
2046 860 2060 912 ;
2086 852 2141 899 et
2185 842 2314 908 ideo,
2341 842 2614 913 sicutpotest

731 948 1054 989 consecrare
1089 930 1392 1005 quamlibet
1434 931 1689 999 hostiam,
1736 934 1813 988 ita
1855 938 2035 1005 potest
2080 930 2342 987 absolvere
2382 928 2613 1002 quemlibet.

731 1022 837 1079 Sed
865 1022 965 1077 hoc
987 1028 1074 1078 est
1099 1036 1388 1079 erroneum
1420 1038 1435 1089 3
1466 1022 1596 1095 quia
1621 1020 1802 1076 nullus
1828 1028 2011 1093 potest
2039 1018 2307 1077 absolvere
2334 1017 2510 1091 propria
2528 1032 2616 1072 auc-

719 1111 960 1166 ·toritate
989 1110 1091 1166 nisi
1138 1126 1262 1165 eum
1299 1108 1394 1181 qui
1434 1118 1517 1165 est
1554 1108 1738 1187 aliquo
1770 1108 1930 1164 modo
1963 1108 2067 1165 sibi
2106 1107 2366 1175 subditus3
2392 1105 2495 1179 quia
2516 1113 2617 1161 actus

735 1199 870 1255 fiunt
910 1200 963 1254 in
1003 1198 1232 1255 materia
1274 1198 1512 1271 propria,
1537 1206 1593 1254 et
1633 1196 1904 1253 absolutio
1950 1197 2342 1254 sacramentalis
2374 1195 2618 1265 habetjudi-

735 1288 882 1343 cium
907 1303 1174 1343 annexum
1197 1304 1212 1353 ;
1239 1294 1294 1341 et
1323 1288 1443 1351 hoc,
1476 1285 1687 1343 scilicet
1708 1285 1998 1357 judicium,
2026 1302 2129 1341 non
2157 1293 2237 1340 est
2264 1284 2357 1340 nisi
2380 1286 2423 1338 in
2448 1281 2619 1339 subditos

734 1384 790 1433 et
815 1376 1117 1431 inferiores.
1137 1375 1240 1445 Qui
1266 1391 1396 1447 ergo
1420 1390 1527 1431 non
1554 1374 1719 1430 babet
1746 1375 2047 1443 subditum,
2077 1391 2178 1431 non
2207 1380 2373 1448 potest
2392 1371 2617 1429 absolvere:

735 1473 789 1520 et
829 1464 909 1518 sic
944 1464 1254 1536 jurisdictio
1297 1464 1394 1519 dat
1432 1464 1715 1519 materiam
1760 1463 2032 1519 sacerdoti
2082 1463 2489 1525 determinatam
2518 1474 2621 1513 secus

733 1559 920 1609 autem
943 1563 1027 1607 est
1054 1553 1122 1607 de
1145 1550 1348 1619 hostia,
1371 1566 1497 1625 quae
1520 1558 1603 1607 est
1631 1552 1859 1609 materia
1885 1538 2265 1608 determinatass
2290 1552 2377 1607 Cui
2404 1564 2505 1619 ergo
2525 1546 2621 1601 nulla

733 1656 864 1697 cura
888 1640 1268 1709 committitur,
1297 1639 1462 1695 habet
1493 1640 1701 1697 clavem
1730 1641 1974 1711 ligatam,
2006 1647 2066 1695 ut
2088 1642 2295 1712 juristae
2327 1638 2500 1704 dieunt,
2524 1633 2623 1689 scili·

733 1737 821 1785 cet
845 1730 972 1801 quia
1003 1746 1110 1785 non
1136 1728 1299 1785 babet
1323 1729 1544 1785 omnino
1574 1729 1879 1785 materiam.

803 1817 910 1872 Alii
959 1818 1166 1884 dicunt,
1211 1817 1356 1890 quod
1408 1815 1583 1873 nullus
1630 1826 1809 1887 potest
1852 1818 2021 1873 etiam
2066 1817 2380 1873 auctoritate
2416 1810 2623 1885 superioris

735 1906 945 1977 praeiati
985 1906 1266 1961 absolvere
1289 1904 1586 1961 'subditum
1635 1906 1907 1962 inferioris
1934 1906 2149 1977 proelati
2179 1912 2357 1961 contra
2386 1903 2624 1957 voluntatem

735 1993 931 2063 ipsius;
964 2000 1115 2063 puta,
1149 2009 1254 2049 non
1292 2002 1475 2067 potest
1512 1994 1840 2049 auctoritate
1867 1994 2121 2066 Episcopi
2170 2003 2349 2049 contra
2382 1990 2625 2046 voluntatem

735 2080 1061 2153 parochialis
1101 2081 1337 2154 aliquem
1363 2082 1665 2138 absolvere.
1698 2082 1811 2137 Hoc
1836 2084 2003 2138 etiam
2034 2092 2119 2138 est
2145 2098 2448 2139 erroneum:
2475 2077 2567 2149 quia
2586 2074 2626 2130 ad

734 2166 1122 2223 absolvendum
1154 2170 1449 2243 requiritur
1470 2176 1723 2242 potestas
1750 2168 2112 2225 sacerdotalis
2138 2179 2194 2225 et
2215 2167 2506 2241 jurisdictio.
2527 2162 2629 2234 Epis·

733 2272 902 2329 copus
939 2266 1122 2314 autem
1163 2257 1328 2313 habet
1365 2256 1739 2315 immediatam
1780 2256 2221 2329 jurisdictionem
2252 2259 2309 2312 in·
2337 2270 2519 2321 omnes;
2542 2250 2630 2305 unde

735 2346 1032 2417 Episcopus
1059 2352 1236 2417 potest
1275 2348 1517 2402 omnium
1550 2346 1919 2404 confessiones
1960 2347 2174 2413 audire,
2206 2345 2363 2401 etiam
2404 2351 2555 2399 contra
2572 2354 2631 2394 vo·

734 2434 999 2491 luntatem
1028 2434 1331 2508 presbyteri
1368 2435 1713 2507 parochialis,
1744 2432 1801 2493 et
1833 2432 2093 2513 similiter
2136 2436 2300 2490 etiam
2337 2433 2417 2488 ille
2440 2431 2510 2487 cui
2535 2427 2634 2497 Epis-

732 2524 902 2595 cop'us
951 2525 1266 2591 committit,
1321 2530 1377 2579 et
1426 2522 1596 2580 multo
1652 2526 1823 2596 magis
1862 2521 2109 2594 si'Papa
2161 2522 2457 2578 committit.
2503 2519 2633 2573 Tamen

733 2612 1205 2685 Archiepiscopu3‚
1239 2613 1367 2683 quia
1411 2628 1519 2667 non
1564 2612 1727 2668 habet
1774 2595 2157 2675 immediatam
2196 2609 2577 2683 jurisdictionem
2607 2602 2637 2655 in

734 2716 921 2756 omnes
949 2702 1034 2755 sui
1071 2700 1571 2773 archiepiscopatus
1600 2700 1702 2756 nisi
1726 2718 1793 2757 ex
1816 2676 2333 2791 appellatffiQmon
2358 2684 2518 2771 posset
2539 2689 2638 2750 alicui

733 2786 864 2842 dare
909 2787 1182 2843 licentiam
1242 2788 1325 2843 vel
1377 2789 1763 2844 auctoritatem
1820 2790 2075 2847 audiendi
2116 2787 2478 2853 confessiones
2518 2786 2640 2836 ⁰⁰⁰⁰*

733 2876 1068 2931 voluntatem
1094 2876 1342 2948 Episcopi
1374 2884 1430 2931 et
1454 2877 1728 2934 diocesani
1758 2879 2109 2951 suffraganei.
2226 2864 2270 2923 ’Ν

734 3044 740 3049 ⁴
803 2962 885 3018 Ad
913 2964 1147 3035 primum
1170 2979 1299 3035 ergo
1327 2970 1478 3035 patet
1508 2982 1608 3037 per
1650 2982 1712 3021 ea
1751 2982 1877 3039 quae
1905 2967 2051 3024 dicta
2095 2932 2293 3042 sunt?³
2326 2964 2410 3020 uia
2434 2961 2642 3034 Episcopus

729 3057 787 3108 et
813 3052 958 3125 Papa
990 3052 1110 3125 pius
1137 3057 1316 3123 potest
1341 3068 1507 3124 quam
1535 3054 1809 3110 sacerdos.
2278 2980 2373 3141 Q

741 3178 744 3183 -
801 3140 885 3196 Ad
908 3140 1207 3197 secuudum
1230 3140 1541 3209 dicendum,
1574 3143 1719 3216 quod
1750 3142 1851 3200 hoc
1877 3160 1981 3200 non
2024 3154 2109 3203 est
2140 3138 2355 3225 in'praeJ
2410 3129 2643 3199 dicium‚sed

731 3229 786 3285 in
816 3229 1106 3296 auxilium;
1139 3230 1274 3303 quia
1297 3230 1486 3285 audire
1516 3230 1881 3287 confessiones
1912 3248 2014 3288 non
2044 3244 2129 3291 est
2175 3246 2393 3295 statuta
2484 3228 2527 3283 in
2560 3224 2647 3277 lavo-

731 3334 848 3373 rem
884 3318 1258 3386 sacerdotum;
1291 3320 1429 3375 alias
1456 3328 1637 3376 essent
1669 3320 1901 3379 multum
1946 3324 2189 3381 infelices
2215 3330 2397 3395 servi,
2470 3320 2485 3373 ἰ
2516 3318 2647 3389 propter

729 3405 988 3461 honorem
1012 3406 1357 3463 sacerdotum
1383 3409 1629 3465 confiteri
1656 3418 1879 3481 peccata
1904 3419 2050 3467 esset
2073 3417 2447 3473 necessarium
2484 3402 2581 3461 ’sed
2595 3399 2651 3453 hot

729 3500 814 3553 est
843 3491 1214 3551 introductum
1237 3495 1573 3553 adsalutem
1600 3498 1928 3555 animarum·

1420 3692 1815 3772 QUAESTIO
1870 3669 2029 3766 xx.
2087 3646 2091 3654 ¹
2520 3742 2573 3777 a

797 3846 1006 3903 Deinde
1034 3847 1325 3920 quaesitum
1349 3848 1453 3904 fuit
1476 3850 1543 3906 de
1566 3850 1743 3909 officio
1773 3851 2123 3923 vicariorum,
2149 3861 2334 3913 utrum
2360 3838 2658 4002 vicarwall·

729 3936 884 4005 cujus
910 3935 1079 4007 possit
1104 3936 1252 3992 vices
1280 3952 1407 3993 suas
1432 3940 1773 3997 committere
1798 3941 1979 3998 alteri.
2598 4002 2617 4037 ς

2594 4041 2639 4183 (ζ
