2800 4492
505 466 1196 575 QUQDLIBETUM
1255 478 1903 563 DUODECIMUM

949 799 1348 883 QUAESTIO
1393 804 1447 873 Ι.

263 956 578 1032 Quaesitum
607 968 692 1019 est
725 962 793 1019 de
819 952 983 1020 rebus
1015 978 1139 1037 quae
1165 970 1292 1020 sunt
1331 980 1496 1037 supra
1536 964 1829 1046 hominem,
1862 972 1917 1021 et
1942 938 2205 1021 derebus

195 1050 472 1107 humanis.
505 1052 660 1108 Circa
691 1050 926 1125 primum
968 1052 1261 1126 quaesitum
1293 1062 1376 1110 est
1401 1053 1471 1111 de
1514 1052 1646 1121 Deo,
1678 1054 1748 1110 de
1772 1053 2013 1125 Angelis,
2047 1060 2104 1109 et
2131 1053 2205 1109 de

193 1138 343 1196 caelO.
371 1139 534 1197 Circa
561 1142 792 1213 primum
817 1142 1110 1215 quaesitum
1133 1151 1220 1200 est
1247 1141 1316 1199 de
1343 1144 1459 1198 Deo
1488 1151 1753 1215 quantum
1780 1142 1848 1199 ad
1872 1156 2031 1197 suum
2058 1151 2199 1207 esse,

194 1236 463 1299 quantum
521 1229 590 1286 ad
639 1242 820 1287 suam
843 1230 1165 1303 potentiam,
1219 1238 1523 1305 quantum
1544 1231 1612 1289 ad
1665 1232 1785 1304 ejus
1834 1227 2203 1305 praedestina·

196 1317 422 1375 tionem.

923 1492 1380 1557 ARTIGULUS
1422 1494 1473 1559 1.

203 1625 428 1691 Utrum
457 1628 526 1691 in
551 1628 675 1692 Deo
703 1626 790 1691 sit
817 1632 1056 1706 tantum
1082 1645 1269 1690 unum
1297 1647 1435 1691 esse
1469 1660 1546 1675 --
1578 1628 1637 1707 (l
1659 1632 1861 1709 part„
1890 1632 2101 1710 quest.
2140 1624 2204 1705 3,

644 1740 650 1746 ·
727 1721 852 1779 art.
884 1718 954 1792 33
981 1718 1126 1791 etl,
1157 1717 1304 1779 dist.
1337 1719 1398 1793 8,
1430 1721 1553 1780 art.
1590 1715 1674 1795 1).

262 1850 423 1907 Circa
472 1849 704 1922 primum
735 1849 1029 1922 quaesitum
1059 1857 1161 1913 est,
1197 1855 1380 1906 utrum
1428 1850 1485 1906 in
1527 1851 1640 1907 Deo
1668 1851 1741 1906 sit
1773 1857 1985 1907 tanturn
2031 1863 2200 1908 unum

196 1952 332 2005 csse,
363 1938 579 1996 seilicet
607 1938 912 2005 essentiale,
944 1947 1003 1994 ut
1033 1947 1232 2013 praeter
1256 1939 1388 1996 illud
1420 1940 1464 1996 si
1492 1940 1658 1995 etiam
1695 1940 1746 1995 in
1781 1940 1893 1998 Deo
1919 1956 2039 1998 esse
2070 1939 2200 2013 per-

195 2026 402 2083 sonale.
447 2027 513 2083 Et
555 2028 772 2083 videtur
801 2027 948 2101 qnod
976 2028 1078 2083 sic.
1123 2028 1260 2097 Quia
1289 2028 1437 2084 aliud
1480 2037 1563 2085 est
1593 2030 1811 2083 Patrem
1858 2045 1999 2094 esse,
2049 2030 2199 2085 aliud

196 2110 392 2169 Filium
421 2130 560 2180 esse,
593 2120 650 2170 et
691 2114 837 2169 aliud
867 2110 1127 2185 Spiritum
1161 2120 1413 2169 sanctum
1442 2128 1585 2169 esse.
1616 2112 1722 2169 Sed
1752 2128 1871 2169 esse
1914 2116 2205 2171 essentiale

197 2216 300 2256 non
329 2208 420 2258 est
451 2202 593 2258 aliud
626 2209 682 2257 et
700 2200 870 2258 aliud.
900 2202 1042 2272 Ergo
1067 2205 1175 2256 etc.

265 2294 321 2347 2.
348 2292 644 2358 Praeterea,
679 2290 959 2363 proprium
983 2289 1173 2346 formae
1196 2295 1280 2346 est
1313 2288 1460 2362 quod
1484 2288 1579 2345 det
1608 2299 1749 2346 esse.
1780 2290 1884 2347 Sed
1916 2290 1971 2346 in
2006 2290 2209 2349 divinis

197 2386 321 2433 sunt
366 2388 481 2437 tres
517 2379 882 2453 proprietates
937 2377 1269 2451 personale&
1318 2392 1445 2451 quae
1486 2377 1735 2433 obtinent
1782 2379 1955 2435 vicem
1994 2378 2213 2437 formae.

196 2464 337 2541 Ergo
367 2474 480 2524 etc.
1872 2490 1874 2493 ⁴

263 2558 470 2614 Contra
497 2553 832 2627 Augustinus
861 2554 996 2611 dicit
1023 2571 1037 2609 t
1066 2554 1136 2610 In
1162 2553 1360 2611 (livinis
1384 2559 1592 2611 tantum
1619 2570 1785 2611 unum
1807 2572 1933 2613 esse.

262 2642 590 2715 Respondeo
619 2640 934 2710 dicendum,
962 2641 1108 2713 quod
1145 2640 1351 2696 veritas
1376 2638 1501 2695 fidei
1531 2639 1696 2696 habet
1726 2642 1870 2715 quod
1909 2642 1964 2697 in
1998 2639 2201 2700 divinis

197 2732 376 2787 solum
405 2735 488 2785 εει
513 2728 794 2784 distinctio
815 2745 942 2803 quae
969 2736 1054 2785 est
1079 2728 1378 2785 secundum
1404 2727 1696 2786 relationes
1716 2730 2034 2803 oppositas;
2062 2730 2208 2789 rela-

197 2820 273 2875 tio
298 2826 512 2885 autem,
540 2816 680 2873 sicut
715 2825 770 2873 et
805 2817 1066 2891 quaelibet
1104 2818 1298 2885 forma,
1337 2816 1505 2874 habet
1539 2834 1661 2875 esse
1690 2836 1773 2875 ex·
1798 2822 2208 2895 compar-atione

198 2909 264 2964 ad
295 2908 430 2965 illud
461 2908 548 2963 cui
575 2906 716 2964 inest
745 2924 758 2961 ε
787 2908 930 2963 unde
954 2924 1073 2964 esse
1099 2907 1380 2964 filiationis
1409 2915 1492 2964 est
1519 2924 1617 2982 per
1645 2912 2109 2983 comparationem
2137 2911 2207 2967 ad

198 2998 504 3069 subjectum
529 2995 617 3051 cui
658 2997 818 3053 inest.
845 2985 1060 3053 Relatio
1089 3005 1272 3053 autem
1303 2996 1358 3051 in
1397 2997 1597 3052 divinis
1623 3011 1729 3052 non
1756 2998 2114 3068 distinguitur
2136 2997 2208 3053 ab

200 3100 262 3141 eo
285 3086 376 3141 cui
399 3086 538 3141 inest
565 3084 650 3141 vel
679 3085 732 3139 in
758 3099 867 3156 quo
893 3093 993 3152 est,
1023 3088 1152 3159 quia
1173 3092 1256 3141 εει
1277 3086 1392 3157 ipsa
1411 3100 1499 3140 res
1522 3100 1647 3157 quae
1675 3083 1907 3139 refertur
1928 3102 1942 3153 3
1969 3084 2063 3141 sed
2087 3086 2208 3141 dis-

201 3173 467 3245 tinguitur
496 3173 671 3228 solum
694 3188 758 3227 ex
785 3181 943 3245 parte
968 3174 1084 3243 ejus
1108 3172 1196 3229 cui
1222 3173 1515 3245 opponitur
1542 3188 1556 3225 ε
1584 3180 1639 3227 ει
1667 3187 1733 3226 ex
1764 3170 1864 3227 hac
1908 3172 2063 3245 parte
2094 3176 2201 3229 no‘n

199 3260 576 3318 consideratur
617 3276 736 3316 esse
776 3260 1074 3325 relationiS,
1106 3259 1202 3315 sed
1238 3258 1523 3315 distinctio
1566 3266 1620 3313 ει
1656 3260 1927 3331 oppositio
1965 3262 2115 3333 ejus;
2150 3270 2209 3318 ει

200 3342 322 3407 ideo
346 3360 428 3407 est
455 3351 508 3405 in
535 3350 647 3405 Deo
674 3363 842 3405 unum
870 3357 1083 3405 tanturn
1112 3364 1252 3415 esse,
1281 3346 1491 3404 scilicet
1516 3348 1827 3406 essentiale.

269 3440 352 3495 Ad
377 3440 610 3511 primum
639 3453 766 3509 ergo
791 3438 1102 3505 dicendum,
1130 3436 1277 3511 quod
1301 3452 1423 3493 esse
1446 3436 1738 3511 dupliciter
1758 3438 1961 3496 dicitur
1987 3458 1998 3493 z
2022 3454 2205 3511 quan-

201 3524 380 3599 doque
408 3528 552 3583 enim
598 3540 717 3583 esse
760 3525 904 3582 idern
949 3534 1033 3581 est
1079 3526 1222 3599 quod
1267 3530 1424 3582 actus
1462 3528 1640 3593 enti93
1687 3526 1979 3598 quodoque
2017 3528 2205 3581 autein

208 3613 484 3686 significat
531 3616 979 3690 compositionem
1017 3615 1438 3680 enuntiationis;
1480 3622 1537 3669 et
1578 3615 1660 3670 sic
1700 3612 1974 3684 significat.
2020 3618 2207 3669 actum

201 3705 530 3773 intellectae,
574 3722 683 3779 quo
713 3704 875 3761 modo
907 3702 1226 3776 intelligitur
1259 3702 1481 3777 quando
1522 3701 1726 3757 dicitur
1754 3700 1901 3775 quod
1939 3700 2085 3757 aliud
2116 3711 2201 3758 est

201 3806 321 3849 esse
345 3794 523 3851 Patris
553 3801 607 3849 ει
631 3793 779 3849 aliud
804 3794 944 3861 Filii,
975 3810 1078 3850 non
1106 3795 1286 3866 primo
1315 3790 1495 3847 modo.

271 3883 354 3941 Ad
380 3882 676 3941 secundum
706 3882 1016 3953 dicendum,
1049 3882 1192 3959 quod
1232 3880 1376 3938 sicut
1408 3885 1463 3937 ει
1493 3876 1754 3954 quaelibet
1792 3878 1987 3949 fornia,
2006 3885 2209 3953 pater·
2243 3939 2250 3945 ,
