2800 4492
739 337 751 349 .
813 309 924 360 χιι,
955 327 1036 347 ·-
1065 311 1491 362 Qoooueu'rmu
1534 313 1779 357 numm
2120 296 2126 306 “
2187 287 2301 359 153

302 435 426 489 cato
453 428 611 486 debet
634 422 823 483 haberi
843 443 856 496 ;
877 441 980 483 nee
999 426 1291 495 immerite,
1317 411 1445 501 qula
1469 427 1751 501 perjurare
1774 441 1969 484 nomen
1996 429 2115 501 Dei,
2146 430 2304 487 vido-

289 531 392 578 'tur
433 517 688 593 quaedam'
725 515 896 572 divini
944 517 1180 573 nominis
1217 517 1506 590 denegatio
1536 533 1552 573 ι
1582 517 1727 574 unde
1773 518 2071 575 secundum
2124 519 2301 578 iocum

283 606 423 687 'post
451 606 762 666 idolatriam
789 613 1077 678 peccatum
1105 605 1332 679 perjurii
1349 612 1523 675 tenet,
1556 613 1617 660 ut
1662 621 1740 661 ex·
1768 605 1956 664 ordine
1994 616 2305 680 praecepto·-

297 715 420 759 rum
446 701 700 773 apparet3
728 695 824 751 sed
849 703 903 752 et
932 695 1074 768 apud
1099 695 1347 752 Gentiles
1365 693 1752 768 jusjurandum
1790 704 1909 753 erat
1938 695 2302 756 honoratissi-

295 803 466 854 mum,
495 791 558 841 ut
586 784 786 840 dieitur
809 783 867 839 in
895 783 1362 857 IMetapbysiceS.

285 872 294 876 “
368 877 578 934 Primas
607 878 790 932 autem
817 873 1060 929 rationes
1084 873 1457 928 concedimuS.

367 964 450 1022 Ad
478 962 609 1019 illud
637 975 765 1018 vero
791 959 940 1034 quod
976 959 1032 1016 in
1061 961 1395 1016 contrarium
1428 957 1701 1032 objicitur,
1731 951 2039 1031 dicendum,
2076 961 2221 1036 quod
2246 963 2301 1020 in

290 1053 502 1127 judicio
524 1051 761 1108 humano
790 1065 903 1106 vnon
927 1065 1142 1122 semper
1169 1049 1454 1122 quantitas
1478 1065 1655 1122 poenae
1685 1049 1979 1122 respondet
2005 1052 2301 1123 quantitati

296 1141 474 1215 culpae
505 1157 518 1197 ε
553 1139 827 1197 interdum
856 1138 1002 1193 enim
1038 1137 1315 1209 infligitur,
1333 1139 1505 1210 major
1544 1153 1707 1212 poena
1748 1153 1847 1210 pro
1886 1139 2081 1194 minori
2118 1140 2296 1214 culpa,

295 1229 516 1308 quando
545 1227 766 1300 gravius
786 1235 1170 1283 nocumentum
1191 1226 1440 1282 imminet
1469 1226 1779 1283 hominibus
1806 1242 1873 1283 ex
1902 1229 2095 1286 minori
2118 1229 2301 1302 culpa.

294 1320 403 1376 Sed
433 1317 732 1374 secundum
753 1317 847 1372 Dei
872 1315 1144 1389 J'udicium
1172 1315 1392 1388 gravior
1416 1315 1573 1388 culpa
1596 1316 1833 1387 graviori
1859 1332 2023 1389 poena
2049 1319 2298 1391 punitur-3

292 1409 461 1476 unde,
478 1415 539 1462 ut
575 1405 894 1462 ostendatur
937 1404 1180 1476 gravitas
1222 1403 1493 1474 idolatriae
1534 1412 1590 1460 et
1633 1405 1880 1476 periurii,
1914 1388 2205 1479 postquam
2246 1407 2299 1462 in

294 1498 473 1570 primo
503 1501 788 1568 praecepto,
813 1494 1026 1550 dixerat
1055 1509 1068 1546 ε
1097 1492 1222 1550 Non
1263 1491 1514 1547 ador-abis
1540 1508 1605 1548 ea
1648 1509 1809 1565 usque
1848 1495 1995 1560 coles,
2023 1493 2298 1561 subditur,

290 1586 468 1644 Exodi
497 1601 599 1648 xx,
625 1586 664 1665 *5
697 1601 709 1638 :
743 1584 856 1655 1390
890 1599 1006 1638 sum
1033 1581 1294 1638 Dominus
1323 1582 1465 1637 Deus
1493 1588 1685 1639 tuus...
1718 1582 1943 1638 visitans
1990 1583 2301 1656 iniquitates

290 1683 514 1750 patrum
550 1673 610 1729 in
656 1671 828 1745 filios3
875 1677 948 1726 et·
975 1678 1270 1744 postquam
1313 1670 1527 1726 dixerat
1568 1671 1729 1740 (vers.
1762 1670 1867 1742 7).
1902 1669 2027 1728 Nou
2072 1688 2301 1728 assumes

291 1779 484 1820 ποιιιεη
505 1760 724 1828 Domini
750 1761 850 1816 Dei
879 1759 961 1816 tui
989 1760 1049 1816 in
1081 1775 1295 1824 vamum,
1327 1758 1621 1814 subditur:
1652 1759 1764 1816 Neo
1788 1757 1927 1815 euim
1969 1759 2173 1818 habebit
2206 1761 2299 1848 in-

289 1859 496 1914 soutem
521 1851 780 1910 Dominus
808 1865 924 1906 eum
954 1847 1047 1924 qui
1075 1847 1361 1922 assumpsit
1383 1863 1571 1908 nomeu
1602 1847 1821 1905 Domini
1847 1847 2115 1922 frsustra

955 2083 1411 2144 ARTIOULUS
1462 2081 1635 2142 XIX.

301 2241 525 2307 Utrum
542 2235 775 2314 faciens
799 2235 1008 2294 contra
1031 2229 1513 2294 constitutionem
1533 2228 1842 2308 Papoepeo·
1866 2227 2295 2312 iquorautiam,

375 2347 495 2402 nou
508 2330 726 2406 peccet.
755 2356 834 2368 --
863 2321 981 2402 (Do
1005 2319 1202 2392 Mala,
1233 2323 1441 2400 quoest.
1472 2319 1533 2392 3,
1566 2324 1688 2381 art.
1722 2321 1783 2392 7,
1820 2320 1889 2393 8;
1926 2321 2058 2394 1-2,
2086 2327 2294 2400 quaest.

376 2419 476 2492 90,
509 2420 610 2480 art
637 2417 697 2488 4,
730 2428 925 2492 ooo-p„-
953 2413 1008 2473 et
1029 2409 1106 2472 de
1146 2407 1302 2483 Ver„
1329 2411 1543 2488 quoest.
1580 2409 1677 2482 17,
1706 2412 1825 2469 art.
1856 2408 1915 2482 3,
1946 2410 2138 2498 corp.)

366 2569 448 2628 Ad
485 2567 707 2626 tertium
754 2563 834 2619 sic
883 2559 1219 2635 proceditur.
1246 2555 1565 2613 t.²Videtur
1600 2555 1745 2642 quod
1789 2556 1883 2630 qui
1925 2552 2056 2613 facit
2108 2564 2299 2615 contra

271 2653 743 2720 'constitutionem
775 2655 932 2724 Papae
973 2665 1068 2722 per
1106 2644 1491 2719 ignorantiam,
1524 2661 1628 2701 non
1661 2651 1869 2718 peccet.
1900 2645 1971 2702 Ut
2010 2646 2153 2704 enim
2182 2651 2302 2704 Au-

291 2749 549 2824 gustinus
571 2743 726 2810 dicit,
731 2745 1041 2816 peccatum
1082 2735 1218 2792 adeo
1249 2735 1345 2790 es't
1383 2732 1771 2799 voluntarium,
1806 2733 1949 2807 quod
1997 2734 2057 2790 si
2076 2750 2181 2791 non
2214 2743 2298 2792 est

291 2836 684 2900 voluntarium,
713 2846 818 2886 non
848 2834 931 2884 est
959 2833 1261 2901 peccatum.
1289 2822 1393 2880 Sed
1425 2823 1733 2895 ignorantia
1762 2828 1953 2879 causat
1980 2822 2298 2881 involunta-

289 2930 459 2994 rium,
493 2931 553 2982 ut
577 2923 777 2978 dicitur
803 2919 860 2975 in
889 2917 960 2973 111
989 2914 1166 2972 Ethic.
1197 2913 1340 2986 Ergo
1378 2911 1524 2986 quod
1568 2911 1629 2968 fit
1638 2927 1755 2985 per
1783 2911 2164 2984 ignorantiam,
2192 2928 2299 2969 non

185 3025 198 3038 '
291 3024 380 3076 est
403 3020 710 3090 peccatum.

366 3111 420 3165 2.
450 3105 742 3164 Praeterea,
773 3093 1070 3152 secundum
1103 3091 1247 3165 jura,
1277 3089 1531 3146 dominus
1572 3094 1752 3161 potest
1788 3094 2037 3161 repetere
2078 3103 2297 3148 servum

292 3212 455 3254 suum
477 3192 789 3250 ordinatum
815 3189 935 3257 post
959 3189 1166 3238 certum
1197 3185 1431 3251 tempus.
1451 3178 1566 3233 Hoc
1591 3185 1776 3234 autem
1800 3176 1964 3233 debet
1984 3181 2295 3251 computari

291 3305 326 3346 a
367 3295 612 3358 tempore
653 3271 1028 3338 ordinationiS,
1065 3285 1172 3326 non
1221 3283 1252 3324 a
1297 3268 1539 3341 tempore
1584 3265 1814 3323 notitiae.
1846 3265 1989 3338 Engo
2040 3266 2299 3341 obligatio

289 3367 704 3434 constitutionis
725 3367 886 3438 Papae
913 3360 1117 3431 obligat
1143 3374 1174 3414 a
1201 3367 1444 3429 tempore
1470 3355 1703 3412 notitiae.

361 3463 471 3521 Sed
494 3466 704 3521 contra,
735 3449 1042 3553 ignorantia
1055 3447 1201 3524 juris
1229 3461 1337 3502 non
1361 3449 1605 3500 excusat.
1636 3443 1743 3501 Sed
1778 3443 2099 3501 constitutio
2128 3446 2297 3518 ·Pap‘ae

289 3553 426 3610 facit
448 3551 561 3623 jue.
581 3547 723 3617 Ergo
749 3539 842 3616 qui
872 3533 1003 3596 facit
1031 3540 1224 3593 eontra
1251 3533 1698 3591 constitutionem
1722 3533 1883 3607 Papae
1912 3549 2009 3607 per
2036 3534 2299 3604 ignoran-

289 3643 451 3750 tiam,
478 3654 585 3696 non
609 3637 918 3691 excusatur.

361 3725 684 3801 Respondeo
725 3717 1035 3782 dicendum,
1078 3713 1224 3788 quod
1260 3709 1568 3784 ignorantia
1610 3725 1736 3784 quae
1781 3715 1895 3766 est
1904 3723 2075 3766 eausa
2114 3717 2290 3780 actua,

287 3824 486 3877 causat
505 3809 956 3874 involuntarium
975 3803 1118 3861 unde
1133 3817 1348 3874 semper
1362 3805 1607 3868 excusat,
1623 3797 1727 3855 nisi
1759 3797 2197 3870 ipsaignorantia
2220 3801 2292 3858 sit

285 3910 601 3984 peccatum.
630 3898 726 3957 Est
761 3903 945 3960 autem
971 3891 1279 3966 ignorantia
1307 3895 1613 3964 peecatum,
1642 3885 1861 3962 quando
1906 3886 2155 3958 ignorat·
2169 3889 2294 3963 quis
