2800 4492
719 402 732 409 ..
754 313 872 393 xri.
900 360 979 377 ·-
1007 342 1437 397 ouonmnss‘rmu
1477 344 1757 392 Daemon
2124 326 2260 411 507„
2292 320 2295 323 ’

253 458 572 532 specificam
601 476 668 517 ex
696 460 800 518 hoc
827 464 974 537 quod
997 468 1080 519 est
1109 462 1420 531 rationali53
1452 478 1579 519 cum
1606 480 1711 519 non
1740 463 1813 519 sit
1841 460 2123 519 rationalis
2150 460 2257 517 nisi

254 565 323 603 ex
348 550 451 605 hoc
476 532 622 623 quod
653 548 951 607 intellectui
980 554 1346 624 conjungitur.
1372 554 1567 609 Restat
1592 569 1721 624 ergo
1750 552 1936 625 quod
1922 568 2041 625 ipsa
2072 551 2257 607 anima

253 637 513 707 humana,
543 656 668 712 quae
697 646 781 695 est
809 640 982 697 forma
1013 643 1272 714 corporis,
1306 643 1379 698 sit
1403 642 1854 715 incorruptibilis.

326 728 409 784 Ad
443 728 676 801 primum
704 744 834 801 ergo
863 729 1170 796 dicendum,
1205 732 1348 802 quod
1378 732 1561 787 anima
1600 732 1807 803 indiget
1847 730 2028 804 aliquo
2058 745 2259 802 corpo-

255 816 360 873 rali
387 818 454 873 ad
480 822 634 873 su‘am
653 818 1044 891 operationem
1073 818 1382 891 dupliciter.
1410 820 1527 875 Uno
1564 820 1723 876 modo
1758 820 1899 875 sicut
1929 834 2153 891 organo
2165 835 2259 891 per

259 906 406 979 quod
431 912 704 979 operetur,
738 908 880 963 sicut
915 907 1124 979 indiget
1153 907 1308 964 oculo
1345 907 1415 963 ad
1447 907 1738 967 videndum
1767 927 1780 965 :
1808 916 1862 967 et
1891 910 1971 965 sic
2002 910 2067 965 ad
2096 908 2260 963 intel-

259 995 536 1067 ligendum
566 1012 670 1051 non
718 996 924 1067 indiget
949 996 1133 1069 aliquo
1163 1012 1386 1067 organ0,
1415 1002 1476 1053 ut
1514 998 1803 1069 probatum
1844 1006 1947 1054 est.
1976 998 2031 1053 Si
2074 1004 2257 1054 autem

259 1086 341 1139 sic
372 1084 641 1156 indigeret
675 1100 876 1155 organo
907 1084 974 1141 ad
1016 1085 1446 1157 intelligendum,
1480 1094 1623 1143 esset
1648 1086 2037 1160 corruptibilis,
2070 1092 2259 1159 utpote

260 1188 369 1229 non
392 1178 583 1245 potens
611 1191 708 1246 per
731 1190 788 1229 se
819 1174 1052 1247 operari.
1083 1174 1202 1229 Alio
1231 1176 1392 1230 modo
1425 1175 1604 1231 anima
1636 1176 1703 1231 ad
1742 1175 2075 1248 operandum
2113 1175 2260 1229 indi-

261 1267 354 1331 get
375 1262 558 1334 aliquo
587 1262 855 1335 corporali
879 1264 1020 1319 sicut
1046 1262 1280 1335 objectu,
1308 1264 1451 1319 sicut
1472 1264 1541 1319 ad
1574 1264 1869 1321 videndum
1900 1263 2106 1334 indiget
2135 1280 2261 1319 cor-

260 1366 392 1423 pore
433 1349 692 1417 colorat0,
721 1360 776 1408 et
812 1352 892 1407 sic
931 1352 1112 1408 anima
1157 1352 1443 1409 rationalis
1486 1352 1695 1425 indiget
1742 1354 1811 1409 ad
1851 1352 2260 1425 intelligendum

260 1439 663 1511 phantasmate,
713 1440 842 1512 quia
887 1442 1270 1513 phantasmata
1318 1447 1445 1497 sunt
1500 1449 1558 1498 ut
1611 1442 1866 1497 sensibile
1910 1442 2261 1497 intellectiva}

262 1527 478 1594 animae,
501 1534 561 1582 ut
589 1528 792 1585 dicitur
821 1544 888 1585 ιιι
917 1529 986 1583 de
1010 1529 1203 1585 Anima
1245 1514 1399 1599 (text.
1424 1544 1622 1585 comm.
1652 1532 1760 1601 30).
1785 1528 2047 1601 Operatio
2074 1535 2255 1585 autem

262 1632 389 1689 quai
444 1618 524 1672 sic
563 1617 770 1688 indiget
817 1618 999 1690 aliquo
1048 1618 1336 1689 corporali,
1371 1634 1402 1673 a
1441 1618 1707 1691 principio
1761 1634 1867 1674 non
1915 1622 2095 1690 potest
2143 1617 2260 1673 sine

262 1704 533 1775 corporali
563 1704 670 1770 illo,
705 1712 886 1777 potest
911 1712 1092 1761 autem
1123 1714 1312 1779 postea
1341 1722 1354 1762 ε
1387 1708 1529 1763 sicut
1559 1708 1741 1763 anima
1767 1706 2027 1762 sensitiva
2060 1704 2263 1759 nullam

261 1793 636 1865 operationem
671 1793 868 1850 habere
897 1802 1076 1866 potest
1105 1795 1209 1853 nisi
1241 1794 1393 1868 prius
1420 1786 1737 1852 moveatura
1766 1794 2113 1852 sensibilibus
2138 1808 2263 1864 quae

265 1888 393 1937 sunt
421 1890 574 1937 extra
605 1883 840 1937 animam
853 1900 872 1951 ;
901 1883 998 1939 sed
1039 1890 1306 1956 praeterea
1345 1889 1593 1941 remanet
1638 1891 1795 1941 actus
1834 1883 2260 1955 imaginationis,

265 1970 432 2027 etiam
457 1971 800 2027 sensibilibus
830 1973 1454 2042 abeunt.ibus;similiter
1473 1975 1767 2031 destructis
1792 1972 2262 2046 phantasmatibus
2307 1984 2315 1992 ·

265 2060 510 2133 operatio
539 2059 873 2117 intellectiva
904 2062 956 2115 in
982 2062 1161 2117 anima
1182 2076 1465 2117 remanere
1498 2070 1695 2135 potest.

335 2148 418 2204 Ad
449 2148 747 2205 secundum
776 2148 1084 2203 dicendum.
1119 2150 1261 2221 quod
1291 2150 1378 2205 illa
1406 2150 1545 2205 ratio
1570 2156 1653 2205 est
1678 2150 1928 2223 probatio
1954 2148 2262 2219 Philosophi

267 2239 322 2293 in
353 2253 372 2292 1
398 2236 532 2293 Coel.
564 2243 619 2292 et
643 2238 846 2303 Mundi,
877 2237 969 2310 qui
1014 2238 1270 2303 ostendit,
1297 2237 1442 2309 quod
1486 2254 1643 2293 omne
1668 2245 1989 2309 generatum
2026 2242 2109 2292 est
2138 2252 2267 2292 cor-

268 2325 523 2397 ruptibile
550 2341 563 2379 2
593 2332 646 2381 et
676 2325 838 2381 habet
862 2326 1036 2381 locum
1067 2326 1120 2379 in
1154 2325 1258 2380 illis
1287 2342 1411 2399 quae
1441 2327 1577 2381 fiunt
1618 2334 1673 2381 et
1713 2331 2133 2397 corrumpuntur
2164 2342 2266 2380 na-

269 2413 550 2481 turaliter;
580 2415 630 2467 in
661 2414 859 2487 quibus
887 2430 952 2468 ex
983 2413 1197 2469 defectu
1231 2414 1453 2469 virtutis
1482 2423 1563 2469 est
1594 2415 1736 2487 quod
1770 2430 1873 2469 non
1904 2420 2133 2485 possunt
2166 2430 2267 2468 nec

267 2518 483 2573 semper
515 2502 680 2557 fuisse
718 2518 822 2557 nec
847 2518 1060 2574 semper
1089 2502 1245 2559 fore:
1273 2518 1381 2558 non
1429 2496 1611 2558 autem
1656 2502 1818 2557 habet
1867 2502 2044 2557 locum
2092 2501 2147 2556 in
2186 2502 2267 2557 his

267 2607 394 2666 quae
423 2607 518 2662 per
546 2591 880 2647 creationem
911 2590 1066 2657 fiunt,
1097 2607 1223 2664 quae
1249 2591 1526 2663 accipiunt
1556 2608 1586 2647 a
1622 2593 1732 2646 Deo
1764 2591 2023 2645 virtutem
2048 2594 2110 2645 ut
2156 2591 2266 2645 sint

268 2696 501 2752 semper,
531 2696 626 2752 per
654 2695 821 2753 quam
842 2696 960 2735 esse
991 2694 1094 2735 non
1122 2686 1350 2753 possunt
1379 2686 1677 2752 antequam
1702 2696 1821 2735 eam
1854 2678 2146 2751 accipiant.

338 2770 422 2825 Ad
453 2770 678 2824 tertium
697 2767 1006 2838 dicendum,
1035 2768 1183 2841 quod
1213 2769 1394 2825 anima
1420 2784 1539 2823 esse
1568 2774 1724 2824 suum
1751 2767 2117 2824 communicat
2142 2783 2269 2824 cor-

267 2859 424 2932 pori3
451 2858 597 2931 quod
628 2858 848 2932 quidem
875 2858 950 2914 ita
981 2858 1284 2931 acquiritur
1309 2858 1506 2914 animae
1537 2858 1589 2913 in
1615 2866 1859 2930 corpore,
1880 2864 1940 2912 ut
1968 2856 2268 2913 secundum

271 2950 452 3021 ipsum
475 2946 768 3003 subsistere
795 2948 993 3019 possit,
1018 2950 1163 3021 quod
1190 2962 1294 3003 non
1323 2955 1404 3003 est
1426 2948 1493 3003 de
1524 2946 1645 3003 aliis
1672 2948 1885 3013 formis;
1910 2954 1965 3001 et
1990 2948 2070 3001 sic
2091 2947 2267 3017 ipsum

269 3052 390 3093 esse
423 3037 618 3092 animae
655 3036 716 3091 fit
751 3052 870 3092 esse
906 3036 1214 3109 compositi,
1247 3044 1302 3091 et
1344 3042 1525 3092 tamen
1570 3042 1752 3091 manet
1795 3034 2096 3105 composito
2139 3034 2268 3087 des-

269 3133 476 3182 tructo-

340 3214 424 3270 Ad
455 3220 712 3285 quartum
735 3212 1202 3285 ergodicendum,
1232 3212 1375 3287 quod
1422 3212 1603 3268 anima
1650 3209 1947 3269 secundum
1986 3224 2140 3265 suam
2177 3224 2270 3264 es-

266 3304 502 3360 sentiam
555 3309 638 3359 est
686 3303 857 3358 forma
903 3302 1180 3374 corporis;
1229 3316 1330 3356 nec
1367 3301 1646 3357 destructo
1690 3315 1917 3372 corpore
1967 3298 2269 3355 destruitur

269 3394 450 3450 anima
480 3398 747 3466 quantum
776 3393 842 3447 ad
875 3390 929 3447 id
971 3390 1271 3445 secundum
1298 3389 1444 3463 qnod
1475 3397 1557 3447 est
1588 3388 1779 3459 forma,
1814 3388 1907 3445 sed
1956 3387 2131 3445 solum
2168 3386 2271 3443 de·-

267 3483 398 3539 sinit
427 3497 546 3539 esse
575 3481 791 3539 forma
779 3498 834 3537 in
865 3486 1011 3537 actu.
1091 3522 1093 3524 .

991 3680 1384 3759 QUAEsTIO
1434 3680 1573 3777 Ivg

257 3884 262 3889 .
343 3840 548 3897 Deinde
573 3840 839 3914 quaeritur
867 3840 935 3897 de
961 3841 1276 3913 operatione
1307 3840 1533 3906 animae:
1568 3843 1619 3891 et
1650 3836 1794 3892 circa
1824 3834 1925 3891 hoc
1950 3840 2273 3907 quaeruntur

267 3930 378 3989 duo
410 3948 422 3985 :
453 3931 514 3984 ⁴⁰
531 3938 710 3986 utrum
737 3928 1264 3986 animaintellectiva
1295 3928 1477 3985 omnia
1494 3942 1617 3999 quae
1644 3925 1941 3998 cognoscit,
1971 3928 2266 3997 cognoscat
