2800 4492
739 326 828 377 Χῑ.
861 341 941 354 -·-·
967 327 1034 372 ΙΝ
1083 327 1352 372 ΒΟΕΤΙΌΜ
1393 327 1471 371 ΒΕ
1512 327 1839 374 mmmmm
2213 314 2295 374 43

269 439 592 513 pertingere
631 441 701 497 ad
737 455 804 498 ea
845 456 968 514 quae
1009 446 1134 498 sunt
1174 441 1300 498 fidei
1347 443 1745 514 cognoscenda,
1778 442 1915 500 alias
1960 450 2147 516 posset
2195 461 2293 516 per

267 529 568 586 scientiam
603 527 820 594 haberi,
846 544 972 602 quae
1011 536 1270 587 causatur
1299 547 1365 588 ex
1397 547 1464 587 eo
1505 531 1651 605 quod
1690 531 2070 589 conclusiones
2116 533 2291 589 resol-

271 623 486 672 vuntur
509 617 566 673 in
595 617 861 692 principia
881 619 1205 676 naturaliter
1233 627 1384 677 uota.
1416 622 1551 676 Cum
1580 635 1712 692 ergo
1736 620 2036 693 perfectum
2074 620 2292 677 dicatur

273 705 494 779 aliquid
535 706 624 762 cui
666 705 799 761 nihil
836 705 992 763 deest
1032 722 1221 766 eorum
1277 723 1402 781 quae
1446 709 1608 764 debet
1648 707 1869 778 habere,
1915 714 1973 765 ut
2017 695 2295 768 dicitur'v

269 793 449 852 Meta.
473 795 692 852 videtur
721 793 865 866 quod
891 794 1052 852 homo
1082 794 1188 852 fide
1215 811 1324 853 non
1353 797 1617 869 indigeat.

353 886 407 938 3.
435 883 592 948 Item,
622 883 998 955 unusquisque
1021 883 1238 954 sapiens
1275 885 1342 940 ad
1382 885 1807 957 perveniendum
1846 885 1902 942 in
1939 885 2102 942 finem
2138 887 2289 944 viam

271 971 440 1043 eligit
483 971 790 1029 breviorem
821 987 836 1026 ι
867 971 963 1029 sed
991 971 1264 1029 difficilius
1306 973 1523 1030 videtur
1563 977 1831 1031 creaturae
1869 990 1935 1030 ea
1965 989 2089 1048 quae
2127 990 2292 1046 super

273 1060 554 1116 rationem
597 1066 724 1116 suut
779 1059 1020 1129 credere,
1071 1067 1128 1116 et
1167 1060 1326 1118 valde
1371 1061 1735 1134 periculosum
1786 1062 2115 1130 hominibuS,
2162 1079 2289 1120 cum

277 1147 440 1203 multi
480 1163 512 1203 a
537 1153 684 1204 statu
725 1147 922 1216 salutis
949 1148 1205 1204 decidant
1235 1166 1332 1223 per
1378 1150 1481 1206 hoc
1520 1132 1665 1223 cuod
1715 1166 1820 1206 non
1862 1151 2128 1221 credunt;
2159 1168 2289 1223 ergo

273 1235 500 1294 videtur
529 1236 674 1310 quod
705 1237 850 1293 Deus
877 1236 972 1311 qui
1001 1241 1084 1296 est
1117 1237 1573 1311 sapientissimus„
1606 1256 1713 1296 non
1740 1238 1932 1298 debuit
1974 1240 2121 1297 viam
2160 1241 2289 1297 fidei

272 1341 593 1400 praeparare
615 1325 923 1381 hominibus
951 1325 1019 1382 ad
1049 1326 1300 1382 salutem.

353 1416 406 1470 4.
453 1415 609 1483 ltem,
643 1413 973 1486 ubicumque
1017 1422 1100 1470 est
1141 1415 1389 1487 acceptio
1436 1415 1745 1489 aliquorum
1786 1417 2132 1489 cognitorum
2170 1418 2290 1475 sine

269 1502 507 1575 judicic,
536 1511 618 1558 est
648 1502 739 1560 via
774 1502 953 1559 facilis
989 1503 1058 1558 ad
1088 1519 1328 1560 errorem
1356 1520 1368 1558 :
1395 1504 1494 1560 sed
1542 1519 1650 1560 non
1693 1503 1957 1560 habemus
1996 1505 2205 1577 aliquid
2236 1507 2290 1560 in

275 1591 458 1660 nobis,
491 1607 588 1664 per
614 1590 758 1664 quod
779 1590 1050 1664 possimus
1072 1591 1323 1662 judicare
1365 1591 1435 1648 de
1478 1591 1561 1647 his
1598 1608 1723 1666 quae
1765 1609 1859 1665 per
1889 1592 2051 1648 fidem
2081 1593 2292 1665 accipi-

277 1696 424 1748 mus,
444 1695 570 1736 cum
595 1679 843 1736 naturale
861 1679 1130 1752 judicium
1159 1681 1227 1736 ad
1253 1680 1561 1752 hujusmodi
1593 1696 1699 1736 non
1724 1697 1785 1736 se
1806 1682 2083 1751 extendat,
2099 1688 2289 1755 utpote

275 1768 554 1826 rationem
595 1768 948 1839 excedentia3
991 1784 1122 1840 ergo
1163 1774 1315 1840 patet
1359 1769 1451 1826 via
1485 1769 1662 1826 facilis
1710 1770 1779 1826 ad
1822 1785 2081 1838 errorem,
2110 1776 2166 1826 et
2210 1771 2287 1827 ita

273 1859 501 1916 videtur
543 1857 747 1913 homini
791 1857 974 1929 potius
1013 1873 1133 1913 esse
1174 1859 1394 1915 noxium
1436 1873 1602 1932 quam
1642 1858 1794 1925 utile,
1821 1865 1883 1915 ut
1917 1858 2185 1932 dirigatur
2231 1860 2285 1914 in

271 1949 457 2006 Deum
481 1963 579 2019 per
600 1946 784 2002 fidem.

348 2040 404 2094 5.
444 2038 603 2103 Item,
647 2041 706 2091 ut
741 2034 876 2091 dicit
915 2035 1100 2103 Dion„
1124 2035 1328 2092 maium
1372 2034 1609 2092 hominis
1652 2042 1737 2094 est
1775 2044 1976 2109 praeter
2015 2036 2285 2093 rationem

272 2141 400 2184 esse
433 2142 446 2181 z
479 2125 578 2180 sed
605 2123 768 2180 homo
791 2124 917 2180 fidei
947 2124 1217 2182 inhaerens
1244 2141 1276 2182 a
1304 2124 1519 2181 ratione
1544 2124 1799 2192 discedit,
1824 2130 1881 2182 et
1910 2125 1963 2180 in
1988 2124 2092 2182 hoc
2116 2125 2284 2181 etiam

274 2214 550 2272 assuescit
574 2213 842 2276 rationem
867 2222 1248 2284 contemnere;
1270 2229 1402 2286 ergo
1428 2213 1647 2272 videtur
1666 2213 1811 2287 quod
1836 2214 1928 2272 via
1962 2213 2055 2270 illa
2083 2214 2156 2272 sit
2184 2212 2292 2270 ho-

273 2302 519 2360 minibus
544 2302 707 2359 mala.

343 2393 455 2450 Sed
500 2398 692 2448 contra
727 2390 864 2449 Heb.
904 2405 968 2448 n.
1001 2391 1124 2447 Sine
1149 2391 1254 2463 fide
1290 2390 1610 2462 impossibile
1650 2399 1726 2449 est
1752 2393 1965 2464 placere
2006 2393 2113 2448 Deo
2138 2407 2157 2450 .·
2186 2392 2283 2448 sed

271 2482 381 2540 hoc
423 2490 508 2539 est
550 2479 787 2537 maxime
825 2479 1033 2536 homini
1079 2479 1449 2536 necessarium
1490 2484 1552 2535 ut
1591 2479 1705 2534 Deo
1750 2478 1987 2552 placeat,
2020 2480 2139 2534 sine
2176 2494 2286 2551 quo

273 2571 412 2628 nihil
436 2575 620 2643 potest
640 2568 770 2625 honi
794 2569 992 2637 facere,
1021 2569 1104 2626 vel
1131 2568 1361 2638 habere;
1383 2581 1515 2639 ergo
1543 2566 1679 2626 fides
1707 2576 1791 2626 est
1820 2567 2056 2626 maxime
2082 2567 2290 2624 homini

274 2648 613 2718 necessaria.
1403 2647 1423 2666 '

343 2750 508 2816 Item,
541 2746 748 2803 homini
795 2751 878 2803 est
915 2745 1152 2803 maxime
1188 2745 1559 2802 necessarium
1597 2759 1925 2816 cognoscere
1972 2745 2284 2818 veritatem,

272 2854 404 2895 cum
432 2836 695 2910 gaudium
724 2835 794 2892 de
824 2836 1057 2892 veritate
1081 2834 1299 2907 cognita
1338 2834 1411 2890 sit
1438 2833 1741 2902 beatitudO,
1770 2842 1833 2890 ut
1866 2838 2074 2906 Augus.
2102 2835 2239 2892 dicit
2268 2853 2281 2890 ι

271 2927 374 2984 sed
403 2925 541 2982 fides
561 2922 794 2982 collocat
821 2923 1108 2979 credentes
1133 2925 1192 2978 in
1215 2923 1449 2980 veritate
1468 2931 1524 2980 et
1549 2924 1606 2978 in
1633 2923 1713 2979 eis
1736 2923 2045 2991 veritatem,
2059 2929 2123 2981 ut
2150 2922 2289 2980 dicit
2320 2915 2323 2920 ’

274 3016 440 3072 Dion.
465 3030 553 3071 vn
572 3029 624 3070 c.
655 3013 724 3070 de
750 3011 1158 3082 divi.Nomine;
1185 3027 1314 3086 ergo
1337 3011 1475 3068 fides
1489 3017 1573 3090 est
1595 3011 1800 3068 homini
1826 3011 2063 3068 maxime
2088 3026 2286 3068 neces-

247 3119 446 3162 saria.

247 3229 254 3234 -
343 3194 511 3260 Item,
536 3191 594 3248 id
621 3191 738 3248 sine
770 3205 1027 3264 quo-non
1062 3194 1243 3264 potest
1281 3189 1593 3248 conservari
1630 3189 1869 3246 humana
1910 3189 2165 3258 sociatae,
2197 3195 2284 3248 est

273 3280 486 3341 homini
523 3281 760 3338 maxime
801 3278 1188 3347 necessarium,
1217 3284 1273 3336 et
1310 3279 1413 3336 toti
1452 3278 1639 3352 generi
1679 3279 1934 3347 humano,
1965 3294 2094 3335 cum
2119 3278 2283 3336 homo

273 3374 350 3430 sit
378 3369 584 3429 animal
613 3368 917 3442 politicum,
952 3374 1012 3425 ut
1043 3368 1244 3426 dicitur
1267 3383 1376 3424 vni
1403 3367 1561 3436 Eth.;
1592 3367 1688 3424 sed
1731 3367 1849 3424 sine
1890 3366 1996 3422 fide
2042 3368 2283 3427 humana

273 3461 516 3520 societas
537 3459 750 3516 servari
784 3474 896 3516 non
935 3457 1298 3532 potest,·quia
1325 3463 1603 3529 oporteret
1645 3461 1707 3512 ut
1748 3472 1889 3512 unus
1925 3455 2085 3514 homo
2124 3456 2287 3514 alteri

275 3550 469 3607 credat
496 3547 550 3604 in
579 3547 882 3622 promissiS,
913 3547 1050 3604 etin
1071 3547 1421 3613 testimoniiS,
1436 3551 1492 3602 et
1520 3545 1641 3603 aliis
1664 3545 1974 3618 hujusmodi
2002 3559 2127 3618 quae
2154 3552 2283 3600 sunt

249 3639 588 3696 ,necessaria
634 3637 840 3694 homini
884 3637 955 3693 ad
989 3637 1473 3708 commanendum;
1498 3649 1629 3708 ergo
1665 3635 1801 3692 fides
1829 3634 2065 3692 humano
2098 3631 2285 3704 generi

278 3735 362 3786 est
387 3727 626 3784 maxime
649 3724 978 3782 necessaria.
1642 3785 1653 3794 ,

347 3816 673 3890 Respondeo
709 3814 1022 3884 dicendum,
1047 3814 1195 3889 quod
1223 3813 1358 3872 fides
1397 3813 1564 3872 habet
1604 3812 1812 3886 aliquid
1841 3825 2127 3868 commune
2155 3826 2283 3868 cum

277 3905 552 3986 opinione,
585 3910 644 3964 et
671 3904 878 3983 aliquid
915 3919 1041 3966 cum
1072 3904 1304 3966 scientia
1329 3911 1386 3964 et
1414 3903 1714 3973 intellectu,
1746 3900 1959 3960 ratione
1996 3901 2154 3978 cujus
2180 3916 2285 3978 po-
