2800 4492
752 265 756 268 ’
806 273 948 320 111.
981 249 1517 322 -ouonmnn‘rmu
1560 273 1803 345 pumma
2206 256 2320 322 155

321 403 487 458 quam
519 393 736 460 possent
769 385 1064 442 declinare.
1085 387 1268 442 Sancti
1300 401 1429 456 ergo
1466 391 1650 458 patres
1682 383 1777 457 qui
1818 384 2036 441 ordines
2066 385 2322 442 institue-

319 483 466 542 runt,
524 475 765 532 nolentes
825 474 1132 530 hominibus
1194 475 1417 546 injicere
1474 475 1841 531 damnationis
1892 474 2166 546 laqueum,
2225 476 2319 532 sed

318 565 492 636 magis
532 563 674 621 viam
718 563 929 630 salutiS,
963 552 1352 619 ordinaverunt
1401 563 1565 618 talem
1612 562 1961 636 professionis
2000 562 2229 618 formam
2266 565 2321 619 in

319 669 424 724 qua
451 653 752 725 periculum
790 669 908 709 esse
939 669 1043 708 non
1085 661 1296 726 posset;
1328 653 1471 708 sicut
1500 653 1553 708 in
1598 651 1800 708 Ordine
1830 652 2082 710 Fratrum
2111 653 2322 708 Praedi-

317 749 563 798 catoium
606 728 689 798 est
718 742 1035 798 cautissima
1075 749 1128 796 et
1167 741 1515 799 securissima
1546 741 1718 799 forma
1757 741 2042 814 profitendi
2076 758 2184 814 qua
2215 759 2319 800 non

317 831 588 902 promittit
613 846 832 887 servare
861 831 1124 904 regulam,
1151 831 1248 891 sed
1278 831 1647 888 obedientiam
1690 829 2006 886 secundum
2028 831 2270 902 reguiam
2302 849 2315 890 z

318 935 384 974 ex
422 910 546 975 voto
581 920 891 992 obligantur
929 921 996 975 ad
1031 921 1300 976 servanda
1329 936 1391 975 ea
1425 935 1548 994 quae
1579 928 1849 992 ponuntur
1888 920 1943 974 in
1972 919 2157 995 regula
2191 932 2319 975 tan-

317 1024 480 1080 quam
511 1015 802 1080 praecepta,
835 1015 889 1062 et
921 1025 1042 1081 quae
1073 1009 1330 1081 praelatus
1358 1010 1657 1066 secundum
1703 1016 1944 1065 tenorem
1986 1004 2188 1080 regulae
2213 1009 2318 1064 sibi

316 1097 612 1168 praecipere
641 1096 892 1152 voluerit.
937 1099 1152 1155 Coetera
1198 1115 1325 1154 vero
1363 1113 1489 1170 quae
1524 1115 1631 1154 non
1667 1099 2014 1153 continentur
2047 1097 2103 1152 in
2132 1097 2317 1170 regula

313 1185 418 1264 Syl?
443 1194 733 1258 praeceptO,
767 1202 874 1242 non
901 1187 1106 1242 cadunt
1135 1187 1344 1242 directe
1382 1187 1483 1242 sub
1513 1193 1636 1242 voto
1672 1203 1683 1240 :
1716 1187 1855 1242 unde
1892 1203 1953 1242 ea
1984 1189 2319 1259 praetermit-

315 1280 436 1330 tens
464 1291 566 1330 non
597 1283 786 1346 peccat
819 1275 1141 1331 mortaliter.
1169 1277 1368 1331 Beatus
1397 1291 1527 1332 vero
1551 1275 1877 1331 Benedictus
1900 1277 2095 1332 statuit
2124 1291 2318 1332 mona-

309 1361 473 1418 chum
500 1364 739 1438 profiteri
767 1379 872 1422 non
903 1365 1124 1436 quidem
1153 1365 1445 1422 observare
1472 1363 1733 1434 regulam,
1763 1365 1857 1418 sed
1888 1365 2031 1434 quod
2059 1365 2318 1436 profitens

313 1452 584 1524 promittit
621 1453 1030 1510 conversionem
1059 1468 1266 1508 morum
1311 1468 1533 1509 suorum
1564 1453 1863 1508 secundum
1898 1452 2139 1524 regulam
2172 1471 2184 1506 ε
2215 1453 2317 1509 hoc

313 1547 398 1596 est
427 1541 596 1608 dictu,
627 1549 686 1596 ut
715 1542 1014 1598 secundum
1043 1539 1285 1614 regulam
1314 1541 1516 1612 dirigat
1542 1556 1719 1596 mores
1745 1556 1870 1596 suos
1904 1547 2138 1598 :contra
2170 1543 2313 1613 quod

309 1629 465 1696 facit,
498 1631 543 1684 si
569 1630 652 1686 vel
693 1647 757 1686 ea
787 1646 910 1703 quae
947 1637 1074 1686 sunt
1105 1636 1379 1702 praecepta
1410 1627 1467 1686 in
1506 1619 2197 1702 regula,‘u·ansgrediatur‚
2231 1635 2317 1687 vel

311 1718 482 1773 etiam
528 1725 841 1775 contemnat
887 1719 1151 1790 reguiam,
1189 1719 1489 1774 secundum
1538 1735 1657 1774 earn
1700 1718 1934 1790 dirigere
1988 1725 2141 1774 actus
2186 1734 2317 1777 suos

311 1807 532 1863 omnino
569 1823 844 1863 recusans,
873 1809 992 1864 Non
1031 1814 1214 1864 autern
1244 1809 1426 1864 omnia
1464 1823 1588 1880 quae
1618 1809 1669 1862 in
1714 1806 1901 1879 regula
1942 1808 2311 1876 continentur,

307 1902 441 1950 sunt
464 1904 764 1970 praecepta:
789 1897 1042 1969 quaedam
1071 1897 1214 1952 enim
1239 1903 1365 1952 sunt
1394 1896 1717 1952 monitiones
1742 1897 1857 1952 sive
1878 1895 2131 1965 consilia;
2157 1913 2315 1969 quae-

308 1982 458 2049 dam,
479 1993 538 2040 ut
563 1985 705 2058 quod
728 1991 850 2058 post
865 1985 1288 2058 Completorium
1310 2001 1469 2040 nemo
1490 1984 1763 2057 loquatur.
1788 1985 2105 2056 HuJ‘usmocli
2130 1993 2313 2041 autem

306 2078 519 2128 statuta
567 2089 689 2146 qnae
728 2075 780 2129 in
820 2073 1007 2146 regula
1057 2075 1427 2144 continentur,
1476 2089 1581 2128 non
1631 2073 1831 2129 habent
1876 2075 1988 2130 vim
2024 2073 2311 2148 praeeepti3

305 2163 454 2220 sicut
479 2179 578 2220 nec
603 2163 862 2236 praelatus
891 2170 1139 2219 statuens
1169 2162 1393 2236 aliquid,
1428 2161 1660 2218 intendit
1690 2179 1903 2236 semper
1927 2163 1995 2220 ad
2030 2169 2313 2236 peccatum

308 2251 539 2307 mortale
570 2251 808 2323 obligare
837 2268 931 2324 per
961 2261 1316 2326 praeceptum.
1347 2251 1442 2306 Est
1470 2257 1652 2308 autern
1686 2251 1945 2324 praelatus
1972 2253 2129 2325 quasi
2156 2267 2313 2323 qum·-

306 2341 438 2396 dam
462 2340 648 2412 regula
677 2341 952 2410 animata;
983 2341 1128 2398 unde
1163 2341 1390 2396 stultum
1432 2348 1575 2395 esset
1615 2346 1805 2412 putare
1833 2341 1976 2414 quod
2015 2339 2313 2395 monachus

307 2427 565 2500 frangens
609 2429 885 2485 silentium
927 2437 1050 2502 post
1097 2428 1520 2500 Completorium
1558 2433 1808 2498 peccaret
1857 2429 2177 2496 mortaliter,
2210 2429 2311 2484 nisi
2347 2487 2357 2498 ,

305 2515 449 2572 sorte
497 2522 698 2574 iaceret
740 2518 840 2574 hoc
885 2523 1076 2574 contra
1118 2525 1451 2590 praeceptum
1490 2514 1721 2591 praelati,
1756 2515 1840 2571 vel
1882 2533 1949 2571 ex
1997 2524 2313 2588 contemptu

308 2604 532 2678 regulae.
563 2607 850 2662 Abstinere
889 2613 1074 2662 autem
1105 2621 1136 2662 a
1161 2605 1415 2662 carnibus
1448 2620 1549 2662 non
1582 2605 1797 2678 ponitur
1836 2605 1889 2660 in
1927 2605 2113 2676 regula
2161 2606 2311 2660 Beati

305 2694 583 2752 Benedicti
623 2701 680 2750 ut
711 2704 1061 2768 praeceptum,
1089 2695 1183 2752 sed
1212 2700 1272 2751 ut
1303 2700 1571 2751 statutum
1602 2691 1911 2766 quoddam3
1942 2694 2081 2748 unde
2118 2709 2313 2749 mona-

305 2784 441 2840 chus
466 2785 754 2841 comedens
783 2799 994 2852 carnee,
1028 2801 1133 2841 non
1159 2801 1224 2840 ex
1256 2784 1357 2841 hoc
1391 2785 1508 2857 ipso
1537 2791 1729 2857 peccat
1770 2783 2089 2850 mortaliter,
2128 2783 2227 2839 nisi
2256 2783 2309 2846 in

303 2887 436 2930 casu
465 2880 684 2948 propter
705 2873 1126 2930 inobedientiam
1161 2873 1242 2929 vel
1269 2879 1664 2945 contemptum.

376 2962 459 3016 Ad
489 2963 723 3034 primum
759 2979 887 3034 ergo
916 2963 1224 3030 dicendum,
1249 2961 1393 3036 quod
1425 2977 1583 3036 poena
1614 2961 1705 3016 illa
1751 2959 2013 3034 infligitur
2044 2961 2307 3018 monacho

303 3051 702 3108 contumaciter
732 3058 786 3106 et
814 3051 1188 3108 inobedienter
1216 3065 1410 3107 carnes
1436 3049 1763 3106 comedenti.

374 3139 456 3194 Ad
488 3140 787 3196 secundum
817 3139 1127 3207 dicendum,
1161 3138 1305 3214 quod
1332 3139 1617 3195 comedere
1647 3153 1839 3194 carnes
1872 3153 1975 3193 non
2006 3143 2089 3194 est
2118 3145 2306 3194 conti-a

303 3235 494 3283 votum
521 3229 792 3297 monachi,
824 3228 924 3286 nisi
955 3229 1176 3304 quando
1201 3228 1513 3284 comederet
1550 3242 1615 3282 ex
1651 3225 2016 3284 inobedientia
2058 3227 2141 3284 vel
2173 3243 2309 3284 con*—

304 3325 539 3389 temptu.

373 3405 526 3475 Quod
560 3406 766 3462 veroin
793 3405 1126 3464 contrarium
1155 3405 1431 3478 objicitur,
1466 3403 1763 3461 efficaciam
1800 3420 1904 3461 non
1938 3405 2100 3461 habet
2130 3424 2141 3460 :
2178 3421 2300 3478 pro-

298 3495 448 3552 cedit
476 3494 620 3551 enim
651 3494 717 3550 de
743 3494 830 3551 his
857 3485 980 3568 q‘uae
1009 3501 1137 3551 sunt
1161 3494 1459 3550 secundum
1484 3509 1542 3550 se
1573 3493 1734 3562 mala,
1766 3495 1907 3550 sicut
1928 3494 2303 3563 homicidium,

300 3580 651 3646 adulterium,
680 3591 735 3640 et
772 3583 1100 3656 hujusmodi,
1143 3599 1266 3664 quae
1303 3589 1431 3655 sunt
1464 3582 1714 3652 omnibus
1758 3581 1965 3649 illicita,
2000 3589 2110 3636 tam
2157 3584 2308 3638 sanis

298 3686 468 3742 quam
498 3670 744 3728 infirmis.
773 3673 892 3730 Non
935 3679 1120 3730 autem
1147 3673 1396 3746 procedit
1426 3671 1493 3726 de
1523 3671 1607 3726 his
1648 3687 1771 3744 quae
1814 3677 1943 3728 sunt
1988 3670 2129 3724 mala
2175 3671 2305 3742 quia

297 3758 610 3834 prohibita3
636 3760 840 3835 aliquid
881 3763 1022 3828 enim
1071 3768 1250 3844 potest
1289 3759 1560 3842 prohiberi
1610 3775 1741 3817 sano
1780 3757 1926 3842 quod
1978 3773 2080 3815 non
2116 3758 2305 3840 prohi-

296 3849 464 3908 betur
492 3848 726 3911 infirmo.
