2800 4492
729 365 840 428 x'n.
874 372 1409 436 —·oUoo1,113R‘rUM
1453 369 1791 432 sticum-mr·
2141 366 2265 435 179*

247 496 635 556 offendiculum
655 489 976 572 Euangelio,'
999 509 1063 557 ut
1091 496 1208 576 ipse
1237 503 1311 560 ibi
1337 504 1472 567 dicit
1492 503 1527 560 't'
1548 505 1689 560 unde
1708 507 1819 561 nori
1848 505 1986 586 bene
2012 498 2255 564 facerent

245 595 490 643 rectores
519 589 906 659 Ecclesiarum,
925 593 972 660 si
1001 592 1058 648 in
1089 595 1248 648 terris
1271 592 1378 650 illis
1398 593 1645 651 decimas
1672 581 1952 666 exigerent
1980 595 2032 651 in
2056 597 2266 668 quibus:

246 687 360 731 non
393 683 480 732 est
509 679 850 736 cousuetudo
886 681 1028 750 dari,
1059 683 1102 737 si
1144 680 1498 758 probabiliter
1538 683 1828 740 crederent
1860 685 2006 758 quod
2044 701 2132 742 ex
2151 685 2255 742 hoc

245 764 566 822 scandalum
591 762 929 826 nasceretur.
1003 803 1010 813 -
1452 796 1459 803 ·
1628 800 1635 804 ·

318 854 402 909 Ad
441 854 572 910 illud
615 873 743 928 ergo
785 858 930 931 quod
981 859 1035 914 in
1077 859 1412 917 contrarium
1459 859 1735 933 objicitur,
1761 861 2071 929 dicendum,
2106 853 2252 935 quod

246 940 450 997 milites
472 945 566 1015 qui
595 945 871 1019 accipiunt
901 947 1140 1004 decimas
1179 949 1233 1002 in
1273 948 1561 1022 aliquibus
1592 949 1769 1016 terris,
1800 966 1909 1005 non
1940 939 2181 1006 liabent*
2160 967 2253 1023 Jus

247 1030 550 1103 accipiendi
576 1034 854 1092 decimas:
885 1036 986 1091 hoc
1013 1031 1154 1091 enim
1178 1037 1270 1109 jus
1287 1044 1372 1093 est
1397 1038 1680 1108 spirituale
1716 1038 1960 1094 debitum
1987 1040 2262 1096 ‘ministris

215 1118 366 1184 ‚Dei,
395 1121 536 1188 unde
567 1139 670 1178 non
702 1125 850 1180 cadit
884 1125 937 1180 iu
965 1125 1159 1190 laicam
1187 1142 1495 1199 personam.
1528 1128 1631 1183 Sed
1664 1143 1751 1182 res
1780 1127 1889 1184 illae
1926 1128 2251 1200 temporales

247 1223 373 1277 quae
399 1227 428 1264 a
450 1211 574 1280 jure
599 1213 908 1284 exiguntur,
941 1231 1008 1272 ex
1031 1217 1382 1272 concessione
1408 1211 1676 1273 *Ecclesiae
1705 1217 1849 1274 datae
1885 1225 2013 1274 sunt
2047 1217 2257 1288 aliqui-'

244 1293 348 1350 bus
376 1297 640 1356 militibus
664 1309 882 1374 propter
907 1303 1088 1376 aliqua
1119 1305 1343 1372 servitia
1368 1320 1494 1377 quae
1517 1303 1763 1359 fecerunt
1786 1305 2077 1368 Ecclesiae;
2106 1305 2249 1359 sicut

244 1393 301 1438 et
326 1383 570 1444 Ecclesia
591 1398 768 1460 potest
789 1393 1099 1449 remittere'
1085 1409 1232 1476 ipsos
1248 1393 1460 1452 fructus
1484 1392 1579 1467 qui
1598 1393 1865 1450 debentur
1882 1409 1977 1467 pro
2003 1392 2213 1450 decima
2232 1413 2257 1462 ;;

244 1490 351 1528 non
383 1485 563 1548 tamen
590 1481 822 1537 remittit
841 1483 934 1554 jus
965 1482 1214 1554 exigendi
1253 1481 1514 1552 decimae,
1540 1494 1648 1538 nec
1679 1483 1819 1541 tollit
1843 1483 2087 1540 debitum
2118 1483 2251 1542 red·-

243 1563 429 1621 dendi.
1345 1589 1352 1594 ·
1418 1590 1423 1596 ·
1796 1595 1799 1600 ·
2246 1577 2255 1586 '

984 1761 1388 1841 QUAESTIO
1436 1761 1526 1862 V
1536 1771 1543 1776 “
1630 1771 1633 1776 ’

247 1929 252 1934 ’
311 1915 522 1972 Deinde
543 1888 836 1992 quaesitum
861 1927 942 1976 est
959 1915 1046 1976 de
1063 1916 1146 1976 his
1171 1937 1294 1994 quae
1303 1873 1599 2003 pertinent
1618 1905 1702 1976 ad·
1719 1911 1949 1976 virtutes
1976 1919 2123 1978 circa
2158 1935 2252 1976 res

237 2002 542 2072 humanas;
570 2011 622 2060 et
647 2007 792 2065 circa
817 1987 923 2082 hoc
943 2011 1094 2084 q'uaes
1071 2005 1174 2064 i'ta
1200 2013 1326 2086 sunt
1352 2009 1501 2064 duo:
1527 2011 1587 2064 lo
1611 2003 1792 2065 utrum
1824 2008 1971 2064 filius
1995 2017 2246 2064 teneatur

237 2093 464 2148 obedire
491 2096 806 2166 parentibus
829 2075 1188 2154 carnalibus
1172 2112 1230 2153 in·
1255 2097 1725 2168 indifferentibus3
1750 2103 1812 2156 2⁰
1840 2107 2022 2184 utrum
2051 2095 2245 2189 vendi-

238 2187 328 2238 tor
350 2189 596 2240 teneatur
621 2184 802 2260 dicere
831 2187 1060 2278 emptori
1092 2186 1285 2242 vitium
1305 2187 1396 2242 rei·
1412 2176 1677 2246 venditae.

898 2345 1390 2458 ARTIUULUS
1413 2345 1618 2427 1Χ.’

241 2475 468 2564 Utrum
485 2499 662 2577 filiu-s·
681 2504 951 2564 teneatur
971 2501 1330 2577 obedirepao
1331 2500 1565 2562 entibus
1584 2516 1689 2561 oar
1692 2497 1935 2561 malibus
1948 2492 2243 2578 quantum

595 2589 675 2652 ad
697 2590 921 2660 omnia.
955 2611 1034 2634 --·-
1011 2591 1414 2669 (2-2qucest.
1451 2568 1587 2664 104,
1632 2593 1754 2652 art.
1765 2587 1877 2673 5).

303 2721 390 2778 Ad
419 2711 651 2794 primum
679 2723 761 2780 sic
784 2698 1116 2804 proceditur
1151 2724 1202 2778 1.
1232 2723 1460 2780 Videtur
1484 2721 1631 2795 quod
1658 2721 1809 2776 filius
1816 2726 2082 2776 teneatur
2108 2719 2245 2776 obe·-

229 2793 354 2865 dire
381 2807 696 2882 parentibus
725 2797 1034 2868 carnalibus
1062 2819 1339 2885 quantum
1353 2811 1421 2868 ad
1452 2811 1652 2886 omnia.
1684 2809 1899 2864 Dicitur
1917 2808 2069 2864 euim
2089 2806 2245 2863 Deu-

229 2906 506 2956 teronom.
535 2916 662 2967 xxr,
685 2903 799 2956 ·1.8
833 2899 892 2956 Si
917 2903 1160 2973 penueric
1191 2902 1340 2957 homo
1361 2900 1537 2972 filium
1562 2883 1910 2956 eontitmace'm
1940 2907 1990 2953 et
2014 2892 2235 2968 priona-

225 3003 376 3052 vum,
404 2988 496 3059 qui
519 3005 625 3044 non
653 2991 843 3046 audiat
861 2989 1042 3065 patris
1066 2997 1162 3046 aut
1186 2989 1376 3044 'nutris
1406 2989 1809 3060 imperium.....
1834 2986 2098 3057 lapidibus
2122 3003 2242 3040 eum

226 3076 420 3131 obruet
438 3078 666 3148 populus
699 3077 952 3134 civitati&
979 3079 1099 3134 Sed
1115 3093 1272 3149 poena
1303 3076 1437 3133 talis
1454 3092 1559 3131 non
1597 3075 1951 3144 infligeretur,
1984 3074 2083 3127 uisi
2111 3089 2243 3143 gra-

227 3165 374 3218 viter
399 3173 658 3247 peccaret
686 3181 792 3222 non
821 3165 1145 3222 obediendo.
1169 3167 1313 3236 Engo
1343 3163 1440 3223 filii
1486 3168 1738 3256 tenentur
1776 3161 1995 3259 obedire
2014 3177 2243 3270 11616ηρ

227 3233 381 3307 tibus
405 3243 714 3310 carnalibus
746 3271 841 3326 per
869 3256 1070 3310 omnia.

302 3344 356 3396 2.
381 3342 673 3406 Praeterea,
701 3343 992 3414 Apostolus
1027 3342 1160 3397 dicit
1183 3325 1258 3398 ad
1267 3331 1561 3398 colosson.
1590 3356 1678 3409 111,
1714 3343 1820 3397 20:
1854 3339 2013 3408 Icilii,
2042 3341 2241 3437 obedite

219 3431 542 3502 parentibus
562 3448 676 3503 per·
693 3432 890 3488 omnia.
1195 3455 1200 3464 ·
1710 3471 1715 3475 -

301 3521 354 3574 3.
399 3520 688 3587 Praeterea,
730 3515 1004 3593 praecepta
1021 3518 1286 3610 'moralia
1312 3481 1649 3577 affirmativa
1706 3520 1957 3592 quamvis
2005 3534 2109 3575 non
2166 3533 2237 3574 au

223 3623 448 3680 semper
495 3608 754 3684 obligent,
788 3618 971 3666 tamen
1014 3595 1290 3682 n'unquam
1338 3610 1674 3690 contrarium
1722 3609 1901 3666 facere
1936 3606 2091 3664 licet.
2130 3609 2236 3663 Sed

223 3705 570 3770 praecepturn
615 3681 820 3756 morale
857 3683 1242 3756 affirmativum
1289 3706 1373 3756 est
1414 3700 1483 3754 de
1510 3699 1879 3757 honoratione
1924 3703 2237 3770 parentum.

223 3787 372 3858 Ergo
421 3803 526 3843 non
565 3783 692 3843 licet
737 3789 1128 3846 irreverentem
1159 3804 1293 3846 esse
1336 3790 1581 3872 parentis
1606 3787 1799 3862 quod
1812 3792 1976 3852 esset,
2019 3787 2065 3841 si
2114 3789 2234 3856 ejus

221 3875 490 3931 mandato
526 3892 632 3933 non
660 3877 992 3967 obediretur.
1010 3879 1267 3996 Tenetur
1299 3891 1435 4006 ergo
1462 3877 1642 3980 lilius
1631 3893 1686 3932 m
1702 3872 1967 3944 omuibus
1988 3874 2237 3962 parenti-

222 3965 330 4028 bus
352 3961 598 4029 0116άί16.
