2800 4492
2281 27 2800 127 *a*

2351 85 2365 96 Ι

2160 101 2174 112 s

2662 117 2705 126 .-

584 344 706 409 180
1061 356 1114 407 s.
1158 356 1393 403 maome
1434 356 1763 408 Aoum-ms
1795 356 2123 407 bruscum-

650 478 757 538 Sed
798 482 1011 543 contra,
1040 488 1147 531 non
1187 473 1365 530 minus
1402 471 1763 531 obediendum
1807 481 1893 531 est
1929 474 2176 547 patribus
2210 476 2602 551 spiritualibus

576 583 747 641 quam
768 564 1097 631 carnalibus„
1112 562 1206 621 sed
1228 562 1423 635 magle,
1440 568 1502 617 ut
1517 560 1750 619 habetur
1765 577 1862 635 per
1881 563 2204 635 Apostolum
2225 566 2297 623 ad
2316 567 2457 623 Heb.
2485 584 2596 625 xn.

580 657 685 716 Sed
711 655 961 730 patribus
984 652 1364 726 spiritualibus
1387 665 1496 707 non
1527 657 1782 707 tenentur
1809 650 2012 709 subditi
2043 652 2265 711 obedire
2290 656 2344 711 in
2371 656 2601 713 indiffe-

578 743 853 800 rentibus:
874 739 1111 813 religiosi
1136 739 1282 795 enim
1306 739 1400 811 qui
1427 736 1794 793 obedientiam
1834 739 2180 813 profitentur,
2203 757 2309 799 non
2334 749 2599 801 tenentur

580 832 802 890 obedire
839 832 951 887 suis
978 828 1223 905 praelatis
1252 827 1353 886 nisi
1394 826 1451 882 in
1476 825 1562 883 bis
1585 840 1710 899 quae
1735 834 1863 883 sunt
1897 828 2199 885 secundum
2233 830 2500 903 regulam,
2532 842 2598 889 ut

577 920 887 980 Bet-nardus
926 918 1063 977 dicit
1105 918 1161 974 in
1204 916 1296 973 lib.
1328 915 1397 972 de
1435 914 1852 989 Dispensatione
1888 921 1942 971 et
1981 917 2282 991 Praecepto.
2313 920 2457 992 Ergo
2493 936 2602 979 nec

578 1006 895 1080 parentibus
924 1003 1235 1063 carnalibus
1262 1000 1358 1059 filii
1388 1010 1645 1058 tenentur
1673 1004 1728 1057 in
1755 1001 2189 1061 indifferentibus
2212 1006 2455 1063 obedire.

650 1092 972 1166 Respondeo
999 1090 1311 1158 dicendum,
1344 1088 1490 1163 quod
1533 1104 1658 1147 cum
1691 1088 2002 1147 obedientia
2042 1090 2272 1163 praelato
2300 1093 2594 1164 debeatur,

584 1182 651 1241 ad
704 1181 795 1240 illa
841 1181 1152 1239 extenditur
1196 1179 1441 1235 debitum
1491 1176 1818 1236 obedientiae
1864 1178 1934 1235 ad
1979 1194 2104 1252 quae
2143 1182 2461 1241 extenditur
2497 1188 2598 1259 jus

580 1271 935 1347 praelationis».
960 1269 1137 1327 Habet
1179 1277 1362 1326 autem
1399 1274 1557 1349 pater
1584 1266 1821 1325 carnalis
1851 1270 1944 1339 jus
1969 1268 2349 1343 praelationis
2335 1290 2390 1329 in
2419 1274 2599 1333 filium

582 1362 756 1436 primo
784 1360 1005 1434 quidem
1032 1366 1299 1432 quantum
1327 1354 1397 1415 ad
1422 1344 1782 1419 domesticam
1810 1358 2303 1415 conversationem.
2329 1361 2422 1418 Sic
2443 1364 2602 1422 enim

580 1456 665 1509 est
691 1447 1117 1523 paterfamilias
1104 1465 1159 1504 tn
1178 1447 1341 1505 domo
1383 1446 1527 1503 sicut
1545 1460 1652 1501 rex
1675 1445 1734 1500 in
1774 1458 1984 1516 regno:
2020 1451 2161 1505 unde
2183 1449 2350 1509 sicuti
2381 1451 2598 1511 subditi

582 1541 727 1611 regis
757 1544 1011 1596 tenentur
1032 1537 1253 1593 obedire
1276 1536 1391 1606 regi
1414 1536 1468 1591 in
1483 1534 1568 1590 his
1597 1550 1720 1608 quae
1737 1533 2012 1607 pertinent
2043 1536 2110 1592 ad
2135 1537 2598 1608 gubernationem

583 1627 763 1699 regni3
796 1628 875 1683 ita
900 1626 1067 1683 etiam
1098 1624 1191 1681 filii
1222 1632 1277 1679 et
1306 1623 1399 1679 alii
1428 1623 1715 1679 domestici
1745 1628 2000 1680 tenentur
2024 1624 2246 1681 obedire
2276 1628 2597 1699 patrifami-

583 1716 686 1772 lias
730 1717 783 1772 in
826 1714 910 1770 his
955 1728 1081 1786 quae
1128 1712 1402 1785 pertinent
1458 1712 1527 1767 ad
1573 1711 2042 1787 dispensationem
2087 1713 2300 1770 domus·
2339 1718 2596 1776 Secundo

585 1810 791 1877 quanto
807 1803 876 1860 ad
901 1816 1116 1858 morum
1132 1799 1506 1872 disciplinam·
1525 1800 1666 1857 unde
1691 1799 1985 1872 Apostolus
1999 1800 2136 1857 dicit
2157 1803 2222 1859 ad
2240 1804 2376 1861 Heb.
2395 1822 2500 1874 ιιι,
2521 1812 2590 1865 9:

584 1893 775 1949 Patres
816 1890 1025 1963 'quidem
1066 1888 1247 1946 carnis
1281 1895 1482 1945 nostra·
1517 1887 1797 1945 habuimus
1838 1889 2157 1956 eruditores,
2183 1899 2234 1949 et
2259 1893 2596 1969 obtempera-

588 1982 769 2038 bamus
798 1980 893 2036 eis.
926 1978 1101 2035 Debet
1141 1978 1284 2034 enim
1328 1983 1485 2051 pater
1527 1976 1638 2035 filio
1689 1994 1796 2035 non
1843 1980 2019 2035 solum
2060 1980 2460 2063 educationem,
2491 1987 2598 2042 sed

588 2072 753 2129 etiam
783 2070 1142 2144 disciplinam,
1166 2074 1229 2126 ut
1259 2067 1612 2140 Philosophus
1654 2067 1808 2128 dicit.
1834 2069 1897 2127 In
1924 2068 2009 2127 bis
2037 2085 2168 2144 ergo
2195 2070 2340 2130 filius
2371 2082 2595 2134 tenetur

589 2161 809 2218 obedire
838 2158 978 2233 patri
1005 2157 1230 2227 carnali,
1259 2164 1314 2213 et
1340 2172 1448 2215 non
1477 2157 1531 2212 iu
1559 2156 1700 2213 aliis.

656 2250 740 2307 Ad
769 2249 1003 2323 primum
1028 2263 1157 2320 ergo
1183 2245 1494 2313 dicendum,
1527 2245 1675 2318 quod
1717 2244 1960 2319 loquitur
2001 2246 2078 2304 ibi
2118 2218 2336 2323 Moyses
2366 2251 2436 2309 de
2479 2253 2594 2310 im-

587 2340 739 2414 perio
767 2344 994 2413 paterno
1020 2336 1166 2411 quod
1195 2335 1432 2409 pertinet
1457 2334 1523 2391 ad
1549 2334 1893 2408 disciplinam
1923 2351 2179 2393 morum.
2214 2339 2358 2396 unde
2383 2341 2594 2400 ibidem

588 2430 836 2486 dicitur:
868 2428 1080 2487 Monita
1112 2431 1297 2482 nostra
1320 2422 1514 2482 audire
1537 2424 1838 2491 contemnit,
1869 2425 2325 2485 comessationibus
2362 2437 2517 2489 vacat
2539 2440 2593 2491 et

585 2518 819 2577 luxuriae
845 2524 1001 2590 atquc
1028 2514 1301 2573 conviviis.

656 2609 738 2665 Ad
768 2607 1066 2664 secundum
1089 2604 1400 2671 dicendum,
1430 2602 1575 2676 quod
1600 2602 1892 2675 Apostolus
1913 2603 2050 2662 dicit
2075 2605 2440 2669 obediendum
2467 2629 2592 2672 esse

587 2694 905 2769 parentibus
930 2709 1026 2765 per
1050 2692 1233 2749 omnia
1256 2690 1325 2747 ad
1352 2706 1479 2763 quae
1505 2705 1565 2747 se
1585 2692 1678 2763 jus
1697 2692 2030 2765 praelationis
2052 2696 2320 2755 extendit

657 2784 741 2840 Ad
765 2782 989 2839 tertium
1011 2780 1320 2842 dicendum,
1354 2778 1504 2851 quod
1531 2794 1637 2835 non
1675 2780 1893 2840 exhibet
1935 2782 2347 2851 irreverentiam
2389 2793 2593 2862 praeci..

588 2868 855 2945 pienti,-si
877 2883 984 2928 non
1007 2866 1193 2925 obedit
1215 2866 1267 2925 ei
1292 2867 1344 2924 in
1370 2865 1456 2925 his
1484 2866 1539 2926 in
1567 2866 1764 2943 quibus
1788 2868 2010 2929 obedire
2037 2885 2146 2931 non
2172 2878 2410 2934 tenetur.

1287 3046 1741 3111 ARTIGULUS
1802 3047 1882 3109 X.

599 3186 816 3253 Utrum
841 3182 1117 3249 venditor
1146 3184 1418 3246 teneatur
1445 3180 1634 3245 dicere
1659 3180 1878 3244 vitium
1907 3183 1996 3246 rei
2021 3184 2271 3253 vendita
2310 3193 2583 3273 emptori.

1183 3270 1345 3355 (2-2,
1372 3275 1582 3355 quaest.
1615 3272 1715 3347 77,
1747 3274 1868 3335 aiut
1902 3272 1990 3353 3).

656 3408 815 3465 Circa
838 3406 1137 3464 secundum
1173 3405 1254 3462 sic
1296 3404 1628 3477 proceditur.
1657 3406 1709 3460 4.
1743 3404 1968 3462 Videtur
2007 3407 2154 3480 quod
2194 3408 2447 3470 venditor
2481 3430 2588 3473 non

587 3504 840 3557 teneatur
864 3496 1045 3551 dicore
1085 3494 1281 3552 vitium
1306 3494 1384 3551 rei
1409 3493 1648 3551 venditas
1678 3495 1931 3570 emptori.
1950 3494 2091 3567 Quia
2117 3488 2413 3557 secundum
2441 3502 2590 3576 leges

588 3586 779 3646 civiles
802 3584 1051 3641 venditor
1076 3590 1135 3640 et
1160 3590 1371 3657 emptor
1396 3598 1456 3641 se
1480 3583 1715 3640 invicem
1736 3583 1989 3657 decipere
2024 3596 2268 3658 possunt.
2294 3589 2457 3647 Nulla
2485 3607 2591 3650 au-

589 3688 699 3735 tem
725 3678 908 3748 posset
954 3672 1071 3729 fieri
1100 3672 1371 3746 deceptio,
1396 3672 1444 3729 si
1483 3671 1736 3729 venditor
1758 3671 1838 3729 rei
1864 3672 2104 3731 venditae
2133 3675 2325 3733 vitium
2354 3682 2588 3752 emptori

584 3768 768 3824 dicere
799 3769 1099 3821 teneretur.
1128 3762 1269 3834 Ergo
1291 3777 1396 3819 non
1423 3767 1659 3818 tenetur.

655 3861 710 3914 2.
753 3853 861 3913 Sed
902 3852 1142 3921 dicebat,
1191 3851 1336 3925 quod
1377 3850 1524 3923 leges
1565 3866 1674 3907 non
1701 3851 2015 3925 -loquuntur
2063 3856 2376 3912 secundum·
2413 3858 2591 3917 forum

586 3942 969 4015 conscientiae3
999 3941 1095 4001 sed
1125 3940 1270 4015 quod
1297 3938 1440 3998 nunc
1469 3939 1760 4013 loquimur,
1787 3950 1870 4001 est
1899 3943 2199 4002 secundum
2237 3944 2415 4007 sorum
2455 3963 2594 4008 con.
