2800 4492
2277 15 2800 270 *l

511 479 766 537 informet
793 480 886 536 ad·
904 480 1007 537 hoc
1036 481 1180 554 quod
1218 488 1613 554 cognoscatur;
1640 488 1697 539 et
1726 481 1806 539 ita
1840 497 1947 538 non
1974 478 2177 554 poterit
2206 477 2537 538 immediate

513 568 616 624 nisi
645 585 742 642 per
769 567 1183 626 similitudinem
1210 570 1404 627 videri.
2164 633 2169 638 ,

582 661 638 712 3.
668 658 959 727 Praeterea,
991 658 1060 715 ad
1084 657 1188 715 hoc
1215 659 1359 732 quod
1387 657 1697 715 intellectus
1716 663 1936 714 creatus
1960 657 2257 714 essentiam
2279 655 2535 713 divinam

514 744 716 814 videat,
765 752 982 819 oportet.
1025 745 1172 820 quod
1217 763 1312 820 per
1349 745 1530 803 lumen
1570 735 1779 818 gloriae'
1805 747 2141 818 perficiatur.
2186 746 2290 802 Sed
2342 744 2535 800 lumen

507 346 627 408 370
986 365 1040 410 s.
1082 365 1316 410 moiun
1355 364 1686 416 aenum-ns
1727 363 2037 409 opuscum

411 871 431 889 .
514 833 702 904 gloriae
727 843 809 891 est
831 835 1070 892 medium
1090 835 1301 892 distans
1321 841 1376 892 et
1406 834 1615 907 abipso
1642 833 1945 903 intellectu,
1972 841 2029 890 et
2054 834 2124 891 ab
2146 834 2265 907 ipsa
2289 833 2533 890 essentia

515 922 720 990 divina,
749 939 873 996 quae
890 933 974 980 est
1002 922 1284 980 beatitudo
1305 924 1570 991 increata,
1600 939 1727 980 cum
1752 923 1934 979 lumen
1961 923 2287 996 praedictum
2308 922 2532 978 dicatur

516 1019 787 1068 creatura.
819 1013 959 1086 Ergo
988 1012 1298 1070 intellectus
1333 1018 1555 1070 creatus
1581 1027 1689 1069 non
1721 1017 1901 1083 potest
1929 1011 2117 1070 videre
2153 1012 2396 1069 divinam
2432 1026 2533 1066 es-

518 1102 749 1158 sentiam
778 1102 1113 1160 immediate.

591 1191 643 1244 4.
693 1191 981 1257 Praeterea,
1029 1190 1328 1273 secundum
1370 1189 1752 1262 Philosophum
1799 1189 1855 1246 in
1900 1189 1973 1246 111
2015 1189 2083 1246 de
2126 1188 2322 1246 Anima
2370 1190 2531 1259 (text.

519 1294 716 1336 comm.
749 1280 818 1350 2),
860 1280 1002 1336 sicut
1043 1295 1237 1336 sensus
1271 1295 1329 1335 se
1357 1279 1523 1347 habet
1552 1279 1621 1336 ad
1660 1278 1915 1336 sensibile
1967 1280 2043 1335 ita
2072 1295 2131 1334 se
2168 1276 2332 1334 habet
2360 1277 2537 1333 intel·

519 1369 695 1423 lectus
721 1367 791 1424 ad
838 1367 1194 1438 intelligibile.
1225 1368 1332 1424 Sed
1377 1367 1448 1424 ad
1475 1367 1579 1424 hoc
1624 1367 1772 1441 quod
1814 1381 2006 1424 sensus
2047 1382 2205 1424 suum
2250 1366 2535 1437 objectum

519 1457 805 1530 percipiat,
836 1456 1039 1530 duplici
1077 1457 1257 1514 medio
1287 1457 1494 1528 indiget
1526 1474 1539 1512 :
1584 1457 1796 1513 scilicet
1824 1455 2044 1522 lumine,
2078 1463 2133 1512 et
2169 1455 2368 1527 specie,
2402 1470 2538 1526 quae

521 1554 604 1602 est
632 1545 933 1604 similitudo
963 1546 1040 1602 rei
1070 1537 1222 1603 visae.
1249 1545 1391 1618 Ergo
1424 1545 1525 1601 hoc
1559 1545 1704 1601 idem
1732 1553 1817 1602 est
1838 1543 2204 1600 necessarium
2227 1541 2537 1598 intellectui

522 1635 578 1692 in
608 1636 813 1694 visione
859 1635 1060 1691 divinae
1101 1635 1382 1703 essentiae3
1428 1641 1483 1690 et
1527 1635 1607 1690 sic
1651 1649 1761 1690 non
1804 1632 2119 1690 immediate
2147 1632 2268 1688 eam
2297 1630 2533 1688 videbit.

591 1725 696 1781 Sed
725 1732 914 1781 contra
944 1731 1026 1780 est
1059 1723 1205 1798 quod
1247 1723 1496 1779 dicitur!
1526 1723 1681 1780 Joan.
1716 1738 1805 1790 ιιι,
1834 1727 1866 1780 2
1895 1738 1909 1778 :
1949 1721 2251 1782 Videbimus
2297 1737 2417 1776 eum
2446 1720 2535 1776 si-

524 1813 634 1868 cuti
663 1819 757 1868 est.

593 1903 881 1969 Praeterea,
906 1901 974 1959 ad
999 1901 1104 1957 hoc
1126 1901 1271 1973 quod
1300 1901 1611 1958 intellectus
1640 1901 1929 1974 intelligat,
1958 1901 2092 1960 nibil
2127 1899 2274 1958 aliud
2304 1900 2536 1958 videtur

523 1990 726 2065 requiri
756 1992 857 2048 nisi
888 1991 1033 2066 quod
1063 1990 1404 2063 intelligibile
1433 1990 1529 2048 fiat
1559 1991 1614 2047 in
1642 2000 1789 2058 actu,
1808 1998 1863 2048 et
1884 1991 2029 2065 quod
2055 1989 2353 2048 intellectui
2384 2004 2551 2044 con-⁷

523 2083 802 2153 jungatur.
834 2079 940 2137 Sed
973 2080 1212 2136 essentia
1244 2079 1430 2136 divina
1460 2097 1555 2151 pei·
1582 2096 1641 2136 se
1670 2081 1845 2154 ipsam
1873 2086 1956 2136 est
1986 2079 2341 2150 intelligibilis
2368 2086 2527 2145 actu,

471 2215 475 2220 .
527 2186 648 2227 cum
673 2170 744 2226 sit
774 2170 1178 2240 immaterialis;
1204 2169 1505 2227 intellectui
1532 2170 1698 2227 etiam
1726 2185 1964 2242 praesens
1989 2179 2092 2236 est,
2119 2169 2267 2242 quia,
2288 2174 2355 2223 -ut
2386 2168 2532 2224 dicit

525 2260 880 2332 AugustinuS,
911 2261 1056 2316 Deus
1097 2260 1390 2334 unicuique
1430 2260 1506 2314 rei
1538 2266 1622 2315 est
1652 2260 1880 2314 vicinior
1917 2275 2083 2332 quarn
2125 2259 2243 2331 ipsa
2273 2273 2359 2313 res
2390 2256 2527 2314 sibi.

525 2349 1030 2427 Ergolintellectus
1069 2356 1288 2406 creatus
1333 2347 1631 2405 essentiam
1668 2348 1911 2404 divinam
1959 2347 2161 2420 poterit
2208 2345 2533 2402 immediate

524 2438 740 2518 videre.
2205 2473 2215 2486 ·

591 2528 912 2600 Respondeo
940 2527 1248 2594 dicendum,
1277 2527 1424 2601 quod
1466 2527 1673 2601 absque
1711 2525 1881 2584 >dubio
1922 2525 2219 2583 tenendum
2244 2533 2344 2591 est,
2376 2523 2531 2596 quod

525 2617 708 2673 divina
755 2617 991 2673 essentia
1046 2617 1101 2672 in
1159 2618 1337 2688 petria
1391 2616 1707 2672 immediate
1754 2615 1824 2672 ab
1880 2614 2161 2672 intellectu
2218 2613 2531 2686 glorificato

525 2704 800 2760 videatur.

593 2792 675 2849 Ad
701 2793 856 2864 cnjus
880 2793 1211 2851 evidentiam
1240 2789 1523 2850 sciendum
1546 2801 1651 2861 est,
1680 2794 1826 2868 quod
1852 2794 1909 2850 in
1943 2792 2152 2852 visione
2190 2793 2532 2850 intellectiva

525 2881 718 2954 triplex
755 2883 994 2938 medium
1023 2883 1287 2954 contingit
1315 2895 1457 2938 esse.
1487 2884 1667 2940 Unum
1708 2883 1810 2940 sub
1852 2899 1960 2957 quo
2002 2881 2311 2940 intellectus
2351 2883 2529 2952 videt,

523 2970 668 3045 quod
693 2970 932 3044 disponit
962 2983 1084 3026 eum
1110 2963 1178 3027 ad
1207 2971 1539 3040 videndum;
1566 2978 1622 3026 et
1654 2972 1756 3029 hoc
1780 2974 1938 3028 estin
1964 2972 2121 3028 nobis
2153 2973 2331 3029 lumen
2358 2971 2534 3028 intel-

523 3060 697 3117 lectus
736 3061 965 3132 agentis,
1000 3059 1143 3132 quod
1171 3075 1229 3115 se
1263 3058 1425 3116 habet
1456 3059 1524 3116 ad
1575 3060 1913 3117 intellectum
1938 3061 2251 3134 possibilem
2279 3069 2533 3117 nostrum

521 3151 664 3206 sicut
693 3149 872 3205 lumen
901 3149 1030 3205 solis
1055 3148 1122 3204 ad
1154 3146 1390 3204 oculum.
1418 3149 1577 3205 Aliud
1618 3150 1859 3206 medium
1882 3157 1967 3206 est
1995 3166 2103 3222 qno
2128 3149 2309 3217 viden
2339 3157 2396 3204 et
2423 3149 2535 3206 hoo

523 3244 605 3292 est
632 3238 842 3307 species
879 3236 1251 3308 intelligibilis,
1281 3253 1406 3310 quae
1452 3238 1789 3294 intellectum
1816 3239 2143 3312 possibilem,
2170 3239 2528 3306 determinat,

523 3332 578 3380 et
601 3323 764 3381 habet
789 3341 847 3379 se
874 3325 942 3380 ad
973 3324 1308 3381 intellectum
1333 3327 1644 3398 possibilem
1672 3329 1815 3384 sicut
1835 3329 2047 3401 species
2071 3326 2269 3400 lapidis
2294 3327 2362 3384 ad
2388 3343 2534 3385 ocu-

521 3413 656 3469 lum.
687 3412 931 3468 Tertium
963 3413 1203 3469 medium
1231 3421 1314 3470 est
1346 3416 1398 3493 in
1429 3432 1537 3490 quo
1574 3417 1780 3490 aliquid
1822 3417 2079 3486 videtur·;
2112 3423 2168 3472 et
2197 3416 2300 3472 hoc
2325 3424 2407 3473 ost
2438 3431 2534 3472 res
2778 3419 2780 3461 Ι

520 3500 704 3573 aliqua
745 3513 842 3572 per
888 3515 1052 3571 quam
1100 3500 1156 3555 in
1201 3501 1567 3573 cognitionem
1610 3501 1836 3559 alterius
1890 3503 2239 3572 devenimus;
2275 3503 2419 3558 sicut
2468 3503 2533 3559 in
2776 3503 2779 3574 l

519 3589 716 3645 effectu
746 3588 992 3643 videmus
1017 3603 1258 3656 causam,
1293 3597 1348 3644 et
1377 3591 1433 3646 in
1463 3606 1569 3646 uno
1599 3589 1857 3647 similium
1897 3591 1981 3648 vel
2010 3592 2413 3648 contrariorum
2436 3590 2535 3646 vi-
2770 3601 2777 3684 l

519 3676 678 3733 detur
706 3675 884 3745 aliud;
915 3684 970 3733 et
996 3676 1100 3733 hoc
1131 3679 1375 3734 medium·
1395 3695 1455 3734 se
1476 3679 1641 3734 habet
1670 3681 1738 3736 ad
1767 3680 2102 3738 intellectum
2146 3681 2289 3736 sicut
2322 3695 2535 3752 specu-

520 3765 629 3821 lum
667 3766 736 3822 ad
785 3766 959 3823 visum
1011 3767 1372 3840 corporalem,
1422 3767 1479 3826 ln
1515 3783 1629 3841 quo‘
1674 3769 1863 3829 oculus
1903 3769 2305 3844 aliquanti-em
2352 3768 2539 3832 videt.

521 3852 758 3910 Primum
783 3870 914 3926 ergo
953 3855 1190 3912 medium
1215 3862 1270 3912 et
1294 3855 1591 3916 secundum
1620 3873 1728 3917 non
1770 3859 1979 3922 recinat
2023 3858 2323 3916 mediatam
2354 3857 2535 3918 visio-

521 3955 642 4008 nem
673 3955 688 4009 ς
726 3941 1042 4013 immediate
1082 3944 1230 4015 enim
1273 3944 1479 4009 dieitur
1514 3946 1715 4034 aliquis
1749 3948 1939 4012 videre
1980 3947 2237 4026 lapidem,
2268 3947 2538 4023 quemvis
