2800 4492
603 370 722 433 522
1078 390 1130 431 s.
1175 388 1407 461 monus
1446 386 1774 437 nomm-ris
1815 387 2120 431 opuscuu

1287 612 1687 691 QUAESTIO
1733 611 1909 679 VIII.

600 744 622 826 f
675 768 880 825 Deinde
908 768 1171 843 quaeritur
1200 769 1270 825 de
1307 770 1411 826 hcc
1448 770 1593 843 quod
1633 769 1869 844 pertinet
1906 768 1975 826 ad
2014 766 2267 838 gloriam,
2303 765 2495 823 scilicet
2514 766 2563 821 de

607 859 811 919 visione
841 859 936 915 Dei
981 861 1035 915 in
1082 858 1294 931 patria;
1325 859 1534 915 scilicet
1566 866 1751 915 utrum
1778 856 1979 933 aliquis
2019 854 2333 913 intellectus
2376 864 2561 912 creatus

609 948 776 1021 possit
802 947 988 1003 videre
1011 948 1186 1005 Deum
1211 964 1306 1021 per
1332 947 1653 1005 essentiam.

1252 1125 1707 1189 ARTICULUS
1746 1124 1949 1187 XVII.

620 1258 834 1322 Utrum
857 1256 1086 1338 aliquis
1107 1259 1445 1321 intellectus
1474 1262 1709 1320 creatus
1724 1256 1923 1336 possit
1948 1256 2152 1319 videre
2174 1257 2365 1318 Deum
2380 1272 2482 1333 per
2499 1270 2560 1317 es·

527 1342 534 1347 ’
687 1348 961 1408 sent-iam.
990 1380 1069 1393 -
1099 1348 1270 1425 (Ara
1301 1350 1330 1407 l
1363 1352 1421 1409 et
1453 1349 1598 1420 141;
1623 1347 1733 1408 etl
1755 1350 1953 1425 part„
1998 1350 2208 1425 qnoest.
2258 1345 2355 1420 12,
2383 1349 2491 1405 arnt
2518 1345 2559 1413 l,

687 1440 886 1497 elau-,t
921 1435 1159 1510 4ad33
1191 1436 1337 1499 etde
1375 1435 1533 1509 Ver„
1564 1392 1775 1516 q’uoest.
1800 1435 1862 1511 8,
1888 1438 2014 1498 art.
2041 1434 2109 1510 13
2139 1436 2293 1509 et4,
2323 1433 2458 1495 disc.
2484 1430 2562 1502 49,

684 1529 894 1605 quast
929 1526 986 1599 l,
1017 1529 1140 1586 art.
1177 1526 1257 1603 1).

683 1654 746 1710 Et
787 1654 1004 1711 videtur
1031 1656 1174 1729 quod
1220 1671 1346 1712 non.
1375 1638 1431 1711 ’4.
1476 1654 1789 1711 Intellectus
1833 1652 1980 1711 enim
2020 1654 2088 1710 ad
2140 1648 2471 1725 intelligibile
2503 1658 2563 1705 est

610 1742 794 1815 aliqua
837 1747 1134 1814 proportio.
1175 1743 1279 1799 Sed
1329 1743 1641 1800 intellectus
1683 1744 1854 1800 creati
1902 1743 1970 1798 ad
2015 1742 2261 1797 divinam
2308 1740 2564 1797 essentiam

507 1824 512 1827 ’
611 1829 755 1883 nulla
785 1839 868 1885 est
913 1832 1207 1913 proportio,
1235 1846 1360 1889 cum
1401 1832 1609 1887 distent
1650 1832 1703 1889 in
1752 1830 2042 1888 infinitum.
2082 1830 2225 1903 Ergo
2270 1829 2566 1886 intellectum

609 1926 828 1987 creatus
856 1917 1098 1973 divinam
1127 1918 1420 1985 essentiam
1452 1920 1636 1975 videre
1665 1937 1770 1976 non
1796 1926 2081 1993 potest..

679 2010 731 2063 2.
765 2006 1054 2071 Praeterea,
1085 2006 1207 2078 plus
1230 2006 1314 2061 dis
1319 2013 1398 2062 tat
1428 2007 1655 2079 spiritus
1680 2010 1955 2064 increatus
1983 2007 2053 2064 ab
2082 1980 2365 2063 intellectu
2392 2012 2564 2071 creato,

609 2110 774 2167 quam
802 2093 1023 2167 spiritus
1049 2102 1266 2151 creatus
1290 2112 1322 2152 a
1346 2112 1531 2152 sensu.
1570 2098 1677 2153 Sed
1712 2114 1835 2152 sens
1841 2114 1903 2152 us
1936 2113 2041 2153 non
2074 2104 2255 2168 potest
2276 2110 2568 2167 cognoscere

547 2236 553 2241 ,
608 2184 880 2257 spiritum.
909 2184 1049 2257 Ergo
1075 2200 1174 2240 nec
1203 2185 1513 2243 intellectus
1534 2187 1784 2265 spiritum
1817 2186 2139 2243 increatum.
2216 2216 2223 2227 ·

675 2273 781 2329 Sed
824 2283 1015 2333 contra
1053 2283 1157 2330 est.
1212 2274 1378 2330 Exod.
1428 2291 1641 2340 xxxin,
1684 2292 1849 2354 super
1890 2276 2018 2330 illud
2055 2293 2068 2329 :
2109 2272 2465 2348 Non-videbit
2504 2290 2572 2326 me

607 2360 774 2429 home,
799 2368 846 2417 el
879 2362 1036 2427 vivet,
1063 2363 1197 2419 dicit
1220 2363 1417 2421 Glossa
1454 2364 1704 2435 Gregorii
1734 2364 1847 2435 (lib.
1880 2364 2073 2425 XVlll,
2106 2365 2265 2427 Mor..
2292 2380 2433 2417 num.
2458 2363 2531 2429 90)
2557 2377 2570 2418 ε

607 2444 781 2507 Fuere
835 2449 1079 2507 nonnulli
1121 2449 1213 2524 qui
1265 2451 1432 2507 Deum
1468 2452 1706 2509 (licerent
1756 2441 1918 2507 etiam
1948 2451 2008 2506 in
2035 2451 2132 2507 illa
2166 2452 2373 2523 reqione
2426 2450 2574 2506 beati·

607 2538 810 2595 tudinis
835 2538 893 2593 in
914 2538 1162 2595 claritate
1183 2556 1282 2594 sna
1301 2540 1552 2611 conspici,
1572 2540 1661 2595 sed
1691 2541 1749 2596 in
1768 2547 1968 2595 natura
1997 2539 2207 2595 ›itiuzime
2237 2539 2444 2595 videri:
2468 2554 2576 2609 qnos

579 2628 582 2633 ’
605 2627 868 2685 nimirum
887 2627 1068 2684 minor
1084 2627 1449 2699 inquisitIonis
1470 2628 1743 2685 subtilitas
1764 2628 1973 2703 fefellit.
1997 2628 2179 2699 Neque
2197 2618 2336 2683 enim
2360 2628 2437 2683 illi
2462 2628 2577 2682 sim-

603 2705 730 2785 plici
756 2722 808 2772 el
836 2716 1252 2773 incoluntur-abili
1275 2716 1512 2772 essentia·
1548 2716 1697 2772 aliud
1720 2723 1792 2795 ost
1819 2716 2059 2781 claritas,
2090 2716 2242 2771 aliud
2266 2724 2339 2772 est
2362 2723 2576 2779 nalnra;

603 2805 690 2858 sed
715 2805 830 2874 ipsa
857 2804 909 2858 εἰ
930 2812 1132 2859 natura
1159 2805 1400 2871 claritas,
1432 2805 1545 2877 ipsa
1574 2805 1796 2863 claritas
1818 2813 2029 2863 natura.
2051 2812 2123 2861 est
2145 2821 2165 2873 ;
2196 2812 2249 2863 el
2273 2805 2353 2862 ita
2376 2802 2580 2861 essentia

608 2890 708 2950 Dei
733 2889 1002 2947 videbitur
1021 2908 1058 2947 a
1083 2892 1268 2951 beatis.

673 2978 992 3053 Respondeo
1021 2980 1330 3045 dicendum,
1361 2978 1507 3053 quod
1543 2997 1763 3039 necesse
1790 2989 1873 3037 est
1906 2999 2103 3055 ponere
2140 2982 2384 3039 divinam
2411 2997 2584 3038 essen-

608 3056 740 3125 tiam
765 3068 933 3124 videri
963 3085 994 3125 a
1023 3069 1216 3125 beatis·
1241 3068 1532 3125 Beatitudo
1558 3069 1703 3125 einim
1727 3079 1811 3127 est
1842 3070 2031 3127 ultima
2068 3073 2330 3143 perfectio
2356 3072 2588 3129 rationa-

607 3156 671 3212 lis
695 3166 925 3214 naturae.
951 3157 1096 3213 Nihil
1134 3166 1318 3214 autem
1359 3167 1445 3214 est
1489 3158 1724 3215 finaliter
1762 3159 2212 3231 perfectum‚.nisi
2257 3162 2491 3233 attingat
2527 3160 2589 3217 ad

603 3260 760 3301 suum
783 3245 1108 3317 principium
1141 3246 1438 3303 secuudum
1468 3246 1689 3302 modum
1713 3262 1873 3303 suum
1900 3264 1915 3301 ε
1948 3251 2091 3321 quod
2137 3248 2260 3304 ideo
2302 3249 2444 3315 dico,
2468 3250 2593 3322 quia

601 3333 668 3387 ad
715 3331 1058 3403 principium,
1107 3333 1253 3406 quod
1293 3343 1376 3389 est
1416 3333 1584 3411 Deua,
1627 3335 1851 3405 attingit
1891 3334 2097 3407 aliquid
2141 3336 2450 3409 dupliciter.
2481 3338 2592 3393 Uno

606 3420 763 3490 modo
790 3436 886 3492 per
914 3418 1346 3483 similitudinem,
1377 3422 1523 3495 quod
1548 3428 1634 3477 est
1655 3437 1941 3479 commune
1969 3426 2114 3479 omni
2139 3431 2445 3491 creatut·ae;
2476 3440 2595 3497 quae

603 3516 813 3564 tantum
845 3507 1006 3564 habet
1029 3506 1098 3563 de
1119 3509 1472 3581 perfectione,
1504 3521 1770 3583 quantum
1797 3514 2149 3585 consequitur
2188 3512 2259 3567 de
2301 3512 2490 3569 divina
2524 3514 2600 3569 si·

603 3600 693 3653 mi.
683 3588 928 3653 'itudine.
970 3596 1091 3653 Alio
1137 3596 1299 3654 modo
1345 3615 1441 3672 per
1482 3601 1875 3671 operationem,
1907 3610 1966 3658 ut
2010 3602 2462 3681 praetermitta'tur
2516 3603 2601 3658 ille

604 3686 793 3741 modus
817 3685 912 3759 qui
941 3695 1022 3742 est
1047 3687 1202 3743 Chri
1190 3695 1262 3743 to
1283 3686 1595 3759 singulam,
1615 3688 1866 3745 scilicet
1855 3706 1908 3744 in
1935 3692 2142 3745 unitate
2170 3705 2439 3773 personae.
2474 3690 2603 3747 Dico

602 3782 784 3853 autem
817 3790 910 3845 per
927 3775 1334 3857 operationem,
1367 3777 1422 3831 in
1460 3786 1727 3855 quantum
1764 3776 2047 3832 rationalis
2078 3786 2332 3833 creatura
2365 3784 2608 3849 cognos-

602 3845 680 3914 ¹cit,
706 3868 760 3914 et
798 3871 946 3917 amat
992 3863 1185 3920 Deum.
1202 3850 1277 3918 Ει
1307 3866 1437 3938 quia
1484 3866 1664 3922 anima
1714 3864 2027 3923 immediate
2069 3866 2213 3922 facta
2256 3875 2341 3928 est
2389 3882 2455 3921 a
2472 3870 2613 3933 Deo

606 3944 728 4003 ideo
750 3944 912 4005 beata
938 3962 1060 4005 esse
1083 3962 1192 4007 nen
1221 3952 1425 4024 poterit
1453 3952 1557 4009 uisi
1592 3953 1911 4011 immediate
1952 3952 2139 4012 videat
2166 3936 2357 4020 Debui,
2388 3945 2619 4056 scitiqt

2564 4056 2696 4453 ἰ,
