2800 4492
811 317 902 362 xt.
935 333 1013 347 —
1039 317 1107 362 m
1157 317 1423 362 non-nuru
1466 318 1542 362 nn
1584 319 1909 365 ‘numum
2282 311 2362 369 77

334 433 738 510 inquisitionis.
806 434 1054 492 Secundo
1100 435 1323 492 modum
1369 449 1668 506 congruum
1716 435 2058 510 inquisitioni
2104 442 2361 513 praesenti

337 525 604 592 ostendit,
637 523 714 580 ibi
753 539 768 580 t
809 543 836 576 α
876 525 1018 580 Nam
1046 530 1331 608 cum-tres.
1376 543 1402 576 n
1440 524 1586 580 Dicit
1616 524 1785 597 igitur
1826 545 1839 580 ι
1882 527 1962 582 Ex
2004 545 2111 600 quo
2145 536 2363 588 constat

339 615 484 672 hanc
511 629 635 670 esse
665 612 996 670 sententiam
1021 612 1306 670 catholicae
1342 612 1469 670 fidei
1496 613 1565 669 de
1595 614 1804 671 unitate
1842 617 2147 686 TrinitatiS,
2189 624 2243 674 et
2273 618 2363 675 ln-

337 703 712 762 differentiam
752 717 874 758 esse
921 702 1188 758 rationem
1227 702 1491 774 unitatis3
1522 721 1548 755 α
1582 719 1683 774 age
1724 723 1751 756 ι)
1796 705 2119 762 adverbium
2161 708 2365 764 exhor-

337 793 497 849 tandi
511 807 532 859 ,·
575 811 602 846 α
647 790 1018 862 ingrediamur
1051 809 1078 842 »
1107 791 1164 847 id
1201 797 1304 859 est,
1351 791 1694 864 inquiramus
1733 793 1962 850 interius
2006 795 2124 868 ipsa
2167 797 2362 855 intima

337 897 530 938 rerum
576 879 844 952 principia
890 878 1327 947 considerantes,
1373 888 1430 936 et
1476 881 1766 937 veritatem
1813 883 1970 955 quasi
2018 883 2259 942 velatam
2306 892 2364 948 ot

337 969 724 1028 absconditam
749 973 1173 1041 perscrutantes,
1197 973 1254 1024 et
1278 967 1380 1024 hoc
1399 969 1563 1026 modo
1578 971 1941 1038 convenienti,
1966 972 2109 1029 unde
2134 973 2360 1033 subdit:

339 1079 370 1112 α
419 1059 492 1113 Et
529 1057 953 1130 unumquodque
993 1055 1348 1116 dicendorum
1387 1057 1767 1126 discutiamne,
1818 1065 1881 1114 ut
1922 1061 2093 1131 possit
2128 1062 2361 1136 intelligi

339 1151 516 1219 atque
548 1145 690 1218 capi,
727 1163 754 1196 n
793 1144 849 1200 id
885 1149 990 1210 est,
1021 1159 1118 1215 per
1151 1143 1374 1200 modum
1396 1161 1506 1217 quo
1534 1146 1708 1217 possit
1746 1145 1977 1218 intelligi
2017 1156 2072 1204 et
2110 1151 2253 1221 capi.
2293 1151 2362 1207 Et

337 1234 484 1292 dicit
520 1235 637 1290 haec
673 1233 801 1298 duo,
833 1230 964 1304 quia
1003 1231 1200 1287 modus
1228 1247 1336 1304 quo
1379 1232 1565 1305 aliqua
1592 1234 1983 1303 discutiuntur,
2033 1234 2196 1292 debet
2226 1253 2361 1294 con-

338 1339 545 1396 gruere
571 1327 629 1378 et
672 1321 852 1389 rebuS,
901 1326 956 1376 et
1002 1319 1178 1376 nobis.
1209 1320 1326 1376 Nisi
1355 1319 1500 1376 enim
1545 1321 1707 1378 rebus
1752 1329 2097 1394 congrueret,
2132 1325 2362 1398 intelligi

339 1426 454 1467 non
501 1415 732 1482 posset:
781 1407 887 1464 nisi
925 1414 1251 1478 congrueret
1297 1408 1476 1475 nobie,
1522 1422 1621 1465 nos
1662 1425 1857 1481 capere
1904 1425 2011 1467 non
2055 1426 2358 1484 possemus,

339 1506 541 1572 utpote
569 1513 657 1554 res
693 1495 895 1553 divinae
931 1511 998 1551 ex
1032 1501 1228 1552 natura
1259 1511 1357 1552 sua
1394 1495 1618 1564 habent,
1650 1497 1797 1570 quod
1826 1512 1933 1553 non
1962 1510 2363 1570 cognoscantur

339 1586 452 1644 nisi
486 1585 786 1642 intellectu.
830 1583 986 1640 Unde
1021 1583 1068 1638 si
1103 1583 1302 1655 aliquis
1331 1583 1496 1642 vellet
1538 1584 1696 1640 aliter
1720 1586 1874 1659 sequi
1913 1587 2385 1658 imaginationem,

341 1676 402 1732 in
424 1673 868 1732 consideratione
891 1685 1078 1728 eorum
1111 1687 1218 1728 non
1244 1679 1429 1743 posset
1456 1671 1781 1745 intelligere,
1809 1675 1940 1747 quia
1970 1675 2105 1748 ipsae
2143 1694 2232 1734 res
2253 1695 2362 1736 non

341 1772 477 1822 sunt
501 1763 582 1820 sic
607 1761 995 1833 intelligibiles.
1017 1761 1074 1817 Si
1101 1766 1285 1817 autem
1305 1760 1507 1835 aliquis
1526 1761 1657 1818 velit
1680 1779 1768 1819 res
1793 1762 2009 1821 divinas
2032 1781 2127 1837 per
2150 1767 2363 1840 seipsas

339 1854 556 1920 videre,
583 1858 642 1908 et
674 1867 738 1908 ea
779 1848 1108 1906 certitudine
1140 1850 1620 1923 comprehendere,
1652 1851 1797 1908 sicut
1824 1853 2362 1925 comprehenduntur

340 1941 648 2008 sensibilia,
677 1947 730 1996 et
755 1939 1250 1996 demonstrationes
1273 1938 1694 2006 mathematicae,
1728 1955 1837 1997 non
1861 1950 2045 2014 posset
2070 1941 2175 2000 hoc
2200 1945 2363 2002 modo

339 2047 546 2105 capere
575 2034 795 2103 propter
841 2027 1114 2084 desectum
1160 2026 1475 2084 intellectus
1519 2029 1625 2094 sui,
1656 2031 1909 2101 quamvis
1948 2031 2081 2103 ipsae
2120 2048 2209 2088 res
2250 2033 2360 2090 sint

339 2121 648 2180 secundnm
689 2135 748 2175 se
781 2117 887 2174 hoc
927 2117 1090 2173 modo
1139 2116 1527 2188 intelligibiles.
1570 2117 1639 2173 Et
1680 2119 1825 2190 quod
1856 2119 2052 2175 modus
2089 2135 2363 2193 congruus

339 2219 431 2268 est
460 2207 814 2281 inquisitione
851 2205 1096 2279 qualibet
1125 2205 1517 2274 observandus,
1549 2206 1743 2278 probat
1780 2207 2085 2264 inducendo
2114 2211 2363 2266 auctori-

339 2306 524 2356 tatem
557 2294 867 2368 Philosophi
897 2296 952 2350 in
982 2311 1003 2352 1
1039 2294 1184 2350 Ethi.
1211 2309 1336 2351 cum
1375 2294 1512 2350 dicit
1545 2311 1557 2350 ε
1594 2315 1618 2347 α
1650 2296 1791 2351 Nam
1829 2297 1973 2352 sicut
2008 2299 2211 2369 optime
2241 2299 2363 2354 dic-

343 2399 466 2447 tum
512 2388 733 2445 videtur
766 2405 791 2438 n
823 2384 894 2440 ab
920 2385 1148 2442 Aristot.
1184 2385 1240 2439 in
1279 2383 1546 2456 principio
1572 2384 1733 2440 Ethic
1764 2403 1779 2440 t
1822 2406 1847 2437 α
1883 2385 2097 2442 Eruditi
2126 2387 2362 2444 hominis

343 2488 432 2536 est
473 2474 906 2546 unumquodque
947 2478 1010 2529 ut
1041 2473 1220 2544 ipsum
1265 2481 1366 2538 est,
1406 2491 1433 2524 ³>
1462 2473 1515 2527 id
1550 2479 1652 2538 est,
1684 2489 1783 2544 per
1809 2473 2032 2529 modum
2060 2490 2361 2546 congruum

341 2569 523 2640 ipsius
567 2565 647 2620 rei
678 2584 703 2616 α
744 2563 821 2618 ita
860 2563 928 2618 de
957 2577 1019 2618 eo
1051 2561 1214 2616 fidem
1251 2575 1449 2634 capere
1479 2568 1712 2617 tentare.
1754 2579 1779 2612 n
1820 2559 1941 2617 Non
1969 2562 2116 2619 enim
2142 2564 2211 2620 de
2238 2581 2362 2622 om·-

343 2655 510 2714 nibus
537 2657 722 2728 potest
748 2647 974 2723 aequalls
1011 2649 1284 2706 certitudo
1319 2654 1377 2704 et
1411 2648 1686 2705 evidentia
1733 2648 2213 2710 demonstrationis
2241 2669 2363 2711 ser-

341 2745 488 2810 vari,
538 2748 598 2799 et
633 2749 760 2798 sunt
799 2741 920 2797 haec
963 2738 1131 2795 verba
1174 2737 1484 2809 Philosoph-
1526 2753 1546 2794 ι
1587 2738 1829 2797 Etbicor.
1879 2755 1892 2794 z
1940 2760 1967 2794 α
2016 2741 2360 2816 Disciplinati

345 2833 496 2891 enim
537 2837 622 2888 est
657 2831 713 2885 in
751 2835 967 2886 tantum
1007 2826 1396 2883 certitudinem
1442 2827 1718 2900 inquirere
1749 2828 1896 2885 circa
1936 2831 2362 2906 unumquodque

343 2937 544 2996 genus,
576 2921 631 2976 in
655 2923 923 2992 quantum
951 2922 1146 2972 natura
1175 2915 1252 2971 rei
1278 2914 1496 2987 recipit.
1532 2933 1560 2968 »

416 3009 634 3066 Deinde
660 3023 787 3065 cum
806 3006 942 3062 dicit
967 3022 980 3059 τ
1009 3025 1036 3058 α
1057 3005 1200 3060 Nam
1217 3020 1343 3061 cum
1373 3009 1487 3060 tres
1515 3024 1541 3057 n
1571 3003 1801 3078 inquirit
1824 3006 2045 3063 modum
2066 3023 2365 3080 congruum

343 3115 468 3159 suae
507 3096 852 3171 inquisitioni
893 3110 986 3167 per
1014 3093 1423 3149 distinctionem
1470 3109 1502 3149 a
1531 3092 1708 3150 modis
1737 3093 1831 3167 qui
1878 3095 1936 3149 in
1970 3093 2091 3151 aliis
2120 3098 2365 3154 scientiis

345 3195 689 3246 servantur:
722 3192 779 3242 et
825 3183 954 3257 quia
997 3182 1189 3238 modus
1235 3181 1399 3238 debet
1434 3196 1556 3238 esse
1596 3196 1869 3254 congruus
1899 3181 1978 3238 rei
2019 3182 2087 3239 de
2129 3201 2238 3259 qua
2281 3194 2367 3244 est

345 3275 738 3352 perscrutatio,
769 3273 894 3330 ideo
923 3270 1186 3329 dividitur
1215 3270 1330 3327 haec
1358 3285 1489 3343 pars
1521 3270 1577 3327 in
1604 3271 1733 3332 (luo.
1776 3272 1955 3328 Primo
1984 3275 2129 3330 enim
2164 3275 2365 3332 distin-

347 3367 469 3439 guit
505 3364 772 3422 scientias
805 3361 1105 3418 secundum
1136 3375 1244 3427 ree,
1283 3359 1350 3415 de
1381 3358 1579 3432 quibus
1606 3359 1956 3418 determinat.
1996 3363 2243 3421 Secundo
2272 3379 2369 3420 os-

350 3455 530 3511 tendit
552 3453 748 3510 modos
767 3449 996 3522 singulis
1016 3449 1178 3505 rebus
1195 3462 1485 3519 congruos,
1503 3447 1579 3504 ibi
1600 3465 1612 3502 ε
1634 3467 1660 3502 α
1688 3449 1749 3504 In
1766 3450 2106 3508 naturalibus
2124 3452 2311 3524 igitur.
2340 3470 2368 3505 »

348 3546 511 3602 Circa
552 3541 795 3616 primum
839 3541 945 3595 tria
987 3537 1139 3594 facit.
1184 3536 1382 3604 Primo,
1426 3535 1665 3619 ostendit
1706 3537 1774 3594 de
1820 3537 2017 3611 quibus
2057 3539 2371 3598 considerat

353 3632 622 3690 naturalis
647 3627 1007 3704 philosophia.
1026 3626 1292 3694 Secundo,
1317 3625 1387 3682 de
1403 3625 1602 3700 quibus
1618 3626 2027 3694 mathematica,
2053 3628 2127 3683 ibi
2156 3644 2169 3682 ε
2194 3648 2221 3680 α
2249 3629 2371 3686 Ma-

361 3719 675 3778 thematica.
731 3737 756 3770 >³
801 3717 986 3773 Tertio
1029 3716 1096 3772 de
1139 3713 1338 3788 quibus
1375 3714 1687 3771 considerat
1715 3714 1898 3771 divina
1940 3714 2188 3782 scientia,
2230 3716 2307 3772 ibi
2350 3733 2367 3775 z

361 3831 388 3862 α
420 3809 714 3880 Theologia
757 3811 959 3863 autem.
1009 3823 1036 3857 n
1066 3803 1213 3860 Dicit
1255 3818 1384 3874 ergo
1416 3819 1430 3857 ε
1463 3802 1817 3858 Benedictum
1856 3809 1959 3867 est,
1994 3803 2137 3874 quod
2168 3820 2371 3863 unum-

363 3899 614 3971 quodque
647 3902 706 3952 ut
743 3903 848 3966 est,
883 3894 964 3951 ita
992 3893 1060 3950 de
1084 3907 1150 3950 eo
1178 3890 1339 3948 debet
1363 3891 1505 3947 fides
1532 3890 1655 3963 capi
1684 3909 1698 3944 ε
1740 3910 1767 3944 α
1797 3891 1935 3947 Nam
1968 3906 2091 3948 cum
2122 3897 2233 3951 tres
2260 3896 2371 3953 sint
