2800 4492
563 305 648 370 80
1041 320 1095 370 s.
1140 317 1373 367 mom
1414 315 1739 369 sommi-ns
1780 315 2092 366 opuscumt

566 438 682 494 tiva
709 436 1047 502 continetur-3
1074 449 1202 511 cum
1227 432 1398 506 igitur
1423 433 1757 490 mentionem
1789 433 1859 490 de
1891 449 1959 490 ea
1998 447 2108 490 non
2134 431 2326 503 faciat,
2357 432 2584 494 videtur

567 527 764 584 divisio
812 524 1163 582 insufficiens.

638 620 690 671 3.
722 617 878 682 Item,
907 613 1266 670 communiter
1292 611 1557 670 dividitur
1579 611 1922 686 philosophia
1950 613 2007 669 in
2030 619 2240 686 septem
2264 620 2415 672 artes
2439 615 2587 672 libe-

567 705 728 772 rales,
753 705 894 760 inter
928 717 1068 776 quas
1105 718 1281 775 neque
1321 701 1611 770 naturaliS,
1639 718 1817 775 neque
1857 701 2045 760 divina
2084 703 2457 774 continentur,
2483 705 2587 760 sed

569 793 688 850 sola
735 793 1050 858 rationali3‚
1093 801 1149 848 et
1192 791 1612 860 mathematica3
1650 805 1782 862 ergo
1822 791 2093 849 naturalis
2136 797 2193 848 et
2232 791 2424 850 divina
2474 809 2585 850 non

568 882 874 938 debuerunt
900 881 1023 954 poni
1053 884 1238 954 partes
1263 879 1637 952 speculativae.

638 972 691 1025 4.
720 972 877 1035 Item,
910 970 1142 1027 scientia
1175 968 1463 1026 medicinae
1506 967 1744 1024 maxime
1780 968 1998 1025 videtur
2026 983 2147 1025 esse
2190 970 2497 1042 operativa,
2529 977 2587 1026 et

570 1066 752 1116 tamen
776 1063 834 1115 in
857 1075 922 1117 ea
949 1061 1176 1133 ponitur.
1195 1074 1304 1114 una
1336 1073 1465 1131 pars
1501 1056 1859 1130 speculativa,
1890 1065 1947 1113 et
1985 1056 2095 1114 alia
2134 1059 2381 1130 practica
2406 1075 2421 1127 ;
2450 1074 2586 1130 ergo

573 1148 763 1205 eadem
788 1149 1079 1205 rationein
1103 1147 1353 1204 omnibus
1383 1146 1505 1202 aliis
1532 1147 1779 1202 scientiis
1806 1146 2105 1218 operativis
2129 1147 2313 1219 aliqua
2338 1163 2469 1220 pars
2496 1156 2585 1204 est

577 1236 934 1307 speculativa,
965 1244 1021 1293 et
1051 1236 1128 1292 ita
1158 1235 1345 1291 debuit
1371 1234 1427 1290 in
1454 1234 1558 1290 hac
1587 1234 1853 1290 divisione
1878 1233 1995 1289 fieri
2031 1235 2238 1290 mentio
2278 1237 2347 1291 de
2372 1235 2581 1302 ethica,

575 1325 692 1382 sive
721 1325 1199 1398 morali,quamvis
1223 1325 1296 1380 sit
1324 1323 1505 1382 activa
1525 1330 1746 1396 propter
1774 1328 1986 1395 partem
2011 1323 2130 1394 ejus
2158 1322 2582 1394 speculativam.

643 1415 697 1469 5.
727 1415 886 1486 Item,
919 1415 1150 1475 scientia
1197 1411 1483 1470 medicinae
1511 1411 1764 1484 quaedam
1810 1426 1936 1483 pars
1988 1409 2343 1484 philosophiae
2388 1420 2494 1481 est,
2528 1419 2586 1468 et

569 1509 699 1558 sunt
727 1503 981 1576 quaedam
1003 1503 1126 1559 aliae
1147 1509 1294 1558 artes
1321 1517 1449 1574 quae
1472 1501 1728 1556 dicuntur
1757 1498 2108 1564 mechanicae,
2144 1507 2204 1555 ut
2246 1501 2481 1558 scientia
2516 1502 2585 1558 de

571 1592 926 1665 agricultura,
951 1598 1006 1648 et
1035 1590 1328 1658 alchimiae,
1349 1596 1404 1645 et
1434 1587 1764 1660 hujusmodi.
1786 1589 1921 1646 Cum
1949 1589 2116 1660 igitur
2138 1589 2263 1648 istae
2288 1598 2416 1647 sunt
2448 1606 2586 1664 ope-

572 1683 786 1748 rativae,
816 1697 924 1737 non
950 1680 1168 1737 videtur
1196 1676 1345 1750 quod
1391 1677 1642 1734 debuerit
1668 1677 1934 1734 naturalis
1962 1677 2209 1736 absolute
2248 1680 2353 1738 sub
2378 1697 2587 1754 specu-

573 1769 742 1827 lativa
767 1770 914 1841 poni.

645 1863 696 1914 6.
745 1859 902 1925 Item,
949 1861 1124 1912 totum
1161 1870 1268 1911 non
1307 1855 1472 1912 debet
1512 1851 1685 1912 dividi
1726 1860 1917 1912 contra
1958 1862 2193 1928 partem,
2238 1857 2333 1912 sed
2392 1859 2585 1918 divina

573 1945 802 2004 scientia
829 1944 1043 2000 videtur
1071 1958 1192 2000 esse
1215 1949 1277 2000 ut
1305 1950 1483 2001 totum
1511 1947 1762 2016 respectu
1788 1942 2029 2015 physicae
2067 1952 2123 2001 et
2150 1945 2580 2016 mathematicae,

573 2051 699 2093 cum
723 2033 967 2105 subjecta
1007 2032 1222 2090 illarum
1247 2033 1358 2088 sint
1379 2039 1567 2105 partes
1613 2031 1759 2088 illius
1803 2029 2068 2098 scientiae,
2098 2033 2309 2090 scilicet
2354 2035 2581 2105 divinae,

575 2126 730 2196 cujus
758 2121 1062 2194 subjectum
1085 2127 1170 2177 est
1193 2137 1307 2189 ens,
1333 2123 1419 2192 cuj
1430 2137 1493 2176 us
1530 2135 1656 2193 pars
1684 2126 1769 2176 est
1792 2119 2101 2178 substantia
2146 2121 2383 2190 mobilis,
2412 2141 2586 2198 quam

573 2212 883 2268 considerat
911 2209 1195 2277 natm-alie,
1223 2218 1279 2267 et
1315 2209 1567 2266 similiter
1610 2209 1892 2282 quantitas
1920 2225 2087 2281 quam
2110 2210 2425 2270 considerat
2458 2229 2586 2272 ma-

576 2301 922 2368 thematicuS,
949 2307 1010 2356 ut
1031 2307 1184 2373 patet
1213 2314 1280 2356 ιιι
1307 2299 1471 2368 Met.;
1499 2312 1627 2370 ergo
1656 2296 1889 2356 scientia
1911 2299 2100 2358 divina
2134 2315 2245 2358 non
2284 2301 2452 2360 debet
2495 2304 2591 2361 di-

575 2390 689 2448 vidi
717 2399 908 2448 contra
936 2388 1240 2446 naturalem
1267 2396 1323 2445 et
1352 2387 1817 2444 mathematicam.

641 2481 698 2536 7.
726 2480 883 2547 Item,
913 2479 1160 2536 scientiae
1186 2476 1507 2534 dividuntur
1528 2477 1673 2532 sicut
1700 2492 1807 2543 ree,
1836 2484 1898 2533 ut
1922 2477 2127 2535 dicitur
2150 2494 2218 2537 111
2242 2481 2313 2538 de
2334 2481 2539 2539 Anima
2570 2497 2584 2540 ε

573 2567 670 2623 sed
707 2565 1045 2639 philosophia
1087 2571 1172 2622 est
1215 2565 1283 2620 de
1326 2570 1471 2630 ente,
1508 2569 1592 2619 est
1638 2565 1782 2619 enim
1834 2565 2074 2636 cognitio
2120 2567 2281 2634 entiS,
2333 2577 2397 2626 ut
2448 2571 2589 2628 dicit
2639 2617 2652 2627 ,
2753 2586 2754 2602 ¹

573 2657 773 2728 Diony.
806 2657 861 2709 in
888 2655 1130 2726 Epistola
1159 2653 1228 2707 ad
1255 2651 1635 2722 Polycarpum.
1658 2653 1795 2708 Cum
1822 2669 1951 2724 ergo
1978 2669 2073 2708 ens
2098 2655 2272 2727 primo
2299 2653 2587 2715 dividatur

574 2745 627 2798 in
656 2743 960 2815 potentiam
987 2747 1044 2796 et
1071 2745 1254 2795 actum
1281 2755 1374 2811 per
1399 2755 1567 2796 unum
1592 2745 1648 2795 et
1669 2740 1862 2810 multa,
1880 2757 1977 2812 per
2003 2741 2370 2800 substantiam
2397 2753 2454 2802 et
2484 2763 2585 2804 ac-

573 2830 781 2895 cidens,
814 2828 1030 2886 videtur
1061 2827 1206 2901 quod
1246 2842 1340 2899 per
1369 2826 1678 2899 hujusmodi
1708 2828 1971 2888 deberent
2008 2838 2193 2902 partes
2221 2833 2585 2909 philosophiae

575 2915 858 2988 distingui.
2254 2929 2259 2934 ·

645 3011 698 3062 8.
730 3006 886 3072 Item,
918 3003 1106 3061 multae
1156 3002 1280 3060 aliae
1317 3003 1615 3061 divisiones
1662 3010 1791 3060 sunt
1831 3005 2061 3074 entium,
2093 3007 2163 3063 de
2208 3008 2411 3080 quibus
2455 3018 2587 3068 sunt

574 3093 820 3152 scientiae
870 3092 1044 3164 magis
1089 3091 1410 3149 essentiales
1447 3107 1613 3164 quam
1651 3091 1760 3150 illae
1805 3109 1900 3165 per
1940 3093 2139 3151 mobile
2176 3104 2232 3152 et
2279 3097 2584 3168 immobile,

577 3199 672 3256 per
703 3183 1040 3239 abstractum
1067 3186 1121 3236 et
1141 3196 1250 3236 non
1270 3180 1627 3248 abstractum,
1661 3187 1854 3253 utpote⁴
1878 3198 1975 3255 per
2012 3198 2357 3256 corporeum,
2387 3192 2445 3243 et
2494 3189 2587 3244 in-

579 3285 918 3343 corporeum,
969 3269 1269 3326 animatum
1313 3275 1370 3326 et
1410 3269 1789 3338 inanimatum,
1830 3275 1887 3327 et
1930 3271 2040 3328 alia
2072 3272 2421 3345 hujusmodi;
2450 3293 2586 3349 ergo

579 3359 776 3416 divisio
819 3357 1058 3431 partium
1096 3357 1452 3431 philosophiae
1488 3358 1662 3430 magis
1702 3358 1865 3417 debet
1910 3359 2087 3433 accipi
2132 3378 2229 3436 per
2268 3362 2589 3436 hujusmodi

579 3447 933 3516 differentiae,
967 3461 1132 3521 quam
1159 3463 1254 3520 per
1281 3447 1403 3504 illas
1432 3463 1557 3522 quae
1582 3447 1673 3504 hic
1698 3453 2015 3521 tanguntur.

648 3543 702 3596 9.
731 3539 890 3606 Item,
919 3536 1010 3594 illa
1033 3537 1283 3604 scientia,
1316 3553 1348 3594 a
1371 3553 1483 3610 qua
1506 3537 1630 3594 aliae
1652 3543 2051 3612 supponuntur,
2077 3538 2245 3600 debet
2280 3556 2404 3600 esse
2432 3544 2591 3616 prior

578 3628 660 3686 eis
692 3645 706 3683 ε
731 3627 828 3684 sed
856 3641 1045 3684 omnes
1067 3626 1190 3684 aliae
1213 3627 1458 3683 scientiae
1485 3634 1861 3700 supponuntur
1887 3642 1920 3684 a
1950 3628 2185 3686 scientia
2217 3628 2423 3698 divina,
2453 3635 2593 3706 quia

577 3718 694 3789 ejus
719 3721 803 3773 est
827 3715 1056 3789 probare
1085 3714 1352 3788 principia
1377 3713 1637 3784 aliarum3
1657 3729 1787 3786 ergo
1811 3714 2002 3772 debuit
2025 3717 2313 3776 scientiam
2341 3719 2594 3779 divinam

579 3805 701 3862 aliis
743 3804 1129 3877 praeordinare.
1634 3872 1636 3876 Ι

649 3897 737 3952 lo.
763 3895 920 3964 Item,
947 3890 1338 3952 mathematica
1385 3889 1533 3962 prior
1572 3889 1815 3950 occurrit
1842 3890 2177 3952 addiscenda
2210 3909 2376 3968 quam
2422 3903 2597 3957 natu-
